3992 6462
308 288 416 346 573

1589 292 1956 350 VARIARUM
1996 293 2197 352 LIBER
2233 297 2296 354 l‘l.

3486 309 3592 365 574

310 404 463 460 sonis
491 401 722 459 efficitur
747 404 962 475 quidam
985 407 1332 465 suavissimus
1360 409 1576 474 chorus,
1628 409 1716 463 illa
1747 418 1902 464 acuta
1929 413 1979 472 Α
2078 417 2313 494 mannis,-
2346 425 2449 471 tam
2479 419 2998 494 suadct‘clcmentiam
3013 438 3137 494 erga
3156 423 3273 478 illos
3303 425 3388 492 qui
3418 422 3594 481 Italiae

310 494 478 548 nimia
510 495 775 564 tensione,
819 495 921 552 ista
951 498 1128 566 gravis
1170 499 1348 569 aliqua
1374 499 1618 569 laxitate,
1649 502 1762 556 hsce
1792 515 1904 558 mc-

308 590 402 646 dia
434 598 586 659 tergo
615 590 965 646 blandissime
999 600 1338 662 temperato;
1392 601 1450 649 ut
1479 595 1724 650 homines
1751 610 1810 650 se
1836 593 1904 649 ad

309 691 519 740 tantam
545 683 841 754 perducere
871 700 978 739 non
1009 686 1338 755 przevaleant
1357 687 1638 752 unitatem,
1663 687 1715 742 in
1740 703 1906 758 quan-

309 785 422 832 tam
449 777 516 833 ad
541 778 796 834 socialem
823 781 1255 836 convenientiam
1283 783 1493 838 ratione
1518 782 1756 839 carentia
1778 798 1904 852 per-

307 876 596 924 venerunt.
643 868 721 925 Ibi
767 871 910 926 enim
948 872 1206 942 quidquid
1253 875 1601 943 excellenter,
1642 873 1903 944 quidquid

307 961 696 1032 ponderatim,
743 963 1000 1045 quidquid
1047 981 1245 1032 rauce,
1290 967 1550 1036 quidquid
1593 968 1898 1037 purissime,

309 1054 554 1125 aliasque
591 1055 875 1112 distantias
920 1067 1096 1122 sonat,
1140 1060 1294 1129 quasi
1339 1060 1392 1114 in
1434 1076 1598 1115 unum
1649 1069 1902 1116 ornatum

308 1155 524 1200 constat
565 1160 686 1202 esse
709 1147 1017 1203 collectum.
1063 1148 1128 1204 Et
1176 1159 1234 1205 ut
1282 1150 1527 1206 diadema
1548 1151 1900 1217 oculisvaria

308 1237 432 1293 luce
461 1253 816 1308 gemmarum,
843 1241 919 1296 sic
949 1241 1156 1297 cithara
1185 1242 1500 1298 diversitate
1540 1243 1658 1298 soni
1685 1244 1899 1299 blandi-

308 1335 401 1383 tur
428 1330 652 1385 auditui.
702 1330 970 1387 Musarum
1001 1333 1108 1388 tela
1139 1333 1356 1405 loquax,
1395 1335 1623 1390 stamina
1648 1335 1896 1406 verbosa,

311 1421 403 1476 fila
430 1423 698 1489 canentia,
724 1424 778 1479 in
799 1425 993 1495 quibus
1021 1434 1212 1496 arguto
1234 1427 1443 1498 plectro
1493 1429 1713 1497 texitur,
1757 1427 1902 1499 quod

311 1513 546 1569 dulciter
584 1515 849 1571 audiatur.
882 1516 1031 1573 Hanc
1076 1519 1236 1586 igitur
1263 1519 1326 1572 ad
1357 1507 1713 1575 imitationem
1740 1521 1902 1576 variae

308 1606 597 1664 testudinis
625 1607 922 1664 Mercurius
968 1609 1163 1664 dicitur
1202 1610 1490 1675 invenisse,
1541 1626 1702 1681 quam
1751 1618 1900 1666 tanta

308 1698 539 1752 utillima
569 1708 953 1769 procurantem
984 1701 1282 1757 astronomi
1312 1702 1452 1758 inter
1497 1702 1682 1758 stellas
1718 1703 1903 1772 requi-

307 1789 537 1844 rendam
581 1805 704 1846 esse
745 1800 1075 1862 putaverunt

309 1893 431 1935 esse
459 1883 740 1950 musicam,
772 1883 990 1953 quando
1019 1884 1145 1956 lyrae
1169 1884 1395 1940 formam
1437 1885 1899 1958 comprehendere

307 1979 604 2040 potuerunt
650 1975 793 2030 inter
822 1975 1001 2029 sidera
1045 1975 1384 2032 collocatam.
1430 1975 1722 2032 Harmonia
1767 1992 1898 2033 vero

301 2063 432 2120 οωιί
477 2064 716 2120 humano
743 2081 993 2121 sermone
1021 2067 1215 2123 idonee
1247 2085 1353 2124 non
1390 2076 1572 2140 potest
1617 2070 1898 2140 explicari,

299 2167 470 2223 quam
499 2154 640 2210 ratio
669 2163 878 2211 tantum
909 2157 1089 2213 animo
1117 2158 1283 2224 dedit,
1334 2159 1429 2215 sed
1459 2160 1678 2216 auribus
1704 2170 1897 2216 natura

302 2260 417 2301 non
441 2247 695 2316 prodidit.
729 2249 926 2305 Dicunt
953 2253 1096 2307 enim
1125 2252 1324 2308 debere
1345 2253 1512 2320 credi,
1536 2261 1595 2308 ut
1620 2254 1897 2310 beatitudo

303 2337 545 2394 cmlestis
593 2339 736 2397 illius
771 2337 1222 2399 oblectationibus
1264 2344 1592 2414 perfruatur,
1635 2360 1754 2416 qua:
1793 2362 1898 2403 nec

302 2429 414 2484 fine
441 2429 640 2500 deficit,
681 2447 782 2488 nec
829 2433 1007 2504 aliqua
1056 2436 1454 2493 intermissione
1501 2440 1802 2494 marcescit.
1836 2438 1895 2494 In

300 2519 426 2591 ipso
470 2523 670 2594 quippe
717 2525 994 2582 intellectu
1041 2527 1288 2585 habitare
1347 2529 1588 2586 referunt
1637 2548 1893 2604 superna,

301 2609 436 2681 ipsis
463 2613 667 2671 deliciis
695 2618 935 2673 cmlestia
963 2621 1185 2690 perfrui,
1235 2630 1292 2676 et
1339 2624 1533 2678 talibus
1562 2626 1896 2696 contempla-

302 2702 541 2760 tionibus
589 2705 906 2763 inhaerentia
955 2711 1130 2766 beatis
1194 2713 1397 2781 jugiter
1441 2715 1894 2774 delectationibus

300 2797 594 2852 contineri.
626 2797 772 2855 Bene
802 2800 1018 2870 quidem
1050 2803 1316 2869 arbitrati,
1341 2804 1384 2857 si
1412 2818 1631 2858 causam
1655 2805 1894 2861 caelestis

298 2884 654 2943 beatitudinis
675 2904 783 2944 non
808 2890 864 2944 in
891 2893 1058 2956 sonis,
1079 2892 1174 2946 sed
1204 2894 1258 2946 in
1274 2892 1534 2950 Creatore
1559 2896 1892 2965 posuissent:

296 2978 394 3034 ubi
421 2981 687 3036 veraciter
713 2982 831 3038 sine
855 2981 960 3038 fine
986 2984 1239 3053 gaudium
1269 2993 1372 3054 est,
1389 2986 1506 3042 sine
1533 2987 1714 3057 aliquo
1735 2988 1894 3046 taedio

296 3087 530 3130 manens
556 3089 770 3145 semper
797 3079 1103 3145 aeternitas;
1148 3088 1203 3135 et
1231 3081 1496 3151 inspectio
1541 3084 1655 3138 sola
1686 3084 1892 3140 Divini-

2079 485 2269 555 ﬁnibas
2298 490 2531 541 exterriti
2557 487 2889 557 celabantur;
2927 485 3130 547 tandem
3165 485 3337 549 monet
3364 511 3418 548 se
3447 493 3593 551 binos

2078 557 2276 628 legatos
2309 575 2423 612 cum
2459 560 2743 614 citharoedo
2777 565 3000 633 expetito
3022 566 3077 618 in
3113 562 3336 620 Galliam
3366 568 3589 625 misisse.
3651 601 3665 610 ι

2076 690 2324 749 Gloriosa
2349 692 2565 764 quidem
2593 702 2790 750 vestra:
2817 696 3032 752 virtutis
3059 697 3324 756 affinitate
3351 700 3378 740 h
3409 710 3592 772 gratu-

2005 783 2199 852 lamur,
2248 783 2394 854 quod
2420 793 2637 855 gentem
2665 785 3000 842 Francorum
3045 789 3224 858 prisca
3264 800 3424 848 aetate
3450 793 3591 849 resi-

2003 878 2146 946 dem,
2175 878 2406 935 feliciter
2433 879 2489 935 in
2515 895 2654 937 nova
2676 881 2862 952 prmlia
2889 880 3226 948 concitastis,
3258 891 3314 939 et
3335 883 3590 942 Alaman-

2002 971 2156 1028 nicos
2183 972 2430 1044 populos,
2481 973 2658 1030 causis
2684 972 2998 1031 fortioribus
3045 973 3352 1040 inclinatos,
3379 977 3592 1033 victrici

2003 1064 2224 1121 dextera
2253 1065 2584 1123 subdidistis.
2617 1067 2726 1122 Sed
2773 1069 3030 1138 quoniam
3077 1083 3296 1139 semper
3324 1068 3380 1123 in
3407 1077 3594 1126 aucto-

2001 1159 2150 1213 ribus
2170 1159 2407 1230 perfidim
2435 1160 2750 1217 resecabili‘s
2775 1161 2993 1218 videtur
3019 1175 3276 1218 excessus
3325 1161 3490 1232 (quia
3539 1170 3595 1218 et

2001 1250 2383 1320 primariorum
2428 1253 2719 1323 plectibilis
2767 1254 2922 1325 culpa
2965 1254 3204 1310 omnium
3257 1254 3418 1310 debet
3471 1269 3592 1310 esse

2002 1340 2304 1412 vindicta),
2336 1350 2517 1398 motus
2544 1352 2756 1402 vestros
2794 1346 2849 1401 in
2879 1345 3050 1402 fessas
3078 1345 3337 1416 reliquias
3383 1353 3595 1418 tempe-

2001 1441 2119 1489 rate
2163 1452 2176 1488 :
2208 1433 2333 1504 quia
2369 1433 2493 1504 jure
2520 1435 2704 1504 gratia:
2747 1446 3025 1493 merentur
3052 1439 3299 1503 evadere,
3333 1433 3494 1510 quos’
3523 1439 3593 1494 ad

2001 1532 2287 1598 parentum
2315 1534 2621 1582 vestrorum
2659 1539 2680 1565 τ’
2709 1528 3080 1584 defensionem
3109 1531 3375 1600 respicitis
3399 1529 3591 1586 confu-

2002 1619 2164 1686 gisse.
2194 1616 2378 1674 Estote
2406 1619 2510 1675 illis
2532 1621 2741 1677 remissi
2768 1621 2936 1695 [mss.,
2957 1620 3256 1693 remissus],
3281 1623 3372 1691 qui
3395 1621 3594 1678 nostris

2002 1707 2194 1764 finibus
2220 1709 2486 1772 :celantur
2514 1711 2756 1766 exterriti
2789 1710 2905 1785 [Gn
2940 1713 3054 1778 Cuj.
3103 1719 3151 1766 et
3188 1710 3379 1778 Forn.,
3412 1723 3592 1768 exter-

1126 1811 1138 1846 :
1188 1794 1578 1863 per-suadentes
1625 1793 1903 1849 ccclestem
1934 1810 1981 1873 Β
2008 1798 2105 1871 ni].
2139 1799 2501 1856 Memorabilis
2530 1801 2828 1872 triumphus
2859 1811 2961 1869 est,
3001 1802 3361 1858 Alamannum
3389 1802 3594 1858 acerri-

2003 1907 2151 1946 mum
2181 1891 2258 1946 sic
2305 1893 2608 1962 expavisse,
2660 1902 2718 1948 ut
2749 1894 2842 1950 tibi
2875 1910 2997 1950 eum
3029 1909 3192 1965 cogas
3219 1895 3286 1949 de
3308 1894 3432 1950 vita:
3475 1909 3594 1949 mu-

2002 2001 2132 2041 nere
2173 1985 2498 2057 supplicare.
2549 1985 2795 2042 Sufficiat
2840 1987 2990 2042 illum
3039 2001 3224 2057 regem
3253 2003 3374 2043 cum
3419 1987 3595 2057 gentis
3673 2013 3692 2026 κ

2001 2091 2111 2132 suae
2140 2077 2392 2148 superbia
2419 2077 2706 2145 cecidisse;
2738 2077 2971 2135 sufficiat
3014 2079 3462 2134 innumerabilem
3504 2093 3596 2133 na-

2002 2179 2202 2233 tionem
2253 2178 2447 2248 partim
2496 2177 2660 2243 ferro,
2706 2178 2902 2249 partim
2955 2179 3176 2234 servitio
3226 2177 3590 2249 subjugatam.

1999 2270 2134 2326 Nam
2163 2271 2210 2327 si
2239 2287 2362 2327 cum
2402 2272 2623 2341 reliquis
2652 2272 2914 2342 conﬂigis,
2961 2272 3136 2329 adhuc
3165 2281 3390 2329 cunctos
3433 2288 3595 2343 supe-

1955 2395 1958 2398 ~
1999 2377 2146 2417 rasse
2170 2378 2277 2417 non
2307 2362 2560 2419 crederis.
2595 2362 2656 2418 In
2685 2363 2882 2420 talibus
2912 2364 3089 2420 causis
3117 2365 3302 2436 accipe
3341 2364 3594 2435 frequen-

1999 2461 2084 2511 ter
2112 2468 2416 2528 expertum.
2446 2456 2540 2512 llla
2563 2458 2708 2529 {mihi
2755 2458 2983 2515 feliciter
3020 2459 3162 2516 bella
3205 2469 3591 2533 provenerunt,

1999 2561 2119 2618 quae
2146 2549 2426 2604 moderato
2457 2547 2562 2605 fine
2591 2559 2806 2620 peracta
2851 2559 2997 2606 sunt.
3027 2550 3077 2608 Is
3119 2553 3262 2606 enim
3290 2551 3458 2606 vincit
3503 2566 3592 2607 as-

1999 2643 2172 2706 sidue,
2204 2643 2295 2713 qui
2323 2643 2472 2698 novit
2499 2644 2678 2698 omnia
2701 2652 3024 2716 temperare,
3056 2645 3181 2700 dum
3202 2644 3437 2715 jucunda
3458 2659 3591 2715 pro-
3685 2689 3689 2692 .

1999 2734 2230 2804 speritas
2259 2734 2364 2788 illis
2393 2733 2572 2803 potius
2598 2735 2893 2806 blanditur,
2925 2735 3017 2805 qui
3062 2736 3379 2791 austeritate
3427 2735 3591 2790 nimia

1999 2843 2110 2884 non
2154 2830 2450 2897 rigescunt.
2502 2828 2648 2885 Cede
2692 2830 2874 2900 itaque
2914 2831 3151 2887 suaviter
3176 2831 3333 2900 genio
3379 2839 3591 2895 nostro,

2000 2919 2144 2991 quod
2174 2921 2274 2978 sibi
2326 2921 2598 2990 gentilitas
2646 2923 2921 2978 communi
2976 2923 3256 2976 remittere
3310 2921 3594 2976 consuevit

2000 3012 2270 3084 exemplo.
2304 3011 2393 3066 Sic
2423 3012 2565 3066 enim
2596 3011 2675 3077 fit,
2710 3023 2770 3067 ut
2798 3021 2854 3068 et
2888 3013 3023 3069 meis
3049 3012 3403 3083 petitionibus
3429 3011 3592 3066 satis-

1998 3103 2192 3160 fecisse
2239 3104 2555 3174 videamini,
2605 3120 2706 3160 nec
2732 3105 2848 3163 sitis
2893 3104 3112 3160 solliciti
3163 3119 3234 3160 ex
3279 3103 3370 3158 illa
3411 3109 3588 3174 parte,

299 3163 434 3217 tatis
460 3162 641 3265 efficit,
675 3174 736 3220 ut
758 3165 968 3224 beatius
990 3184 1110 3268 esse
1140 3171 1212 3225 nil
1254 3173 1442 3241 possit.
1477 3171 1602 3229 Haec
1629 3177 1896 3234 veraciter
1922 3195 1971 3260 ο
2001 3212 2165 3268 quam
2213 3196 2279 3252 ad
2327 3212 2427 3252 nos
2453 3162 2782 3267 οοέηοερίιίε
2813 3198 3110 3268 pertinere.
3157 3162 3431 3263 Quocirca.
3449 3162 3592 3250 salu;

297 3254 699 3322 perennitatem
727 3265 964 3328 praestat,
1014 3258 1132 3314 htcc
1165 3261 1530 3328 jucunditates
1557 3267 1893 3324 accumulat:

297 3352 361 3401 et
385 3345 527 3400 sicut
553 3355 750 3416 praeter
774 3349 946 3418 ipsam
975 3359 1222 3406 creatura
1264 3368 1372 3407 non
1412 3362 1609 3423 exstat,
1661 3356 1735 3410 ita
1779 3358 1896 3415 sine

299 3434 422 3505 ipsa
451 3435 951 3494 incommutabilem
981 3440 1223 3497 laetitiam
1251 3443 1453 3501 habere
1483 3461 1590 3501 non
1616 3449 1892 3518 praevalet.

303 3527 412 3584 Sed
440 3532 694 3599 quoniam
739 3533 896 3588 nobis
947 3535 1088 3591 facta
1137 3544 1221 3592 est
1261 3539 1586 3608 voluptuosa
1630 3543 1896 3610 digressio

307 3621 455 3693 (quia
499 3638 715 3696 semper
758 3635 968 3694 gratum
999 3636 1084 3686 est
1112 3628 1179 3686 de
1208 3631 1457 3686 doctrina
1506 3632 1745 3704 colloqui
1773 3649 1898 3692 eum

305 3715 538 3785 peritis),
567 3718 948 3786 citharoedum,
991 3736 1151 3790 quem
1178 3736 1210 3776 a
1236 3723 1395 3778 nobis
1423 3723 1657 3781 diximus
1702 3736 1894 3797 posta.

306 3807 494 3875 latum,
524 3809 791 3881 sapientia
821 3820 1000 3868 vestra
1028 3813 1193 3881 eligat
1219 3816 1470 3885 praesenti
1510 3825 1755 3888 tempore
1780 3834 1898 3876 me-

304 3901 544 3960 liorem:
579 3905 822 3964 facturus
862 3908 1063 3979 aliquid
1111 3909 1310 3982 Orphei
1336 3951 1351 3977 ,
1399 3928 1522 3969 cum
1567 3916 1712 3971 dulci
1758 3932 1896 3974 sono

305 3998 582 4067 gentilium
611 3999 723 4058 fera
751 4003 914 4058 corda
942 4003 1229 4061 domucrit.
1257 4005 1322 4062 Et
1349 4016 1566 4077 quanta:
1595 4010 1748 4066 nobis
1774 4023 1896 4079 gra-

308 4091 397 4146 tiae
424 4090 622 4149 fuerint
665 4103 802 4150 actae
829 4136 844 4162 ,
891 4103 1056 4152 tantae
1103 4098 1256 4154 vobis
1299 4114 1367 4154 ex
1414 4110 1599 4157 nostra
1645 4103 1897 4174 mquabili

308 4185 752 4254 compensatione
798 4185 1148 4242 referentur:
1193 4189 1284 4258 qui
1331 4199 1387 4246 et
1431 4191 1658 4262 imperio
1709 4201 1895 4250 nostro

305 4276 530 4345 paretis,
558 4284 614 4333 et
640 4277 786 4349 quod
815 4293 911 4336 vos
938 4279 1237 4337 clariﬁcare
1263 4285 1456 4352 possit,
1489 4284 1721 4342 efficitis.

837 4408 1168 4466 EPISTOLA
1206 4409 1340 4465 XLI.

425 4519 618 4562 LUDUIN
651 4514 676 4544 ⁸
713 4521 836 4560 REGI
875 4521 1192 4561 FRANCORUM
1234 4520 1601 4563 THEODOMCUS
1639 4522 1767 4562 REI.

2003 3298 2182 3346 tantes
2220 3292 2428 3346 honore
2455 3300 2512 3345 et
2549 3289 2860 3358 affectione,
2892 3305 2996 3360 qua
3044 3290 3262 3359 dignum
3291 3296 3392 3355 est,
3442 3286 3594 3342 illum
3661 3321 3666 3330 -

2004 3396 2059 3446 et
2111 3389 2258 3445 illum
2314 3390 2522 3459 legatos
2574 3396 2793 3445 nostros
2837 3389 2905 3445 ad
2952 3388 3328 3446 excellentiam
3355 3395 3593 3443 vestram

2002 3490 2262 3538 consueta
2287 3481 2554 3537 charitate
2575 3481 2899 3550 direximus;
2929 3497 3028 3552 per
3061 3497 3200 3552 quos
3221 3489 3278 3537 et
3317 3480 3595 3550 sospitatis

2001 3585 2194 3631 vestrae
2224 3575 2503 3642 indicium,
2536 3583 2592 3630 et
2617 3583 2847 3646 sperata:
2875 3575 3156 3647 petitionis
3197 3588 3595 3646 consequamur

2003 3663 2278 3722 effectum.
2311 3665 2565 3733 Qumdam
2590 3681 2738 3731 vero,
2761 3682 2881 3737 quae
2921 3665 2992 3722 ad
3020 3683 3122 3724 nos
3149 3682 3249 3737 pro
3267 3667 3468 3723 vestris
3488 3665 3594 3722 uti-

2004 3758 2243 3814 litatibus
2285 3743 2672 3830 pervenerunt,
2713 3775 2816 3831 per
2855 3760 3046 3816 barum
3093 3760 3387 3833 portitores
3426 3758 3594 3815 verbo

2001 3860 2157 3915 vobis
2194 3860 2514 3916 insinuanda
2545 3861 2940 3928 commisimus;
2970 3870 3029 3917 ut
3075 3863 3345 3918 cautiores
3391 3860 3590 3925 effecti,

2003 3960 2188 4022 optata
2235 3953 2456 4022 possitis
2504 3953 2728 4008 victoria
2785 3962 3099 4010 constanter
3143 3953 3368 4022 expleri.
3401 3951 3590 4007 Vestra

2003 4043 2266 4113 siquidem
2305 4047 2469 4113 salus,
2521 4054 2706 4102 nostra
2735 4046 2904 4116 gloria
2951 4057 3065 4114 est;
3097 4055 3151 4102 et
3180 4047 3341 4102 toties
3368 4057 3592 4113 regnum

2001 4133 2168 4192 Italia:
2191 4136 2453 4207 proficere
2475 4138 2796 4208 judicamus,
2829 4140 3042 4209 quoties
3069 4138 3136 4194 de
3165 4137 3319 4193 vobis
3349 4139 3467 4192 Irata
3495 4151 3592 4191 co-

1999 4229 2329 4298 gnoscimus.
2353 4228 2723 4286 Citharoedum
2754 4231 2918 4285 etiam
2961 4237 3079 4286 arte
3123 4245 3220 4286 sua
3249 4229 3468 4285 doctum
3497 4243 3594 4299 pa-

2004 4322 2139 4378 riter
2161 4321 2548 4378 destinavimus
2587 4323 2904 4393 expetitum,
2953 4324 3047 4392 qui
3095 4337 3193 4378 ore
3238 4321 3598 4393 manibusque

2006 4428 2247 4469 consona
2271 4428 2407 4469 voce
2434 4414 2702 4469 cantando
2731 4411 2780 4480 ά,
2836 4414 3062 4483 gloriam
3089 4421 3284 4471 vestra:
3300 4411 3596 4490 potestatis

2008 4506 2266 4562 oblectet.
2301 4506 2472 4574 Quem
2502 4506 2627 4562 ideo
2656 4508 2773 4563 fore
2793 4507 3066 4564 credimus
3093 4515 3325 4580 gratum,
3358 4507 3484 4578 quia
3527 4505 3596 4562 ad

307 4593 617 4653 Gratatatar
658 4596 929 4654 Ctodovceo
989 4599 1054 4653 de
1107 4599 1321 4653 victoria
1367 4607 1630 4670 reportata
1675 4616 1742 4654 ea:
1781 4599 1902 4654 Ata-
1929 4587 1979 4648 D
2004 4615 2103 4656 vos
2131 4615 2254 4656 eum
2278 4600 2562 4670 judicastis
2590 4615 2919 4673 magnopere
2947 4601 3305 4675 dirigendum.

383 4785 408 4812 ⁸
435 4773 526 4831 Sic
554 4773 763 4831 Luduin
789 4776 986 4832 dicitur
1019 4773 1156 4829 infra
1187 4774 1281 4829 lib.
1313 4789 1394 4841 ut,
1420 4775 1597 4844 epist.
1626 4773 1679 4838 tl,
1706 4773 1800 4844 qui
1843 4781 1900 4831 et

303 4844 645 4902 Clodovaaus.
674 4846 810 4902 Vide
854 4846 1145 4900 Baronium
1193 4854 1328 4901 tom.
1363 4843 1432 4900 Vl
1473 4843 1667 4900 Annal.
1699 4843 1766 4900 ad
1806 4861 1896 4900 an.

305 4918 408 4975 Ch.
433 4915 557 4982 499,
588 4917 689 4990 sub
714 4934 834 4990 cap.
865 4919 954 4983 27,
979 4931 1100 4988 pag.
1133 4915 1253 4972 594.
1288 4916 1391 4990 Qui
1421 4925 1586 4990 putat_
1614 4917 1754 4973 hanc
1779 4917 1898 4990 epi-

303 4990 501 5060 stolam
530 4988 692 5060 fuisse
713 4986 1142 5060 scriptam'anno
1164 5004 1324 5059 supra
1349 4989 1534 5060 citato.
1560 4986 1680 5043 Jun.

379 5059 609 5125 Luduin,
643 5059 694 5115 id
721 5058 1150 5128 est—Clodovtco,
1187 5058 1313 5128 quia
1355 5058 1659 5115 Ludovicus
1681 5058 1901 5115 diccba-

309 5135 416 5197 tur,
447 5131 623 5200 inquit
670 5129 964 5186 Hermann.
995 5130 1323 5187 Contractus
1368 5131 1422 5185 in
1476 5130 1747 5185 Chronico
1783 5149 1795 5184 :
1846 5139 1902 5185 et

306 5201 384 5271 ait
406 5199 685 5257 victoriam
709 5201 1152 5269 Alemannorum,
1182 5216 1346 5271 quam
1369 5201 1456 5256 hic
1475 5202 1690 5256 nuntiat
1715 5199 1895 5258 Theo-

305 5270 550 5344 doricas,
579 5274 723 5344 circa
753 5289 958 5328 annum
988 5272 1188 5344 Christi
1201 5270 1344 5340 7508,
1395 5271 1738 5344 tinastasiani
1768 5287 1902 5327 vero

306 5341 542 5418 imperii
571 5343 662 5416 18,
710 5345 1026 5417 contigisse,
1071 5342 1253 5402 Felice
1300 5351 1357 5401 et
1402 5342 1709 5402 Secundino
1755 5355 1898 5398 coss.

2004 4774 2137 4849 [tege
2164 4775 2432 4832 Venantio
2460 4773 2680 4831 Juniore
2701 4782 2755 4831 et
2781 4775 2972 4834 Celere
3000 4776 3189 4850 coss.].
3214 4775 3452 4835 FOINER.

2078 4849 2105 4886 δ
2134 4847 2265 4901 Nam
2307 4844 2692 4902 Theodericus.
2725 4855 2784 4901 ut
2830 4850 2981 4902 regni
3022 4852 3102 4902 sui
3130 4851 3273 4902 vires
3312 4847 3486 4902 stabili

2005 4844 2023 4849 ⁷
2076 4844 2105 4886 ἱ)
2134 4847 2265 4901 Nam
2307 4844 2692 4913 Theodericus,
2725 4855 2784 4901 ut
2830 4850 2981 4918 regni
3022 4852 3102 4906 sui
3130 4844 3273 4904 vires
3312 4847 3596 4915 stabiliret,

2005 4918 2375 4991 Adelphedam
2399 4933 2649 4991 sororem
2661 4917 3032 4991 _Francorum
3078 4922 3193 4991 regi
3223 4919 3592 4990 copulaverat.

2005 4989 2289 5072 Matth'mus
2303 4988 2632 5072 Ealmerius.
2660 4988 2827 5045 Fons.
3009 5061 3062 5072 Ν
3119 4988 3164 5072 θ’
3261 5059 3273 5072 ,
3294 4988 3326 5071 "_
3503 5063 3515 5072 _
3555 5056 3568 5068 ν

2083 5073 2104 5100 ο
2137 5058 2956 5148 Narn'Theod‘oricusnsororc'm
3005 5059 3276 5118 Clodovaai
3313 5059 3369 5115 in
3411 5058 3600 5113 matri-

2007 5133 2192 5188 monio
2217 5130 2423 5186 habuit.
2456 5130 2618 5198 Greg.
2655 5131 2858 5186 Turon.
2891 5131 3058 5188 Fomv.

2079 5203 2106 5241 ά
2135 5203 2267 5272 lude
2300 5201 2699 5272 loquacissimze
2735 5218 2928 5259 manus
2955 5204 3133 5268 dictm,
3164 5207 3221 5256 et
3242 5198 3472 5272 linguosi
3516 5197 3602 5254 di-

2008 5243 2701 5348 είιί.”ἱὲιῗῖα”ὢῗῖξῗὲίὶἷὲῐ
2731 5243 2940 5333 ιῖιῖίὶὶἰὶ
2955 5243 3230 5331 ῒιῖιῖὲἑιῖεῇ

1706 5542 2158 5575 -η--ιι-υ-
2196 5552 2205 5577 ι
