4018 6348
460 336 568 400 5‘75

1684 323 1733 379 Μ
1742 367 1755 380 .
1797 317 2075 378 AURELII
2114 313 2511 374 CASSIODORI

1486 506 1493 509 ’
1638 515 1993 602 LIBER
2068 508 2611 594 TERTIUS.
2697 445 2726 457 ’

1985 652 2208 669 ψ

852 716 959 789 ω
987 708 1319 770 EPISTOLA
1356 704 1569 762 PRIMA
1600 713 1649 759 ιι.

556 826 777 868 Αωιιῐεο
816 826 939 866 REGI
978 819 1370 863 νιειαοτιιοιιωι
1407 809 1775 856 THEODORICUS
1812 809 1940 849 REI.

458 904 656 971 Monet,
689 923 752 958 ne
778 907 832 958 in
861 901 1188 956 multitudine
1219 904 1488 971 parentum
1530 891 1780 971 conﬁdat,
1814 885 2043 971 ncolae!-

527 958 763 1046 ἠ’σὶ
793 975 1120 1027 Francorum
1144 958 1362 1031 indicat,
1396 958 1777 1046 doneeteiyatos
1801 958 2044 1046 ad‘illum

527 1030 739 1116 dirigat],
761 1047 846 1115 qui
873 1045 1013 1116 litem
1043 1044 1178 1116 inter
1197 1055 1283 1092 eos
1307 1030 1500 1116 "totam
1529 1030 1806 1116 dirimunt;
1836 1040 1887 1116 et
1911 1030 2044 1116 hanc

529 1117 589 1172 ob
622 1100 803 1170 ἔειπ’έί
852 1114 1007 1167 mittit
1036 1112 1249 1180 legatos,
1282 1110 1367 1179 qui
1397 1108 1555 1160 etiam
1584 1100 1948 1158 Cundibadum
1997 1106 2049 1152 ct

529 1188 661 1241 alios
690 1202 830 1256 reges
859 1183 1182 1238 conveniant.

530 1279 786 1347 Quamvis
836 1276 1137 1333 fortitudini
1182 1280 1376 1329 vestra:
1425 1268 1808 1327 conﬁdentiam
1850 1265 2052 1321 tribuat

458 1379 741 1441 parentum
757 1378 1059 1423 vestrorum
1090 1363 1498 1421 innumerabilis
1518 1360 1826 1424 multitudo,
1860 1372 2051 1428 quam-

458 1465 539 1521 vis
585 1464 804 1518 Attilam
848 1470 1125 1531 potentcm
1180 1457 1601 1515 reminiscamini
1650 1455 2049 1524 Visigothorum

459 1558 659 1613 viribus
690 1556 1001 1611 inclinatum
1030 1574 1041 1607 :
1077 1563 1257 1608 tamen
1295 1552 1422 1623 quia
1475 1550 1798 1619 populorum
1848 1547 2048 1604 ferocia

459 1653 618 1708 corda
642 1652 801 1720 longa
827 1664 962 1720 pace
990 1648 1331 1711 mollescunt,
1365 1652 1553 1701 cavete
1581 1644 1761 1698 subito
1784 1644 1837 1697 in
1874 1642 2049 1697 aleam

459 1745 673 1799 mittere
702 1757 839 1812 quos
869 1747 1086 1796 constat
1109 1739 1273 1793 tantis
1304 1737 1637 1807 temporibus
1665 1734 1925 1791 exercitia
1944 1748 2053 1787 non

459 1836 677 1890 habere.
712 1832 991 1888 Terribilis
1020 1838 1100 1889 est
1152 1829 1461 1885 hominibus
1512 1828 1818 1895 conflictus,
1849 1825 1894 1880 si
1944 1840 2051 1878 non

458 1927 527 1982 sit
553 1926 827 1991 assiduus;
873 1933 927 1979 et
975 1924 1079 1979 nisi
1126 1939 1229 1978 usu
1270 1928 1649 1993 prtesumatur,
1707 1916 2051 1975 concertandi

458 2019 634 2073 subito
659 2016 851 2072 ﬁducia
878 2032 986 2071 non
1012 2016 1260 2071 habetur.
1289 2014 1444 2069 Absit
1467 2022 1525 2068 ut
1548 2012 1703 2067 vobis
1734 2010 1937 2079 aliquid
1968 2010 2053 2063 iu-

458 2109 693 2179 dignatio
724 2124 867 2164 cmca
896 2108 1172 2177 surripiat.
1201 2106 1503 2161 Moderatio
1534 2104 1760 2175 provida
1789 2112 1890 2168 est,
1935 2117 2053 2173 qua:

464 2209 651 2269 gentes
679 2206 878 2254 servat.
908 2198 1081 2253 Furor
1101 2205 1280 2252 autem
1302 2196 1555 2252 instantia
1584 2197 1899 2266 plerumque
1919 2211 2057 2265 prae-

473 2290 679 2359 cipitat,
703 2296 759 2343 et
782 2298 908 2343 tunc
934 2288 1067 2342 utile
1097 2288 1273 2342 solum
1303 2294 1384 2341 est
1422 2286 1490 2341 ad
1515 2301 1660 2340 arma
1705 2302 2054 2355 concurrere,

462 2396 584 2435 cum
614 2381 791 2434 locum
820 2377 959 2448 apud
983 2378 1349 2433 adversarium
1374 2376 1582 2447 justitia
1620 2393 1727 2432 non
1760 2385 1940 2447 potest
1976 2378 2059 2434 in-

460 2470 668 2525 venire.
697 2469 1038 2539 Quapropter
1066 2469 1347 2534 sustinete,
1399 2468 1575 2525 donec
1604 2468 1673 2523 ad
1721 2469 2053 2525 Francorum

463 2574 645 2630 regem
684 2561 891 2629 legatos
935 2568 1150 2616 nostros
1180 2560 1413 2632 dirigere
1454 2560 1769 2629 debeamus,
1819 2569 1879 2615 ut
1908 2561 2058 2615 litem

464 2660 699 2708 vestram
728 2652 1026 2708 amicorum
1066 2652 1301 2708 debeant
1340 2660 1619 2723 amputare
1662 2650 1882 2721 judicia.
1913 2650 2060 2706 Inter

469 2743 604 2798 duos
627 2743 770 2798 enim
801 2743 956 2798 nobis
1002 2742 1262 2797 affinitate
1300 2742 1623 2813 conjunctos
1666 2758 1776 2797 non
1807 2750 2059 2812 optamus

466 2834 669 2904 aliquid
700 2836 805 2891 tale
834 2836 971 2903 ﬁeri,
996 2836 1138 2892 unde
1156 2852 1320 2891 unum
1346 2837 1613 2892 minorem
1645 2835 1926 2904 contingat
1946 2835 2057 2889 for-

467 2925 604 2980 sitan
636 2925 883 2981 inveniri.
924 2926 1041 2981 Non
1068 2941 1166 2982 vos
1193 2934 1475 2997 parentum
1525 2925 1674 2981 fusus
1713 2925 1932 2996 sanguis
1976 2925 2059 2980 in-

463 3014 723 3082 flammat,
742 3032 848 3073 non
874 3018 1110 3088 graviter
1138 3017 1247 3072 urit
1266 3023 1532 3087 occupata
1558 3016 1856 3086 provincia,
1883 3015 2058 3071 adhuc

463 3102 531 3159 de
561 3105 736 3161 verbis
766 3121 930 3176 parva
958 3108 1237 3163 contentio
1287 3115 1370 3162 est
1399 3125 1412 3162 :
1440 3105 1696 3161 facillime
1738 3106 2054 3177 transigitis,

463 3194 506 3248 si
535 3210 642 3250 non
674 3211 772 3265 per
794 3211 943 3251 arma
958 3206 1169 3253 vestros
1192 3196 1401 3252 animos
1430 3197 1674 3253 irritetis.
1703 3195 2052 3265 Objiciamus,

464 3288 711 3355 quamvis
738 3295 990 3356 cognato,
1050 3304 1170 3342 cum
1222 3287 1423 3342 nostris
1478 3287 1777 3357 conjuratis
1828 3288 2057 3342 eximias

465 3387 671 3446 gentes.
704 3379 938 3446 Justitia,
970 3394 1089 3449 qua:
1118 3393 1275 3448 reges
1295 3378 1462 3434 efficit
1485 3378 1759 3446 fortiores,
1791 3379 1899 3435 cito
1923 3393 2055 3433 con-

464 3472 630 3526 vertit
657 3474 885 3536 animos,
916 3472 1008 3541 qui
1037 3478 1226 3527 contra
1256 3487 1315 3527 se
1346 3472 1482 3527 tales
1510 3471 1677 3527 sentit
1701 3479 1957 3526 armatos.
1988 3468 2058 3525 Et
2085 3468 2133 3535 C

467 3563 592 3619 ideo
621 3564 960 3619 salutationis
1000 3563 1471 3620 honoriﬁcentiam
1501 3564 1802 3636 prtelocuti,
1850 3564 2057 3633 legatos

467 3664 685 3712 nostros
715 3655 864 3710 illum
885 3663 941 3711 et
969 3655 1117 3711 illum
1146 3655 1213 3711 ad
1235 3671 1333 3712 vos
1370 3656 1640 3720 credimus
1680 3672 1800 3712 esse
1822 3656 2059 3727 dirigen-

468 3749 567 3803 dos
596 3750 724 3816 :qui
746 3746 900 3801 vobis
929 3754 985 3803 et
1025 3746 1280 3803 mandata
1325 3755 1511 3803 nostra
1540 3746 1872 3803 sufﬁcienter
1920 3747 2058 3802 insi-

469 3846 657 3901 nuent,
683 3846 739 3893 et
763 3852 933 3907 usque
961 3836 1029 3891 ad
1056 3836 1278 3893 fratrem
1320 3845 1563 3893 nostrum
1584 3838 1612 3877 ι’
1657 3836 2057 3906 Gundibadum,

468 3929 555 3985 vel
584 3929 718 3984 alios
744 3942 919 3998 reges,
962 3943 1085 3984 cum
1114 3936 1293 3984 vestra
1322 3927 1601 3983 voluntate
1643 3927 2011 3998 deproperent
2041 3945 2057 3983 :

469 4035 539 4075 ne
566 4019 853 4075 videamini
883 4034 1072 4075 eorum
1111 4019 1441 4075 immissione
1480 4019 1753 4085 laborare,
1783 4020 1875 4089 qui
1905 4021 2061 4075 mali-

470 4127 574 4182 gne
603 4111 838 4181 gaudent
865 4113 1043 4168 alieno
1066 4112 1382 4168 certamine.
1402 4111 1663 4167 Avertant
1692 4113 1834 4167 enim
1857 4112 2059 4180 divina,

471 4216 530 4260 ut
554 4219 715 4275 supra
738 4220 834 4260 vos
861 4206 1112 4275 iniquitas
1152 4204 1240 4260 illa
1264 4206 1577 4275 praevaleat.
1606 4204 1905 4261 Commune
1941 4222 2059 4261 ma-

470 4297 601 4359 lum,
624 4305 864 4353 vestrum
884 4297 1188 4365 judicamns
1216 4298 1511 4353 inimicum.
1544 4297 1679 4352 Nam
1708 4299 1798 4354 ille
1829 4314 1915 4354 me
1940 4300 2064 4369 jure

471 4386 755 4442 sustinebit
775 4387 1078 4454 adversum,
1098 4387 1190 4457 qui
1201 4388 1354 4444 vobis
1374 4389 1563 4445 nititur
1592 4404 1713 4446 esse
1724 4393 2057 4448 contrarius.

1044 4521 1376 4579 EPISTOLA
1415 4524 1478 4580 ll.

523 4629 817 4670 GUNDlBADO
853 4629 977 4672 REGI
1014 4631 1420 4673 BURGUNDIONUM
1462 4633 1827 4675 THEODORICUS
1866 4635 1996 4674 REX.

474 4705 672 4762 Snadet
696 4704 1023 4780 Gundibado,
1055 4708 1331 4780 legatisAad
1352 4727 1465 4764 eum
1510 4713 1699 4775 missis,
1734 4712 2064 4767 concordiam

688 4777 953 4832 Alaricum
990 4777 1123 4833 inter
1149 4790 1198 4833 et
1225 4778 1556 4836 Clodovmum
1583 4785 1843 4835 restituat.

544 4891 720 4949 Grave
741 4893 940 4947 malum
967 4894 1211 4950 estinter
1240 4894 1434 4950 charas
1466 4896 1601 4967 lolii,
1633 4895 1810 4967 curas]
1854 4898 2059 4965 regias~

474 5000 577 5055 que
606 5001 887 5056 personas,
930 4986 1230 5042 voluntates
1268 4987 1483 5042 sibimet
1504 4987 1690 5041 videre
1736 4989 2053 5055 contrarias,

475 5086 529 5132 et
553 5078 936 5133 dissimulando
984 5087 1248 5149 spectare,
1297 5086 1356 5131 ut
1383 5077 1452 5131 de
1498 5094 1605 5132 uno
1636 5077 1839 5146 aliquid
1869 5078 2059 5134 dolen-

474 5168 601 5224 dum
630 5170 800 5240 possit
826 5183 1121 5237 emergere.
1153 5168 1272 5223 Non
1308 5168 1424 5223 sine
1469 5168 1667 5224 invidia
1698 5178 1883 5225 nostra
1915 5172 2058 5241 geri-

477 5268 585 5327 tur,
616 5261 661 5316 si
705 5261 862 5316 nobis
906 5260 1229 5332 patientibus
1258 5257 1496 5314 aﬂiuium
1549 5260 1702 5317 clade
1750 5261 2055 5319 dimicetur.

478 5351 700 5407 Habetis
729 5367 917 5408 omnes
946 5366 1042 5422 per
1066 5366 1151 5405 me
1182 5350 1406 5420 pignora
1436 5365 1642 5419 magum
1683 5354 1868 5421 gratia:
1904 5373 1915 5407 :
1949 5371 2061 5411 non

477 5453 559 5500 est
581 5461 718 5500 unus
740 5445 808 5499 ab
836 5444 943 5499 alio
964 5451 1303 5514 segregatus;
1334 5442 1378 5497 si
1409 5443 1535 5512 quid
1563 5445 1616 5498 in
1647 5445 1753 5517 ῆι
1787 5446 1939 5501 vobis
1964 5448 2061 5503 de-

480 5537 739 5607 linquitis,
769 5552 890 5591 meo
913 5535 1147 5604 graviter
1176 5534 1361 5589 dolore
1386 5537 1641 5605 peccatis.
1676 5535 1926 5592 Nostrum
1955 5546 2060 5605 est,

555 5677 579 5705 ι
602 5668 863 5723 Baronius
891 5666 1056 5722 refert
1071 5667 1222 5739 lianc
1253 5668 1535 5739 epistolam
1566 5678 1619 5723 et
1645 5676 1753 5724 tres
1777 5679 2067 5739 sequentes

482 5739 774 5813 etiannum
818 5739 1015 5794 Christi
1068 5736 1193 5806 507,
1242 5746 1388 5793 tonio
1420 5738 1486 5793 Vl
1537 5740 1731 5808 Annal,
1766 5736 1887 5811 pag.
1937 5742 2066 5813 555,

481 5809 611 5867 edit.
639 5810 899 5878 Antncrp.

553 5878 582 5923 ιι
614 5879 1035 5955 Visigotborum,
1066 5879 1157 5951 qui
1200 5880 1543 5953 Aquitaniam
1569 5890 1696 5941 tunc
1722 5883 2062 5946 obtinebant.

2075 699 2123 753 Α
2150 689 2330 759 regios
2349 687 2576 758 juvenes
2605 686 2819 756 objecta
2860 686 3072 742 ratione
3111 684 3384 742 moderari
3415 702 3428 739 :
3460 685 3590 756 quia
3618 685 3746 742 illud

2146 784 2201 838 in
2229 781 2387 838 nobis
2408 781 2547 854 [alii,
2572 780 2626 835 in
2658 777 2830 850 vobis]
2855 795 2982 835 vere
3010 780 3256 835 sentiunt
3292 780 3607 851 displicere,
3656 781 3745 850 qui

2146 876 2274 931 dum
2298 875 2439 929 male
2464 875 2708 944 cupiunt,
2740 872 3022 928 audaciam
3045 889 3155 928 suae
3182 874 3480 929 voluntatis
3510 875 3747 930 retinere

2147 985 2255 1026 non
2285 976 2528 1039 possunt.
2560 968 2862 1024 Vereantur
2907 983 3085 1030 senes,
3122 968 3370 1037 quamvis
3398 968 3509 1023 sint
3560 966 3744 1023 ﬂorida

2149 1068 2311 1115 aetate
2337 1058 2625 1114 ferventes.
2657 1058 2845 1115 Sciant
2872 1075 2972 1115 nos
3002 1060 3341 1116 adversarios
3386 1076 3508 1115 esse
3535 1068 3749 1116 contra:

2150 1150 2435 1207 rietatibus
2465 1151 2595 1217 suis,
2626 1157 2681 1205 et
2720 1151 2850 1205 illud
2880 1151 3020 1206 velle
3066 1151 3342 1221 persequi,
3375 1166 3443 1206 ne
3483 1152 3554 1206 ab
3586 1151 3747 1205 utris-

2152 1260 2256 1315 que
2277 1245 2449 1315 possit
2477 1244 2685 1299 excedi.
2720 1243 2885 1298 Decet
2913 1244 3055 1299 enim
3098 1258 3198 1298 nos
3239 1258 3429 1313 aspera
3457 1243 3630 1298 verba
3670 1242 3747 1297 di-

2153 1351 2299 1403 cere,
2334 1351 2401 1390 ne
2431 1333 2620 1390 afﬁnes
2649 1335 2817 1390 nostri
2841 1335 2907 1389 ad
2938 1343 3238 1389 extremum
3268 1335 3505 1391 debeant
3549 1350 3745 1405 perve«

2156 1428 2296 1483 nire.
2330 1426 2397 1481 Et
2425 1426 2547 1482 ideo
2579 1426 2727 1481 illum
2758 1435 2813 1481 et
2842 1426 2987 1480 illum
3013 1427 3220 1496 legatos
3262 1427 3325 1480 ad
3358 1426 3751 1483 fraternitatem

2158 1526 2307 1573 tuam
2350 1519 2621 1575 credimus
2650 1518 3021 1586 destinandos,
3059 1527 3138 1585 ut,
3170 1518 3216 1572 si
3247 1516 3356 1572 lilio
3388 1528 3583 1574 nostro
3633 1518 3754 1574 Ala-

2157 1612 2271 1668 rico
2297 1612 2472 1667 visum
2503 1610 2685 1676 fuerit,
2716 1611 2784 1666 ad
2822 1626 3003 1681 regem
3046 1610 3377 1667 Francorum
3408 1628 3533 1669 cum
3560 1614 3752 1682 conju-

2157 1704 2290 1759 ratis
2323 1704 2478 1760 nobis
2504 1704 2753 1773 gentibus
2800 1704 3030 1773 dirigere
3075 1703 3369 1759 debeamus
3421 1723 3434 1758 :
3487 1712 3755 1775 quatenus

2158 1812 2320 1853 causa
2343 1811 2461 1866 quae
2493 1797 2637 1852 inter
2666 1812 2761 1853 eos
2790 1797 3039 1859 vertitur,
3072 1795 3258 1851 amicis
3284 1795 3476 1851 mediis
3515 1798 3757 1851 rationa-

2157 1891 2337 1946 biliter
2358 1891 2685 1946 abscidatur.
2719 1889 2982 1946 Convenit
3009 1889 3154 1945 enim
3182 1890 3317 1945 tales
3349 1897 3647 1961 tantosque
3667 1906 3753 1946 re-

2158 1996 2252 2051 ges
2285 1999 2392 2038 non
2423 1984 2561 2037 inter
2588 1999 2648 2039 se
2677 1983 3051 2040 lamentabiles
3099 1984 3246 2040 rixas
3281 1998 3552 2053 quaerere,
3578 1994 3641 2038 ut
3694 1984 3756 2041 de

2082 2078 2133 2142 Β
2158 2073 2268 2127 suis
2294 2081 2349 2128 et
2377 2088 2477 2127 nos
2505 2073 2715 2144 possint
2737 2074 2951 2129 casibus
2978 2074 3239 2129 sauciare.
3273 2072 3624 2145 Quapropter
3644 2074 3755 2129 fra-

2161 2166 2388 2222 ternitas
2418 2175 2619 2231 vestra,
2652 2166 2893 2221 adhibito
2926 2182 3138 2223 mecum
3166 2166 3365 2231 studio,
3398 2181 3590 2221 eorum
3619 2167 3755 2221 nita-

2160 2267 2249 2315 tur
2276 2275 2532 2332 reparare
2561 2260 2907 2317 concordiam
2942 2278 2955 2313 :
2986 2260 3112 2331 quia
3141 2276 3299 2316 nemo
3319 2268 3503 2331 potest
3534 2260 3759 2315 credere

2160 2351 2278 2408 sine
2308 2359 2494 2407 nostro
2524 2358 2654 2407 voto
2684 2350 2806 2406 illos
2829 2350 2896 2406 ad
2937 2351 3051 2407 haec
3079 2351 3262 2421 praelia
3294 2352 3627 2422 pervenisse,
3659 2351 3755 2406 nisi

2164 2445 2385 2501 omnino
2429 2445 2653 2511 clareat,
2705 2459 2772 2500 ne
2817 2444 2886 2500 ad
2931 2443 3244 2500 conflictum
3278 2445 3519 2510 veniant,
3574 2452 3761 2500 nostra

2165 2540 2347 2610 potius
2374 2554 2494 2595 esse
2521 2538 2835 2595 certamina.
2869 2538 3062 2609 Aliqua
3084 2553 3213 2594 vero
3241 2555 3271 2593 a
3298 2538 3646 2609 praesentium
3666 2551 3760 2606 ge-

2166 2635 2297 2695 rulis
2325 2636 2623 2692 litterarum
2647 2650 2900 2691 sermone
2928 2636 3083 2690 vobis
3109 2635 3475 2691 commisimus
3505 2635 3759 2689 intiman-

2163 2730 2263 2797 da;
2296 2730 2455 2786 utsic
2476 2729 2761 2801 prudentia
2789 2737 2968 2785 vestra
2997 2735 3190 2785 cuncta
3222 2737 3538 2800 componat,
3567 2744 3755 2799 quem-

2165 2821 2458 2879 admodum
2499 2822 2800 2888 consuevit,
2848 2822 2959 2876 Deo
3002 2822 3244 2892 juvante,
3292 2821 3578 2893 perﬁcere,
3622 2821 3763 2878 unde

2164 2918 2304 2975 solet
2330 2916 2742 2987 diligentissime
2768 2916 3027 2986 cogitare.
3162 2902 3177 2907 ’

2726 3029 3059 3086 EPISTOLA
3096 3028 3186 3085 lll.

2161 3136 2508 3190 κεηυιοιιωί,
2548 3134 2893 3187 ϐυΑιιΝοιιυκ,
2936 3134 3313 3176 TBORINGORUI
3334 3132 3558 3175 REGIBUS
3596 3134 3765 3176 τπεο·

2772 3228 2993 3268 DORICUS
3029 3228 3158 3267 REX.

2162 3306 2424 3363 Hortatur
2452 3313 2508 3359 ut
2535 3306 2745 3360 mittant
2768 3305 2964 3376 legatos
2984 3320 3229 3376 imarum
3258 3305 3366 3358 suis
3385 3313 3435 3359 et
3464 3302 3766 3376 Quadibadi

2233 3378 2303 3431 ad
2332 3377 2689 3440 Clodovteum;
2742 3383 2797 3428 ut
2822 3374 2912 3428 aut
2939 3375 3317 3444 expeditionem
3352 3377 3407 3429 in
3466 3374 3767 3446 Visigothos

2234 3447 2488 3514 cohibeat,
2512 3456 2560 3500 et
2580 3446 2715 3517 leges
2732 3447 2960 3517 gentium
2983 3454 3181 3514 qurerat
3198 3461 3216 3498 .'
3233 3455 3323 3499 aut
3341 3446 3570 3500 omnium
3583 3462 3769 3516 passa-

2232 3535 2349 3573 rum
2376 3535 2431 3573 se
2453 3521 2692 3571 incursus
2721 3519 2872 3571 sciat.

2231 3611 2551 3683 Superbiam
2576 3610 2851 3665 Divinitati
2877 3625 3091 3681 semper
3114 3624 3335 3666 exesam
3364 3608 3631 3680 persequi
3671 3607 3769 3664 de-

2159 3703 2255 3760 bet
2286 3701 2651 3771 generalitatis
2681 3713 2953 3756 assensus.
2995 3700 3126 3755 Nam
3168 3699 3399 3771 quivult
3437 3699 3770 3770 opinabilem

2161 3801 2379 3863 gentem
2400 3791 2703 3847 voluntaria
2724 3791 3009 3861 iniquitate
3033 3791 3367 3856 subvertere,
3393 3805 3503 3845 non
3530 3789 3772 3861 disponit

2161 3884 2373 3942 ueteris
2399 3876 2545 3954 juSta
2573 3898 2812 3939 servare.
2846 3882 3086 3939 Pessima
3112 3883 3448 3939 consuetudo
3476 3892 3562 3939 est
3586 3883 3771 3954 despi-

2161 3993 2289 4034 cere
2312 3977 2619 4032 veritatem.
2646 3973 2835 4030 Credit
2862 3976 2965 4031 sibi
2992 3976 3171 4031 omnia
3214 3976 3429 4042 cedere,
3488 3976 3533 4030 si
3565 3976 3770 4031 elatum

2162 4068 2452 4137 contigerit
2502 4068 2556 4122 in
2622 4067 2970 4122 abominabili
3017 4068 3315 4123 certamine
3370 4082 3652 4136 superare.
3707 4065 3774 4119 Et

2163 4159 2287 4216 ideo
2316 4175 2432 4224 vos,
2464 4173 2602 4228 quos
2630 4158 2975 4213 conscientia:
3003 4156 3176 4214 virtus
3203 4157 3381 4226 erigit,
3414 4165 3471 4211 et
3507 4156 3770 4212 conside-

2164 4254 2304 4310 ratio
2355 4253 2693 4310 detestabilis
2736 4252 3171 4323 prtesumptionis
3240 4249 3507 4311 accendit,
3560 4249 3772 4317 legatos

2163 4353 2396 4412 vestros,
2430 4360 2535 4400 una
2567 4359 2690 4398 cum
2742 4343 2878 4399 meis
2905 4350 2963 4397 et
3010 4343 3189 4399 fratris
3242 4343 3414 4398 nostri
3458 4342 3772 4399 Gundibadi

2163 4441 2328 4508 regis,
2376 4440 2443 4494 ad
2487 4439 2821 4493 Francorum
2869 4451 3051 4506 regem
3108 4437 3318 4493 Luduin
3349 4438 3480 4512 [ed.,
3533 4438 3772 4494 Ludovi-

2165 4530 2313 4602 cum]
2337 4529 2634 4596 destinate;
2665 4536 2726 4585 ut
2765 4537 2858 4584 aut
2896 4543 2955 4584 se
2982 4528 3051 4584 de
3076 4528 3475 4599 Visigothorum
3507 4530 3771 4586 conflictu

2165 4624 2506 4681 considerata
2560 4622 2816 4693 aequitate
2864 4621 3192 4691 suspendat,
3244 4628 3299 4675 et
3327 4621 3475 4691 leges
3521 4622 3768 4690 gentium

2167 4722 2375 4786 quaerat
2404 4732 2417 4766 :
2451 4721 2545 4768 aut
2574 4713 2813 4769 omnium
2843 4713 3080 4783 patiatur
3107 4712 3416 4778 incursum,
3454 4713 3549 4783 qui
3589 4722 3771 4769 tanto-

2166 4822 2287 4861 rum
2317 4805 2595 4860 arbitrium
2616 4804 2821 4873 judicat
2850 4819 2970 4860 esse
3002 4803 3376 4860 temnendum.
3409 4803 3549 4871 Quid
3576 4804 3772 4875 quaerit

2164 4901 2327 4968 ultra,
2367 4900 2453 4955 cui
2507 4898 2732 4954 oﬁ‘ertur
2784 4899 3029 4954 absoluta
3074 4898 3317 4969 justitia?
3364 4899 3551 4954 Dicam
3608 4900 3771 4970 plane

2164 4988 2310 5063 quod
2352 4990 2527 5045 sentio
2561 5009 2572 5043 :
2604 4991 2695 5060 qui
2744 4991 2861 5047 sine
2903 4990 3021 5061 lege
3064 4991 3180 5045 vult
3216 5005 3395 5061 agere,
3446 4998 3770 5047 cunctorum

2163 5083 2400 5156 disponit
2423 5097 2589 5152 regna
2618 5098 2895 5153 quassare.
2927 5083 3037 5140 Sed
3061 5083 3254 5139 melius
3279 5090 3381 5150 est,
3413 5091 3474 5138 ut
3501 5083 3648 5138 inter
3668 5082 3771 5137 ini-

2163 5179 2237 5233 tia
2280 5176 2583 5247 perniciosa
2612 5176 2938 5246 reprimatur
2964 5176 3294 5246 assumptio;
3327 5183 3389 5231 ut
3436 5174 3555 5231 sine
3583 5175 3771 5231 labore

2162 5268 2473 5339 perﬁciatur
2500 5268 2760 5334 omnium,
2790 5267 2932 5336 quod
2962 5275 3240 5324 certamen
3269 5282 3387 5324 esse
3412 5275 3633 5340 poterat
3659 5268 3771 5323 sin-

2168 5360 2434 5428 gulorum.
2463 5358 2706 5414 Recolite
2732 5373 2966 5427 namque
2994 5358 3171 5414 Enrici
3220 5359 3350 5430 [ed.,
3388 5358 3631 5431 llenrici]
3678 5374 3770 5414 se-

2169 5450 2334 5505 nioris
2363 5448 2634 5513 affectum,
2666 5450 2881 5517 quantis
2910 5464 3007 5503 vos
3020 5448 3160 5519 juvit
3187 5464 3406 5520 semper
3428 5451 3766 5516 muneribus,

2166 5542 2377 5612 quoties
2426 5555 2457 5594 a
2511 5540 2663 5595 vobis
2718 5541 3084 5611 proximarum
3132 5544 3374 5611 gentium
3422 5543 3767 5600 imminentia

2171 5677 2484 5731 Clodovmus
2526 5683 2579 5727 et
2607 5674 2849 5729 Alaricus
2881 5676 3093 5744 elegere
3122 5678 3383 5733 arbitrum
3425 5680 3551 5734 belli
3585 5679 3767 5734 Theo-

2172 5748 2411 5818 doricnm
2446 5765 2457 5798 :
2491 5747 2641 5812 cujus
2683 5746 2909 5800 arbitrio
2964 5747 3155 5803 nolens
3200 5766 3393 5818 parcre
3440 5750 3687 5805 Alaricus
3730 5762 3766 5803 a

2172 5816 2461 5945 (algodthro
2490 5822 2661 5873 victus
2705 5824 2806 5873 est.
2840 5818 3073 5875 Aimoin.
3122 5816 3370 5877 Monach.
3426 5821 3517 5877 lib.
3550 5837 3591 5889 ι,
3633 5834 3761 5895 cap.

2247 5928 2260 5944 .
2337 5903 2532 5945 causa.
