3992 6456
222 297 337 359 577

225 529 354 570 men
377 512 508 586 l'ed.,
539 509 767 583 tantum]
798 513 1087 581 agnoscitis
1114 514 1305 570 vestris
1334 514 1651 570 utilitatibus
1674 513 1826 567 attri-

225 607 434 661 butam.
465 603 601 658 Nam
644 604 689 659 si
720 612 872 660 tanto
906 619 1073 674 regno
1102 604 1302 674 aliquid
1330 605 1692 676 przevaluerit,
1730 619 1827 660 vos

225 698 446 768 aggredi
519 698 638 753 sine
711 697 1047 754 dubitatione
1103 707 1416 770 prmsumet.
1483 698 1828 769 Quapropter

224 787 608 844 excellentiam
638 796 874 842 vestram
904 789 1182 858 epistolari
1221 805 1472 847 sermone
1510 789 1825 855 salutantes,

225 895 327 951 per
354 879 564 948 legatos
591 887 810 936 nostros
838 880 992 936 illum
1019 890 1074 936 et
1099 882 1247 937 illum
1277 883 1623 955 praesentium
1654 881 1826 953 porti-

224 980 399 1040 tores,
425 971 591 1028 verbo
640 971 794 1029 vobis
840 973 1022 1044 aliqua
1063 974 1290 1030 dicenda
1320 976 1723 1041 commisimus;
1769 984 1831 1031 ut

221 1079 346 1131 vos,
369 1065 462 1135 qui
483 1077 728 1122 nostrum
751 1067 1060 1140 sequimini,
1082 1067 1196 1124 Deo
1215 1070 1458 1139 juvante,
1485 1069 1824 1140 dispositum,

223 1171 367 1212 unus
406 1157 802 1230 complectatur
824 1174 1109 1226 assensus;
1140 1163 1197 1216 et
1227 1160 1361 1218 foris
1387 1161 1494 1218 hoc
1535 1161 1727 1234 agatis,
1760 1175 1830 1218 ne

223 1245 282 1303 in
305 1248 502 1305 vestris
528 1249 825 1320 provinciis
853 1249 1115 1307 dimicare
1142 1252 1380 1324 possitis.

802 1384 1144 1443 EPISTOLA
1169 1387 1258 1444 IV.

384 1490 576 1532 LUDUIN
613 1490 736 1533 REGI
773 1491 1090 1534 FMNCORUI
1131 1493 1500 1538 τιιεουοιιουε
1535 1494 1660 1534 REX.

225 1564 485 1621 Hortatur
523 1583 588 1621 ne
615 1567 804 1622 bellum
849 1568 1092 1640 adversus
1137 1569 1406 1624 Ataricum
1452 1579 1619 1640 paret,
1667 1569 1830 1624 donec

297 1654 474 1691 eorum
502 1640 850 1693 controversia
877 1639 1063 1693 mediis
1086 1641 1269 1694 amicis
1311 1639 1622 1704 dirimatur,-
1651 1649 1702 1694 et
1726 1641 1828 1694 mi-

299 1717 454 1780 natur
475 1725 506 1761 a
549 1725 604 1762 se
632 1717 680 1763 et
709 1709 774 1762 ab
825 1710 1008 1764 amicis
1035 1727 1184 1780 arma
1211 1711 1461 1764 movenda
1488 1713 1544 1764 in
1586 1727 1702 1764 eum
1741 1713 1828 1780 qui

1517 294 1880 354 VARIARUM
1916 293 2121 353 LIBER
2155 293 2243 350 Ill.

226 421 371 478 bella
401 418 698 492 suspendit.
733 417 960 477 Reddite
990 418 1100 477 ﬁlio
1128 418 1245 492 ejus
1279 421 1526 491 gratiam,
1556 436 1718 492 quam
1743 431 1826 476 ta-
1853 425 1911 485 Α

2938 213 2972 231 ι,

3411 296 3520 359 578

2430 419 2539 492 42
2595 420 2929 479 EPISTOLA
2955 420 3018 478 v.

1927 549 2231 590 IMPOBTUNO
2251 549 2377 590 γιιιο
2416 549 2682 603 ιιιυετω,
2714 553 2975 604 ΡΔἸἫΙΕΙΟ,
3000 551 3361 594 τιιεουοιυῦυε
3388 551 3515 595 REX.

1929 645 2200 701 Laudatur
2249 663 2365 700 cum
2391 656 2538 716 patre
2591 656 2641 702 et
2695 658 2880 717 patruo
2919 646 3274 718 Importunas,
3303 649 3427 703 etei
3454 648 3517 704 ob

1998 718 2254 788 prwclara
2297 719 2479 772 merita
2503 719 2808 788 patriciatus
2835 718 3062 790 insignia
3087 721 3445 791 conferuntur.

1999 850 2057 908 Si
2080 859 2134 908 te
2161 860 2253 910 aut
2279 851 2531 908 nobilitas
2571 853 2686 908 sola
2711 852 3013 918 decorarat,
3066 862 3160 907 aut
3202 855 3519 910 meritorum

1927 952 2139 1001 tantum
2168 945 2326 1001 laude
2339 945 2596 1016 polleres,
2611 943 2968 1000 conferendas
2992 942 3215 1000 forsitan
3237 946 3522 1016 dignitates

1929 1035 2190 1092 dilatione
2220 1036 2484 1108 probabili
2509 1035 2830 1092 libraremus
2857 1053 2870 1089 :
2896 1050 2965 1090 ne
2985 1049 3179 1106 magna
3200 1035 3522 1092 vilescerent

1927 1146 2050 1187 cum
2079 1129 2243 1185 simul
2264 1129 2445 1186 omnia
2475 1127 3028 1185 funderentur.!Nunc
3067 1137 3250 1184 autem
3297 1143 3420 1185 cum
3467 1139 3524 1184 te

1927 1223 2180 1280 universa
2210 1223 2352 1278 facto
2375 1222 2589 1292 agmine
2614 1222 2964 1291 comitentur,
2979 1236 3080 1277 nec
3104 1220 3248 1277 desit
3268 1220 3359 1276 uni
3380 1221 3524 1290 quod

1928 1314 2256 1389 prasdicatur
2286 1316 2340 1369 in
2369 1315 2634 1385 pluribus,
2683 1314 2936 1370 convenit
2970 1313 3193 1384 justitim
3224 1320 3422 1368 nostra:
3468 1318 3524 1366 ut

1929 1427 2053 1468 cum
2082 1418 2137 1465 tu
2161 1410 2384 1481 copiosa
2412 1408 2555 1464 bona
2585 1407 2894 1477 protuleris,
2925 1407 3195 1464 uberrime
3235 1414 3288 1462 te
3316 1405 3524 1476 repleat

1929 1500 2297 1556 muniﬁcentia
2326 1497 2660 1570 principalis.
2694 1498 2812 1553 Non
2858 1499 3000 1553 enim
3053 1498 3329 1554 crescendi
3373 1497 3527 1552 vobis

1930 1592 2020 1648 hic
2047 1593 2205 1660 ordo,
2234 1592 2328 1661 qui
2347 1590 2538 1646 multis
2563 1599 2646 1645 est
2674 1607 2687 1643 :
2720 1589 2982 1660 paulatim
3037 1589 3282 1660 provehi,
3327 1588 3529 1644 medio-

1931 1685 2038 1742 cris
2061 1685 2322 1756 probatur
2349 1698 2469 1739 esse
2497 1682 2741 1748 virtutis;
2767 1681 2894 1737 dum
2926 1681 3194 1737 morosius
3220 1680 3530 1750 agnoscitur

301 1779 1059 1872 {nec.monitancontempserit.
1095 1778 1424 1852 Quaproer
1463 1781 1530 1835 ad
1560 1770 1828 1853 utrumque
1857 1810 1906 1872 Β
1933 1776 2082 1847 quod
2123 1774 2222 1831 sub
2258 1774 2481 1830 levitate
2511 1781 2842 1844 prteparatur
2869 1771 2976 1844 [ed.
3009 1773 3128 1838 Λα,
3178 1770 3526 1843 praestatur].

299 1849 493 1922 legatos
525 1850 704 1905 mittit.

296 1959 448 2016 Adeo
480 1961 622 2017 inter
646 1975 801 2032 reges
839 1955 1118 2020 afﬁnitatis
1138 1963 1285 2034 jura,
1317 1963 1499 2019 divina
1520 1964 1832 2021 coalescere

222 2050 532 2118 voluerunt,
566 2061 627 2108 ut
649 2069 747 2124 per
773 2068 960 2110 eorum
989 2054 1313 2124 placabilem
1358 2055 1598 2110 animum
1627 2070 1828 2126 prove-

221 2144 343 2200 niat
381 2145 534 2214 quies
567 2152 751 2217 optata
781 2145 1126 2220 populorum.
1161 2147 1275 2202 lloc
1310 2147 1456 2202 enim
1485 2162 1698 2204 sacrum
1726 2155 1830 2213 est,

223 2235 370 2306 quod
428 2237 573 2291 nulla
626 2237 958 2306 permittitur
1009 2240 1375 2295 commotione
1428 2239 1641 2295 violari.
1691 2239 1829 2295 Nam

221 2326 420 2395 quibus
473 2326 751 2383 obsidibus
794 2328 1059 2384 habeatur
1108 2329 1261 2397 ﬁdes,
1315 2330 1361 2386 si
1414 2346 1526 2385 non
1575 2329 1830 2385 credatur

223 2415 545 2473 affectibus?
566 2419 857 2474 Sociantur
875 2420 1220 2491 proximitate
1247 2420 1472 2486 domini,
1497 2430 1555 2476 ut
1580 2422 1830 2478 nationes

221 2509 408 2565 divisae
437 2512 596 2567 simili
619 2513 856 2570 debeant
883 2515 1164 2572 voluntate
1190 2516 1431 2586 gloriari,
1467 2525 1523 2572 et
1549 2517 1704 2587 quasi
1729 2531 1830 2588 per

223 2601 410 2657 alveos
438 2606 703 2672 quosdam
749 2608 1058 2663 concordia:
1086 2609 1322 2664 adunata
1355 2624 1416 2665 se
1444 2609 1655 2679 possint
1696 2623 1829 2678 gen-

223 2691 357 2748 tium
397 2704 521 2750 vota
551 2697 904 2769 conjungere.
951 2701 1082 2769 Qua:
1124 2718 1249 2758 cum
1293 2701 1370 2756 ita
1397 2702 1526 2768 sint,
1566 2703 1830 2758 miramur

222 2783 433 2842 animos
459 2798 671 2845 vestros
715 2791 794 2845 sic
837 2792 1012 2847 causis
1041 2792 1409 2847 mediocribus
1438 2793 1719 2859 excitatos,
1769 2802 1829 2848 ut

221 2892 346 2933 cum
378 2879 486 2936 tilio
508 2891 696 2938 nostro
725 2883 941 2939 Alarico
964 2899 1092 2955 rege
1114 2885 1461 2940 durissimum
1489 2885 1669 2941 velitis
1697 2885 1829 2942 sub-

221 2971 305 3027 ire
333 2973 676 3044 conﬂictum;
707 2984 769 3030 ut
795 2977 973 3047 multi,
999 2979 1094 3048 qui
1115 2993 1213 3034 vos
1237 2986 1508 3046 metuunt,
1547 2978 1616 3034 de
1647 2987 1827 3034 vestra

220 3067 631 3121 concertatione
661 3067 931 3124 lmtentur.
961 3069 1139 3124 Ambo
1167 3070 1297 3126 estis
1325 3085 1658 3128 summarum
1696 3084 1829 3141 gen-

219 3152 362 3208 tium
386 3169 561 3223 reges,
597 3156 757 3212 ambo
803 3164 962 3242 aetate
994 3157 1271 3214 ﬂorentes.
1306 3158 1424 3215 Non
1447 3159 1640 3214 leviter
1660 3173 1826 3229 regna
1854 3195 1902 3262 ο

216 3249 405 3298 vestra
433 3249 723 3316 quassatis,
751 3247 796 3303 si
815 3237 940 3302 data
965 3249 1206 3319 partibus
1235 3249 1483 3306 libertate
1512 3249 1820 3322 conﬁigitis.

219 3335 406 3392 Virtus
425 3346 604 3394 vestra
625 3341 812 3410 patriae
831 3357 941 3398 non
961 3340 1056 3397 ﬁat
1076 3343 1354 3414 inopinata
1376 3344 1676 3410 calamitas,
1703 3345 1830 3416 quia

222 3429 442 3500 grandis
482 3430 682 3486 invidia
717 3440 800 3488 est
836 3447 1044 3503 regum,
1083 3433 1136 3488 in
1177 3435 1354 3491 causis
1394 3435 1604 3491 levibus
1653 3435 1830 3505 gravis

223 3520 380 3576 ruina
434 3521 780 3592 populorum.
847 3523 1033 3580 Dicam
1077 3525 1265 3593 libere,
1310 3525 1491 3583 dicam
1537 3525 1829 3586 alfectuose

225 3610 371 3678 quod
398 3611 573 3668 sentio
608 3629 621 3666 :
657 3614 944 3685 impatiens
982 3631 1171 3672 sensus
1197 3625 1281 3672 est
1309 3617 1376 3672 ad
1407 3618 1638 3689 primam
1678 3621 1827 3690 lega-

223 3703 430 3757 tionem
476 3705 725 3774 protinus
777 3722 926 3762 arma
975 3723 1342 3765 commovere.
1391 3709 1438 3764 A
1490 3711 1826 3780 parentibus,

226 3794 371 3865 quod
397 3797 670 3865 qumritur,
695 3799 884 3855 electis
905 3800 1178 3870 judicibus
1199 3811 1502 3873 expetatur.
1527 3801 1662 3858 Nam
1687 3805 1829 3861 inter

227 3885 366 3941 tales
391 3888 536 3945 viros
589 3898 646 3945 et
695 3890 818 3948 illos
872 3892 991 3966 [ms.
1032 3891 1124 3960 12.,
1156 3892 1282 3966 illis]
1310 3903 1522 3964 gratum
1553 3903 1636 3951 est
1674 3895 1823 3964 dare,

226 3994 367 4049 quos
403 3981 610 4037 medios
637 3982 921 4040 volueritis
959 3984 1192 4041 eﬂicere.
1226 3984 1364 4052 Quid
1411 3985 1480 4041 de
1525 3987 1681 4042 nobis
1727 4003 1825 4043 vos

225 4070 328 4140 ipsi
364 4075 630 4130 aestimare
677 4077 945 4146 poteritis,
997 4077 1042 4132 si
1097 4092 1198 4132 nos
1252 4077 1578 4134 intentiones
1615 4087 1826 4137 vestras

224 4163 509 4234 reliquisse
543 4167 905 4236 cognoscitis?
934 4167 1088 4224 Absit
1115 4169 1206 4225 ille
1229 4170 1532 4236 conflictus,
1568 4172 1659 4227 ubi
1687 4189 1824 4228 unus

224 4268 290 4309 ex
321 4255 474 4311 vobis
515 4257 682 4314 deleri
710 4259 912 4329 poterit
959 4259 1267 4315 inclinatus.
1326 4261 1556 4330 Abjicite
1597 4260 1821 4330 ferrum,

223 4346 314 4414 qui
359 4347 414 4401 in
443 4360 623 4402 meum
649 4362 887 4420 pugnare
915 4349 1074 4404 vultis
1101 4350 1472 4421 opprobrium.
1500 4349 1627 4406 Jure
1653 4352 1822 4422 patris

224 4441 375 4495 vobis
409 4443 728 4501 interminor
779 4453 834 4501 et
885 4447 1134 4500 amantis.
1196 4445 1290 4502 llle
1336 4463 1464 4515 nos,
1514 4456 1570 4502 ct
1617 4449 1820 4503 amicos

174 4598 209 4632 ιν

1935 1869 2089 1926 Saltu
2114 1868 2352 1938 quodam
2396 1883 2456 1923 se
2483 1867 2654 1922 tendit
2693 1873 2874 1922 vestra
2902 1866 3256 1936 prosperitas,
3301 1864 3527 1934 solaque

1933 1957 2196 2030 perfectio
2216 1973 2245 2012 a
2267 1957 2421 2012 vobis
2442 1957 2723 2026 quzeritur,
2755 1971 2879 2011 cum
2902 1955 3184 2012 vobiscum
3215 1954 3384 2008 multa
3435 1970 3534 2008 na-

1932 2058 2176 2107 scantur.
2223 2048 2529 2104 Elaborata:
2561 2055 2686 2104 sunt
2716 2047 2858 2102 enim
2881 2048 3042 2115 longa
3066 2053 3228 2102 aetate
3256 2045 3424 2101 vestri
3447 2058 3533 2113 ge-

1931 2143 2082 2200 neris
2106 2141 2416 2212 dignitates,
2443 2156 2565 2211 quae
2605 2139 2889 2196 notissimo
2933 2140 3169 2210 quodam
3215 2139 3529 2194 habitaculo

1931 2237 2074 2293 lares
2095 2237 2150 2291 in
2179 2244 2361 2292 vestra
2383 2248 2614 2304 posuere
2639 2233 2863 2290 familia.
2880 2233 3034 2298 Nam,
3053 2240 3113 2290 ut
3134 2233 3309 2303 prisca
3335 2230 3528 2286 saecula

1933 2338 2286 2392 transeamus,
2301 2345 2418 2398 quae
2447 2327 2650 2384 affatim
2663 2329 2809 2386 viros
2836 2336 2962 2383 sunt
2991 2329 3103 2383 visa
3134 2326 3374 2398 perferre
3396 2338 3529 2395 prae-

1931 2425 2143 2494 cipuos,
2201 2422 2416 2496 gemino
2466 2422 2648 2477 radias
2675 2422 2845 2492 patris
2873 2435 2937 2476 ac
2962 2419 3140 2490 patrui
3170 2418 3366 2474 decore
3392 2431 3525 2472 con-

1930 2519 2182 2589 spicuus;
2208 2518 2301 2588 qui
2321 2533 2432 2572 non
2451 2517 2630 2572 solum
2651 2523 3027 2572 ornamentum
3049 2513 3262 2568 familia:
3289 2510 3529 2581 sum,_sed

1933 2609 2037 2680 ipsi
2059 2609 2226 2665 decus
2250 2607 2461 2664 senatui
2489 2607 2792 2677 praestitere
2816 2625 2830 2660 :
2858 2604 3134 2662 modernis
3161 2603 3372 2659 sreculis
3411 2615 3532 2656 mo-

1931 2704 2083 2760 ribus
2113 2703 2448 2758 ornabantur
2462 2701 2726 2770 antiquis;
2757 2700 3001 2756 bonitate
3023 2697 3250 2769 praediti,
3281 2704 3530 2752 constan-

1931 2795 2007 2849 tia
2035 2794 2279 2863 gloriosi,
2309 2793 2365 2848 in
2393 2793 2627 2846 amicitia
2651 2792 2829 2862 proni,
2862 2791 2930 2846 ad
2952 2790 3079 2846 odia
3101 2787 3367 2844 sumenda
3389 2784 3529 2842 diﬁi-

1931 2886 2082 2942 ciles.
2109 2885 2207 2951 lta,
2237 2884 2384 2954 quod
2405 2883 2700 2938 maximum
2725 2883 2998 2939 felicitatis
3043 2894 3212 2950 genus
3242 2888 3345 2945 est,
3395 2893 3519 2934 cum

1931 2979 2114 3036 multae
2143 2977 2506 3049 probarentur
2522 2991 2643 3032 esse
2669 2976 2946 3047 potentias,
2978 2974 3235 3028 invidiam
3257 2973 3379 3027 illos
3409 2986 3528 3041 per-

1929 3067 2274 3138 sequentium
2304 3066 2532 3134 contigit
2547 3081 2657 3122 non
2684 3065 2902 3122 habere.
2949 3063 3265 3120 Pendebant
3284 3063 3524 3133 quinimo

1931 3162 2076 3216 circa
2106 3169 2203 3216 e‘os
2224 3159 2383 3214 anxia
2407 3167 2534 3214 vota
2558 3158 2805 3224 civitatis,
2825 3173 3076 3220 crescens
3097 3171 3256 3228 supra
3286 3156 3525 3228 privatos

1933 3251 2182 3324 publicus
2212 3265 2366 3306 amor
2396 3265 2604 3306 eorum.
2633 3249 2865 3305 Senatus
2891 3250 3128 3305 animum
3186 3264 3380 3304 eorum
3436 3263 3524 3303 se-

1932 3345 2220 3414 quebatur,
2243 3343 2398 3398 turba
2425 3341 2782 3412 propositum.
2808 3339 2879 3396 Et
2901 3355 3122 3397 necesse
3149 3351 3264 3411 erat
3292 3341 3522 3396 Romam

1930 3435 2070 3490 velle
2091 3434 2238 3505 quod
2261 3434 2440 3489 cuncti
2458 3431 2776 3488 videbantur
2795 3441 3014 3505 optare;
3040 3432 3286 3502 miroque
3306 3445 3522 3505 prospe-

1929 3524 2106 3581 ritatis
2127 3532 2326 3580 eventu
2354 3523 2568 3578 ﬁrmum
2595 3525 2737 3579 circa
2763 3538 2857 3578 eos
2878 3523 3216 3579 custodiebat
3239 3523 3520 3578 arbitrium

1929 3617 2180 3673 voluntas
2207 3631 2343 3686 vaga
2372 3616 2723 3687 populorum;
2749 3615 2892 3686 quod
2921 3616 3062 3672 inter
3105 3624 3330 3672 caeteras
3358 3616 3523 3686 digni-

1929 3721 2069 3769 tates
2090 3729 2286 3768 munus
2310 3712 2612 3782 judicamus
2634 3728 2754 3768 esse
2792 3714 3140 3783 prmeipuum.
3169 3712 3301 3766 Nam
3331 3711 3375 3766 si
3397 3724 3523 3780 pau-

1929 3817 2117 3859 eorum
2128 3819 2282 3858 amor
2290 3802 2434 3872 juste
2449 3803 2558 3873 jam
2571 3803 2740 3872 gloria
2753 3813 2854 3869 est,
2873 3813 3032 3860 tantm
3048 3802 3276 3858 civitatis
3297 3801 3520 3858 affectus

1927 3895 2074 3964 quod
2101 3903 2281 3965 potest
2301 3895 2504 3950 habere
2530 3895 2897 3965 praeconium?
2919 3895 3151 3950 Proinde
3179 3895 3318 3949 sicut
3338 3894 3518 3949 omnia

1927 3986 2134 4057 ingrata
2165 3987 2416 4042 videntur
2443 3987 2693 4052 obscura,
2727 3987 2804 4042 sic
2831 3988 3156 4056 generaliter
3175 3987 3369 4041 dilecta
3393 4001 3521 4057 prm-

1925 4080 2073 4134 clara
2093 4088 2237 4136 sunt.
2261 4079 2365 4136 Tot
2391 4080 2553 4151 igitur
2577 4090 2862 4152 parentum
2905 4081 3066 4136 laude
3094 4080 3399 4148 decoratus,
3436 4087 3519 4135 tot

1927 4171 2090 4225 etiam
2114 4186 2326 4226 morum
2349 4171 2471 4226 luce
2491 4175 2837 4240 conspicuus,
2866 4186 3019 4227 sume
3042 4179 3168 4241 post
3207 4172 3519 4228 consulares

1923 4259 2095 4316 fasces
2128 4262 2406 4326 emeritos,
2439 4261 2762 4330 patriciatus
2782 4260 3033 4329 insignia,
3068 4268 3280 4314 tuarum
3325 4277 3518 4320 munus

1923 4354 2223 4423 plenarium
2251 4351 2603 4422 dignitatum;
2639 4358 2697 4406 et
2728 4352 2850 4406 cani
2907 4351 3130 4407 honoris
3156 4351 3336 4408 infulis
3365 4353 3519 4409 adul-

1923 4454 2033 4501 tam
2062 4447 2217 4514 cinge
2240 4446 2535 4510 caesariem,
2552 4445 2644 4512 qui
2675 4445 2994 4501 meritorum
3012 4446 3170 4501 laude
3189 4448 3364 4503 aetatis
3389 4465 3520 4519 pra:-

223 4541 439 4590 uostros
459 4536 695 4605 patietur
715 4536 987 4602 adversos,
1010 4538 1101 4606 qui
1133 4536 1259 4591 talia
1289 4537 1492 4592 monita
1522 4539 1688 4608 (quod
1711 4553 1817 4595 non
1843 4585 1898 4650 υ
1917 4540 2120 4611 judicia
2149 4539 2435 4610 superasti.
2469 4537 2578 4592 Cur
2597 4537 2741 4592 enim
2768 4537 2924 4592 tardo
2973 4539 3252 4595 evenirent
3298 4543 3519 4610 prmmia

230 4630 527 4650 __-!_-_x--_\
562 4628 840 4650 -_-J:_I-_:n
890 4643 1000 4650 ---Α
1033 4626 1315 4650 .--μμιιμλὶρ
1378 4627 1720 4650 n.--.._-_.-_
1754 4629 1814 4650 ,Δ
1993 4633 2005 4645 δ
2062 4639 2142 4650 λῃ.
2211 4630 2417 4650 ._-_--..2_
2484 4629 2911 4650 -__n'_-..-L-_.nc-_
2984 4630 3258 4650 __'__.‘_.I-n
3291 4629 3515 4650 ηιξ-ειηᾼ

185 4626 203 4696 ἶ
222 4630 530 4700 Opinamur)
557 4628 846 4686 crediderit
884 4643 1003 4684 esse
1033 4626 1341 4683 temnenda.
1377 4627 1720 4698 Quapropter
1750 4629 1819 4685 ad

177 4706 184 4721 ’
221 4723 599 4780 excellentiam
624 4732 860 4778 vestram
888 4723 1037 4777 illum
1085 4730 1140 4778 et
1170 4721 1322 4778 illum
1351 4722 1560 4792 legatos
1602 4731 1818 4781 nostros

220 4830 550 4887 magnopere
575 4815 903 4871 credidimus
953 4815 1263 4885 dirigendos
1293 4832 1304 4870 :
1353 4830 1450 4886 per
1488 4830 1623 4885 quos
1653 4816 1817 4871 etiam

255 4909 289 4964 d
316 4909 536 4965 fratrem
562 4917 824 4976 vestrum,
856 4907 1023 4964 ﬁlium
1049 4916 1312 4975 nostrum,
1337 4922 1518 4978 regem
1540 4907 1816 4964 Alaricum

218 5000 420 5071 scripta
468 5008 652 5056 nostra
703 5000 1019 5068 direximus,
1071 5008 1132 5056 ut
1183 4999 1489 5056 nullatenus
1537 5000 1679 5056 inter
1712 5013 1815 5054 vos

219 5092 475 5150 scandala
499 5093 731 5149 seminet
760 5094 935 5149 aliena
963 5092 1299 5162 malignitas;
1333 5093 1429 5148 sed
1455 5093 1508 5147 in
1536 5107 1671 5163 pace
1691 5107 1814 5164 per-

219 5194 686 5258 severantes,qua3
714 5194 841 5242 sunt
869 5187 1011 5241 inter
1037 5201 1157 5252 vos,
1181 5184 1372 5241 mediis
1400 5185 1608 5252 amicis,
1639 5185 1817 5255 placa-

217 5280 400 5336 biliter
427 5277 582 5336 ﬁnire
609 5281 875 5338 debeatis.
900 5281 1003 5336 Per
1031 5295 1128 5337 eos
1171 5281 1336 5336 etiam
1358 5290 1414 5337 et
1467 5281 1634 5336 verbo
1661 5280 1814 5336 vobis

216 5371 397 5440 aliqua
424 5370 650 5427 dicenda
688 5371 1093 5437 mandavimus;
1121 5379 1179 5424 ut
1202 5379 1388 5440 gentes
1411 5385 1532 5440 quze
1561 5370 1663 5425 sub
1717 5386 1814 5441 pa-

216 5465 460 5521 rentibus
482 5466 677 5521 vestris
704 5466 862 5535 longa
891 5478 1027 5535 pace
1051 5463 1364 5530 floruerunt,
1395 5463 1571 5518 subita
1597 5478 1703 5518 non
1727 5463 1814 5518 de-

218 5557 384 5613 beant
412 5558 768 5613 concussione
795 5555 1014 5610 vastari.
1045 5554 1119 5608 Illi
1145 5553 1288 5609 enim
1329 5552 1553 5609 credere
1580 5553 1806 5620 debetis,

219 5664 381 5720 quem
425 5649 620 5704 vestris
673 5648 990 5704 utilitatibus
1017 5644 1256 5701 arridere
1284 5645 1610 5713 cognoscitis
1639 5663 1650 5698 :
1675 5660 1811 5714 quo-

215 5743 362 5798 niam
385 5743 479 5814 qui
499 5743 618 5798 vult
637 5743 799 5798 alium
839 5743 890 5796 in
917 5740 1217 5812 prmcipites
1238 5755 1396 5797 casus
1424 5739 1660 5810 mittere,
1685 5754 1808 5797 eum

213 5842 425 5896 certum
456 5843 539 5894 est
562 5833 788 5893 ﬁdeliter
816 5850 926 5892 non
953 5848 1197 5892 monere.

1921 4633 2008 4691 cui
2062 4639 2147 4688 tot
2206 4630 2420 4701 generis
2482 4629 2912 4700 suﬁ'ragabantur
2976 4630 3258 4702 exempla?
3288 4629 3517 4701 Eligitur

1919 4724 2120 4795 quippe
2143 4722 2196 4777 in
2226 4731 2277 4778 te
2305 4721 2562 4778 nascendi
2584 4721 2722 4788 laus,
2749 4719 2964 4776 vivendi
3019 4721 3220 4792 gloria;
3281 4731 3337 4779 et
3391 4738 3514 4779 cum

1919 4816 2091 4871 multa
2121 4815 2305 4871 trahas
2333 4814 2399 4870 ab
2429 4813 2683 4884 antiquis,
2717 4815 2962 4870 meruisti
3006 4814 3223 4885 placere
3279 4815 3348 4870 de
3389 4830 3519 4886 pro-

1917 4909 2068 4980 priis.
2103 4907 2183 4962 Ab
2208 4907 2325 4978 ipso
2352 4907 2550 4978 quippe
2571 4908 2696 4961 vitm
2722 4907 3013 4978 principio,
3055 4907 3199 4978 quod
3228 4906 3370 4962 inter
3391 4907 3518 4962 adu-

1917 5003 2142 5059 lantium
2169 5016 2359 5072 greges
2387 5016 2568 5056 rarum
2597 5000 2738 5057 solet
2767 5017 2907 5069 esse,
2939 5002 3210 5058 nobilibus
3256 5001 3512 5056 studuisti

1920 5093 2080 5151 fidem
2107 5092 2399 5149 virtutibus
2419 5092 2699 5148 exhibere.
2723 5093 2899 5162 Atque
2929 5093 3050 5148 ideo
3080 5092 3308 5148 instituti
3335 5092 3409 5146 tui
3433 5089 3517 5146 ﬁr-

1916 5201 2004 5242 ma
2027 5184 2334 5254 vestigium,
2367 5192 2427 5238 ut
2452 5183 2542 5253 qui
2573 5185 2860 5254 primazvus
2916 5184 3145 5254 gloriam
3188 5191 3515 5238 consecutus

1917 5294 1996 5343 es,
2024 5277 2344 5333 florentibus
2365 5277 2520 5332 annis
2543 5277 2794 5347 gloriosis
2821 5275 3118 5330 honoribus
3149 5275 3415 5344 augearis.
3436 5272 3516 5328 ln-

1917 5370 2066 5442 spice
2087 5369 2320 5439 denique
2347 5377 2547 5438 quanta
2579 5377 2798 5423 tuorum
2839 5366 2998 5422 laude
3048 5366 3316 5436 prtecipua
3357 5366 3516 5422 deco-

1922 5463 2078 5519 reris.
2105 5460 2290 5531 Culpa:
2319 5475 2489 5530 genus
2509 5470 2592 5517 est
2615 5477 2720 5516 non
2751 5469 2805 5516 te
2835 5459 3029 5515 fecisse
3067 5458 3214 5529 quod
3244 5474 3510 5514 summum

1922 5562 2022 5609 est.
2075 5550 2152 5607 De
2198 5551 2510 5606 maturitate
2562 5549 2760 5622 qizippe
2803 5558 2892 5603 tua
2919 5551 3084 5605 multo
3108 5549 3305 5605 debent
3328 5550 3510 5607 venire

1922 5646 2164 5712 meliora,
2196 5645 2286 5714 qui
2317 5645 2368 5698 in
2393 5653 2550 5700 artato
2590 5651 2777 5697 tenera
2806 5651 2860 5699 te
2883 5642 3127 5698 novimus
3157 5642 3347 5699 fecisse
3375 5660 3511 5714 pne-

1919 5737 2168 5794 dicanda.
2199 5735 2529 5792 Contidimus
2552 5735 2694 5790 enim
2719 5750 2817 5791 nec
2840 5736 2915 5790 tui
2939 5736 3150 5804 generis
3180 5736 3507 5806 institutore,

1920 5845 2020 5889 nec
2040 5839 2285 5887 nostrum
2309 5829 2456 5886 circa
2477 5837 2532 5885 te
2553 5842 2737 5884 errare
2760 5843 2919 5901 posse
2939 5826 3221 5900 judicium.
