  <div class='ocr_page' id='page_1' title='image "/cluster/home/n/w/nwhite01/storage/ocr_20150623/69/hvd.32044015469349/298.png"; bbox 0 0 3992 6452; ppageno 0'>
   <div class='ocr_carea' id='block_1_1' title="bbox 160 314 1805 382">
    <p class='ocr_par' dir='ltr' id='par_1_1' title="bbox 160 314 1805 382">
     <span class='ocr_line' id='line_1_1' title="bbox 160 314 1805 382; baseline -0.005 1"><span class='ocrx_word' id='word_1_1' title='bbox 160 314 304 382; x_wconf 76' lang='grc'>581.</span> <span class='ocrx_word' id='word_1_2' title='bbox 1498 317 1805 376; x_wconf 71' lang='lat' dir='ltr'>vamanu</span> 
     </span>
    </p>
   </div>
   <div class='ocr_carea' id='block_1_2' title="bbox 1911 314 3500 382">
    <p class='ocr_par' dir='ltr' id='par_1_2' title="bbox 1911 314 3500 382">
     <span class='ocr_line' id='line_1_2' title="bbox 1911 314 3500 382; baseline 0.007 -11"><span class='ocrx_word' id='word_1_3' title='bbox 1911 314 2109 371; x_wconf 82' lang='lat' dir='ltr'><strong>LIBER</strong></span> <span class='ocrx_word' id='word_1_4' title='bbox 2144 314 2233 371; x_wconf 81' lang='grc' dir='ltr'>ΙΙΙ.</span> <span class='ocrx_word' id='word_1_5' title='bbox 3379 322 3500 382; x_wconf 72' lang='grc'>’882</span> 
     </span>
    </p>
   </div>
   <div class='ocr_carea' id='block_1_3' title="bbox 158 430 3499 512">
    <p class='ocr_par' dir='ltr' id='par_1_3' title="bbox 158 430 3499 512">
     <span class='ocr_line' id='line_1_3' title="bbox 158 430 3499 512; baseline 0.002 -25"><span class='ocrx_word' id='word_1_6' title='bbox 158 430 431 489; x_wconf 86' lang='lat' dir='ltr'>cundum</span> <span class='ocrx_word' id='word_1_7' title='bbox 448 432 804 492; x_wconf 67' lang='lat' dir='ltr'>canonicarite</span> <span class='ocrx_word' id='word_1_8' title='bbox 819 433 980 494; x_wconf 86' lang='lat' dir='ltr'>ﬁdem</span> <span class='ocrx_word' id='word_1_9' title='bbox 997 444 1244 508; x_wconf 89' lang='lat' dir='ltr'>tempora</span> <span class='ocrx_word' id='word_1_10' title='bbox 1269 433 1468 491; x_wconf 86' lang='lat' dir='ltr'>debeas</span> <span class='ocrx_word' id='word_1_11' title='bbox 1496 434 1791 490; x_wconf 87' lang='lat' dir='ltr'>constituta</span> <span class='ocrx_word' id='word_1_12' title='bbox 1819 436 1876 499; x_wconf 81' lang='grc' dir='ltr'><strong>Α</strong></span> <span class='ocrx_word' id='word_1_13' title='bbox 1897 439 1956 490; x_wconf 89' lang='lat' dir='ltr'>et</span> <span class='ocrx_word' id='word_1_14' title='bbox 1968 445 2034 488; x_wconf 90' lang='lat' dir='ltr'>eo</span> <span class='ocrx_word' id='word_1_15' title='bbox 2057 445 2228 502; x_wconf 92' lang='lat' dir='ltr'>usque</span> <span class='ocrx_word' id='word_1_16' title='bbox 2245 439 2526 502; x_wconf 83' lang='lat' dir='ltr'>praestare,</span> <span class='ocrx_word' id='word_1_17' title='bbox 2549 448 2657 503; x_wconf 92' lang='lat' dir='ltr'>quo</span> <span class='ocrx_word' id='word_1_18' title='bbox 2682 450 2744 510; x_wconf 84' lang='lat' dir='ltr'>se</span> <span class='ocrx_word' id='word_1_19' title='bbox 2767 445 2984 495; x_wconf 88' lang='lat' dir='ltr'>erectus</span> <span class='ocrx_word' id='word_1_20' title='bbox 2996 447 3214 512; x_wconf 81' lang='lat' dir='ltr'>stupeat</span> <span class='ocrx_word' id='word_1_21' title='bbox 3226 439 3499 510; x_wconf 72' lang='lat' dir='ltr'>attigisse?</span> 
     </span>
    </p>
   </div>
   <div class='ocr_carea' id='block_1_4' title="bbox 158 524 3504 601">
    <p class='ocr_par' dir='ltr' id='par_1_4' title="bbox 158 524 3504 601">
     <span class='ocr_line' id='line_1_4' title="bbox 158 524 3504 601; baseline 0.002 -20"><span class='ocrx_word' id='word_1_22' title='bbox 158 524 471 596; x_wconf 88' lang='lat' dir='ltr'>complere</span> <span class='ocrx_word' id='word_1_23' title='bbox 503 542 517 580; x_wconf 90' lang='lat'><strong>:</strong></span> <span class='ocrx_word' id='word_1_24' title='bbox 543 540 613 582; x_wconf 91' lang='lat' dir='ltr'>ne</span> <span class='ocrx_word' id='word_1_25' title='bbox 641 527 901 601; x_wconf 83' lang='lat' dir='ltr'>quidquid</span> <span class='ocrx_word' id='word_1_26' title='bbox 935 525 1201 597; x_wconf 82' lang='lat' dir='ltr'>dispendii</span> <span class='ocrx_word' id='word_1_27' title='bbox 1229 527 1366 581; x_wconf 90' lang='lat' dir='ltr'>assis</span> <span class='ocrx_word' id='word_1_28' title='bbox 1392 524 1638 597; x_wconf 89' lang='lat' dir='ltr'>publicus</span> <span class='ocrx_word' id='word_1_29' title='bbox 1665 540 1786 581; x_wconf 90' lang='lat' dir='ltr'>sus-</span> <span class='ocrx_word' id='word_1_30' title='bbox 1831 587 1836 596; x_wconf 38' lang='grc' dir='ltr'>ι</span> <span class='ocrx_word' id='word_1_31' title='bbox 1899 525 2171 582; x_wconf 85' lang='lat' dir='ltr'>Beneficia</span> <span class='ocrx_word' id='word_1_32' title='bbox 2199 525 2468 597; x_wconf 80' lang='lat' dir='ltr'>siquidem</span> <span class='ocrx_word' id='word_1_33' title='bbox 2495 535 2654 594; x_wconf 91' lang='lat' dir='ltr'>sunt,</span> <span class='ocrx_word' id='word_1_34' title='bbox 2705 545 2826 601; x_wconf 81' lang='lat' dir='ltr'>quae</span> <span class='ocrx_word' id='word_1_35' title='bbox 2873 533 3041 601; x_wconf 80' lang='lat' dir='ltr'>regna</span> <span class='ocrx_word' id='word_1_36' title='bbox 3083 533 3413 600; x_wconf 84' lang='lat' dir='ltr'>sublimant;</span> <span class='ocrx_word' id='word_1_37' title='bbox 3445 541 3504 591; x_wconf 88' lang='lat' dir='ltr'>et</span> 
     </span>
    </p>
   </div>
   <div class='ocr_carea' id='block_1_5' title="bbox 147 617 3503 698">
    <p class='ocr_par' dir='ltr' id='par_1_5' title="bbox 147 617 3503 698">
     <span class='ocr_line' id='line_1_5' title="bbox 147 617 3503 698; baseline 0.002 -25"><span class='ocrx_word' id='word_1_38' title='bbox 147 618 436 683; x_wconf 78' lang='lat' dir='ltr'>&#39;tinuerit,</span> <span class='ocrx_word' id='word_1_39' title='bbox 472 617 543 675; x_wconf 91' lang='lat' dir='ltr'>de</span> <span class='ocrx_word' id='word_1_40' title='bbox 568 622 790 698; x_wconf 91' lang='lat' dir='ltr'>proprio</span> <span class='ocrx_word' id='word_1_41' title='bbox 819 622 1102 679; x_wconf 74' lang='lat' dir='ltr'>exsolvere</span> <span class='ocrx_word' id='word_1_42' title='bbox 1143 629 1201 676; x_wconf 93' lang='lat' dir='ltr'>tu</span> <span class='ocrx_word' id='word_1_43' title='bbox 1230 621 1464 691; x_wconf 86' lang='lat' dir='ltr'>cogaris,</span> <span class='ocrx_word' id='word_1_44' title='bbox 1495 636 1527 676; x_wconf 88' lang='lat' dir='ltr'>a</span> <span class='ocrx_word' id='word_1_45' title='bbox 1555 637 1664 694; x_wconf 93' lang='lat' dir='ltr'>quo</span> <span class='ocrx_word' id='word_1_46' title='bbox 1692 636 1794 678; x_wconf 84' lang='lat' dir='ltr'>nec</span> <span class='ocrx_word' id='word_1_47' title='bbox 1899 619 2167 676; x_wconf 70' lang='lat' dir='ltr'>libertatis</span> <span class='ocrx_word' id='word_1_48' title='bbox 2187 618 2437 674; x_wconf 90' lang='lat' dir='ltr'>dominus</span> <span class='ocrx_word' id='word_1_49' title='bbox 2450 618 2654 691; x_wconf 90' lang='lat' dir='ltr'>jugiter</span> <span class='ocrx_word' id='word_1_50' title='bbox 2675 629 2857 692; x_wconf 91' lang='lat' dir='ltr'>potest</span> <span class='ocrx_word' id='word_1_51' title='bbox 2885 637 3150 691; x_wconf 83' lang='lat' dir='ltr'>crescere,</span> <span class='ocrx_word' id='word_1_52' title='bbox 3181 625 3227 682; x_wconf 90' lang='lat' dir='ltr'>si</span> <span class='ocrx_word' id='word_1_53' title='bbox 3251 626 3354 683; x_wconf 88' lang='lat' dir='ltr'>sibi</span> <span class='ocrx_word' id='word_1_54' title='bbox 3373 625 3503 683; x_wconf 84' lang='lat' dir='ltr'>sub--</span> 
     </span>
    </p>
   </div>
   <div class='ocr_carea' id='block_1_6' title="bbox 161 705 3502 801">
    <p class='ocr_par' dir='ltr' id='par_1_6' title="bbox 161 705 3502 801">
     <span class='ocr_line' id='line_1_6' title="bbox 161 705 3502 801; baseline 0.002 -35"><span class='ocrx_word' id='word_1_55' title='bbox 161 718 358 767; x_wconf 75' lang='lat' dir='ltr'>tanta:</span> <span class='ocrx_word' id='word_1_56' title='bbox 379 705 613 781; x_wconf 73' lang='lat' dir='ltr'>jussioiii</span> <span class='ocrx_word' id='word_1_57' title='bbox 641 721 726 771; x_wconf 89' lang='lat' dir='ltr'>est</span> <span class='ocrx_word' id='word_1_58' title='bbox 753 715 939 801; x_wconf 58' lang='lat' dir='ltr'>habita</span> <span class='ocrx_word' id='word_1_59' title='bbox 964 713 1310 784; x_wconf 89' lang='lat' dir='ltr'>reverentia,</span> <span class='ocrx_word' id='word_1_60' title='bbox 1359 727 1464 773; x_wconf 85' lang='lat' dir='ltr'>nec</span> <span class='ocrx_word' id='word_1_61' title='bbox 1505 712 1641 773; x_wconf 82' lang='lat' dir='ltr'>ﬁdes</span> <span class='ocrx_word' id='word_1_62' title='bbox 1679 725 1792 778; x_wconf 69' lang='lat' dir='ltr'>sua</span> <span class='ocrx_word' id='word_1_63' title='bbox 1889 711 2075 785; x_wconf 84' lang='lat' dir='ltr'>.jectos</span> <span class='ocrx_word' id='word_1_64' title='bbox 2104 711 2320 768; x_wconf 87' lang='lat' dir='ltr'>studeat</span> <span class='ocrx_word' id='word_1_65' title='bbox 2351 711 2636 784; x_wconf 89' lang='lat' dir='ltr'>ampliare.</span> <span class='ocrx_word' id='word_1_66' title='bbox 2686 712 2805 770; x_wconf 85' lang='lat' dir='ltr'>Hoc</span> <span class='ocrx_word' id='word_1_67' title='bbox 2832 718 3260 776; x_wconf 85' lang='lat' dir='ltr'>mansuetudinis</span> <span class='ocrx_word' id='word_1_68' title='bbox 3299 726 3502 776; x_wconf 78' lang='lat' dir='ltr'>nostrae</span> 
     </span>
    </p>
   </div>
   <div class='ocr_carea' id='block_1_7' title="bbox 161 807 854 881">
    <p class='ocr_par' dir='ltr' id='par_1_7' title="bbox 161 807 854 881">
     <span class='ocr_line' id='line_1_7' title="bbox 161 807 854 881; baseline 0.003 -19"><span class='ocrx_word' id='word_1_69' title='bbox 161 807 580 879; x_wconf 75' lang='lat' dir='ltr'>promissionis</span> <span class='ocrx_word' id='word_1_70' title='bbox 605 808 854 881; x_wconf 85' lang='lat' dir='ltr'>impleta.</span> 
     </span>
    </p>
   </div>
   <div class='ocr_carea' id='block_1_8' title="bbox 761 941 1217 1002">
    <p class='ocr_par' dir='ltr' id='par_1_8' title="bbox 761 941 1217 1002">
     <span class='ocr_line' id='line_1_8' title="bbox 761 941 1217 1002; baseline -0.002 -3"><span class='ocrx_word' id='word_1_71' title='bbox 761 943 1102 1002; x_wconf 82' lang='lat' dir='ltr'>EPISTOLA</span> <span class='ocrx_word' id='word_1_72' title='bbox 1128 941 1217 999; x_wconf 77' lang='lat' dir='ltr'>IX.</span> 
     </span>
    </p>
   </div>
   <div class='ocr_carea' id='block_1_9' title="bbox 151 1046 1793 1104">
    <p class='ocr_par' dir='ltr' id='par_1_9' title="bbox 151 1046 1793 1104">
     <span class='ocr_line' id='line_1_9' title="bbox 151 1046 1793 1104; baseline -0.001 -11"><span class='ocrx_word' id='word_1_73' title='bbox 151 1051 625 1104; x_wconf 68' lang='grc' dir='ltr'>Ῥοςεεεεοιιωυε,</span> <span class='ocrx_word' id='word_1_74' title='bbox 669 1053 1060 1094; x_wconf 73' lang='lat' dir='ltr'>DEFBNSOBIBUS</span> <span class='ocrx_word' id='word_1_75' title='bbox 1105 1053 1176 1092; x_wconf 80' lang='lat' dir='ltr'>ET</span> <span class='ocrx_word' id='word_1_76' title='bbox 1205 1047 1516 1093; x_wconf 62' lang='lat' dir='ltr'>CURULIBUS</span> <span class='ocrx_word' id='word_1_77' title='bbox 1557 1046 1793 1091; x_wconf 68' lang='lat' dir='ltr'>ESTUNIS</span> 
     </span>
    </p>
   </div>
   <div class='ocr_carea' id='block_1_10' title="bbox 495 1124 1486 1166">
    <p class='ocr_par' dir='ltr' id='par_1_10' title="bbox 495 1124 1486 1166">
     <span class='ocr_line' id='line_1_10' title="bbox 495 1124 1486 1166; baseline -0.004 0"><span class='ocrx_word' id='word_1_78' title='bbox 495 1125 936 1166; x_wconf 74' lang='lat' dir='ltr'>CONSIS&#39;I&#39;EN&#39;HBUS</span> <span class='ocrx_word' id='word_1_79' title='bbox 962 1124 1330 1166; x_wconf 73' lang='lat' dir='ltr'>TBEODORICUS</span> <span class='ocrx_word' id='word_1_80' title='bbox 1358 1125 1486 1164; x_wconf 77' lang='lat' dir='ltr'>REX.</span> 
     </span>
    </p>
   </div>
   <div class='ocr_carea' id='block_1_11' title="bbox 157 1199 1794 1272">
    <p class='ocr_par' dir='ltr' id='par_1_11' title="bbox 157 1199 1794 1272">
     <span class='ocr_line' id='line_1_11' title="bbox 157 1199 1794 1272; baseline -0.001 -19"><span class='ocrx_word' id='word_1_81' title='bbox 157 1199 350 1256; x_wconf 74' lang='lat' dir='ltr'>lubet</span> <span class='ocrx_word' id='word_1_82' title='bbox 377 1210 434 1256; x_wconf 77' lang='lat' dir='ltr'>ut</span> <span class='ocrx_word' id='word_1_83' title='bbox 458 1202 728 1272; x_wconf 75' lang='lat' dir='ltr'>columnas</span> <span class='ocrx_word' id='word_1_84' title='bbox 756 1218 1075 1257; x_wconf 84' lang='lat' dir='ltr'>marmoreas</span> <span class='ocrx_word' id='word_1_85' title='bbox 1113 1210 1164 1256; x_wconf 85' lang='lat' dir='ltr'>et</span> <span class='ocrx_word' id='word_1_86' title='bbox 1194 1201 1394 1272; x_wconf 75' lang='lat' dir='ltr'>lapides</span> <span class='ocrx_word' id='word_1_87' title='bbox 1429 1202 1544 1254; x_wconf 85' lang='lat' dir='ltr'>sine</span> <span class='ocrx_word' id='word_1_88' title='bbox 1581 1214 1679 1254; x_wconf 87' lang='lat' dir='ltr'>usu</span> <span class='ocrx_word' id='word_1_89' title='bbox 1699 1201 1794 1270; x_wconf 82' lang='lat' dir='ltr'>ja-</span> 
     </span>
    </p>
   </div>
   <div class='ocr_carea' id='block_1_12' title="bbox 283 1271 1699 1341">
    <p class='ocr_par' dir='ltr' id='par_1_12' title="bbox 283 1271 1699 1341">
     <span class='ocr_line' id='line_1_12' title="bbox 283 1271 1699 1341; baseline -0.003 -13"><span class='ocrx_word' id='word_1_90' title='bbox 283 1282 483 1341; x_wconf 81' lang='lat' dir='ltr'>ceutes,</span> <span class='ocrx_word' id='word_1_91' title='bbox 511 1273 581 1326; x_wconf 90' lang='lat' dir='ltr'>ad</span> <span class='ocrx_word' id='word_1_92' title='bbox 607 1271 786 1328; x_wconf 81' lang='lat' dir='ltr'>urbem</span> <span class='ocrx_word' id='word_1_93' title='bbox 814 1272 1123 1328; x_wconf 78' lang='lat' dir='ltr'>Ravennam</span> <span class='ocrx_word' id='word_1_94' title='bbox 1152 1272 1469 1328; x_wconf 73' lang='lat' dir='ltr'>devehendos</span> <span class='ocrx_word' id='word_1_95' title='bbox 1499 1278 1699 1325; x_wconf 87' lang='lat' dir='ltr'>curent.</span> 
     </span>
    </p>
   </div>
   <div class='ocr_carea' id='block_1_13' title="bbox 258 1359 1798 1436">
    <p class='ocr_par' dir='ltr' id='par_1_13' title="bbox 258 1359 1798 1436">
     <span class='ocr_line' id='line_1_13' title="bbox 258 1359 1798 1436; baseline -0.001 -18"><span class='ocrx_word' id='word_1_96' title='bbox 258 1363 538 1436; x_wconf 87' lang='lat' dir='ltr'>Propositi</span> <span class='ocrx_word' id='word_1_97' title='bbox 575 1363 792 1436; x_wconf 86' lang='lat' dir='ltr'>quidem</span> <span class='ocrx_word' id='word_1_98' title='bbox 836 1363 1009 1421; x_wconf 83' lang='lat' dir='ltr'><strong>nostri</strong></span> <span class='ocrx_word' id='word_1_99' title='bbox 1053 1369 1137 1419; x_wconf 87' lang='lat' dir='ltr'>est</span> <span class='ocrx_word' id='word_1_100' title='bbox 1165 1379 1304 1418; x_wconf 88' lang='lat' dir='ltr'>nova</span> <span class='ocrx_word' id='word_1_101' title='bbox 1329 1369 1669 1428; x_wconf 84' lang='lat' dir='ltr'><strong>construere,</strong></span> <span class='ocrx_word' id='word_1_102' title='bbox 1702 1359 1798 1417; x_wconf 88' lang='lat' dir='ltr'>sed</span> 
     </span>
    </p>
   </div>
   <div class='ocr_carea' id='block_1_14' title="bbox 175 1455 1799 1531">
    <p class='ocr_par' dir='ltr' id='par_1_14' title="bbox 175 1455 1799 1531">
     <span class='ocr_line' id='line_1_14' title="bbox 175 1455 1799 1531; baseline -0.004 -15"><span class='ocrx_word' id='word_1_103' title='bbox 175 1460 430 1531; x_wconf 84' lang='lat' dir='ltr'>amplius</span> <span class='ocrx_word' id='word_1_104' title='bbox 457 1467 671 1515; x_wconf 88' lang='lat' dir='ltr'>vetusta</span> <span class='ocrx_word' id='word_1_105' title='bbox 714 1473 935 1515; x_wconf 88' lang='lat' dir='ltr'>servare</span> <span class='ocrx_word' id='word_1_106' title='bbox 960 1475 974 1511; x_wconf 87' lang='lat'><strong>:</strong></span> <span class='ocrx_word' id='word_1_107' title='bbox 999 1457 1124 1527; x_wconf 84' lang='lat' dir='ltr'>quia</span> <span class='ocrx_word' id='word_1_108' title='bbox 1154 1472 1266 1512; x_wconf 91' lang='lat' dir='ltr'>non</span> <span class='ocrx_word' id='word_1_109' title='bbox 1286 1457 1556 1512; x_wconf 84' lang='lat' dir='ltr'>minorem</span> <span class='ocrx_word' id='word_1_110' title='bbox 1581 1455 1799 1509; x_wconf 86' lang='lat' dir='ltr'>laudem</span> 
     </span>
    </p>
   </div>
   <div class='ocr_carea' id='block_1_15' title="bbox 177 1548 1797 1622">
    <p class='ocr_par' dir='ltr' id='par_1_15' title="bbox 177 1548 1797 1622">
     <span class='ocr_line' id='line_1_15' title="bbox 177 1548 1797 1622; baseline -0.004 -14"><span class='ocrx_word' id='word_1_111' title='bbox 177 1551 262 1608; x_wconf 88' lang='lat' dir='ltr'>de</span> <span class='ocrx_word' id='word_1_112' title='bbox 292 1552 550 1617; x_wconf 86' lang='lat' dir='ltr'>inventis,</span> <span class='ocrx_word' id='word_1_113' title='bbox 596 1565 760 1622; x_wconf 84' lang='lat' dir='ltr'>quam</span> <span class='ocrx_word' id='word_1_114' title='bbox 787 1551 855 1606; x_wconf 91' lang='lat' dir='ltr'>de</span> <span class='ocrx_word' id='word_1_115' title='bbox 879 1550 1045 1606; x_wconf 86' lang='lat' dir='ltr'>rebus</span> <span class='ocrx_word' id='word_1_116' title='bbox 1067 1565 1362 1620; x_wconf 89' lang='lat' dir='ltr'>,possumus</span> <span class='ocrx_word' id='word_1_117' title='bbox 1390 1548 1674 1618; x_wconf 87' lang='lat' dir='ltr'>acquirere</span> <span class='ocrx_word' id='word_1_118' title='bbox 1699 1561 1797 1602; x_wconf 84' lang='lat' dir='ltr'>cu-</span> 
     </span>
    </p>
   </div>
   <div class='ocr_carea' id='block_1_16' title="bbox 177 1640 1798 1714">
    <p class='ocr_par' dir='ltr' id='par_1_16' title="bbox 177 1640 1798 1714">
     <span class='ocr_line' id='line_1_16' title="bbox 177 1640 1798 1714; baseline -0.002 -13"><span class='ocrx_word' id='word_1_119' title='bbox 177 1643 430 1701; x_wconf 77' lang='lat' dir='ltr'>stoditis.</span> <span class='ocrx_word' id='word_1_120' title='bbox 455 1642 693 1700; x_wconf 88' lang='lat' dir='ltr'>Proinde</span> <span class='ocrx_word' id='word_1_121' title='bbox 721 1643 983 1700; x_wconf 89' lang='lat' dir='ltr'>moderna</span> <span class='ocrx_word' id='word_1_122' title='bbox 1003 1643 1123 1698; x_wconf 88' lang='lat' dir='ltr'>sine</span> <span class='ocrx_word' id='word_1_123' title='bbox 1150 1643 1394 1714; x_wconf 85' lang='lat' dir='ltr'>priorum</span> <span class='ocrx_word' id='word_1_124' title='bbox 1421 1640 1798 1697; x_wconf 86' lang='lat' dir='ltr'>imminutione</span> 
     </span>
    </p>
   </div>
   <div class='ocr_carea' id='block_1_17' title="bbox 175 1733 1798 1807">
    <p class='ocr_par' dir='ltr' id='par_1_17' title="bbox 175 1733 1798 1807">
     <span class='ocr_line' id='line_1_17' title="bbox 175 1733 1798 1807; baseline -0.002 -15"><span class='ocrx_word' id='word_1_125' title='bbox 175 1735 562 1794; x_wconf 88' lang='lat' dir='ltr'>desideramus</span> <span class='ocrx_word' id='word_1_126' title='bbox 613 1737 844 1807; x_wconf 77' lang='lat' dir='ltr'>erigere.</span> <span class='ocrx_word' id='word_1_127' title='bbox 894 1735 1164 1806; x_wconf 86' lang='lat' dir='ltr'>Quidquid</span> <span class='ocrx_word' id='word_1_128' title='bbox 1213 1735 1358 1790; x_wconf 89' lang='lat' dir='ltr'>enim</span> <span class='ocrx_word' id='word_1_129' title='bbox 1408 1749 1508 1805; x_wconf 87' lang='lat' dir='ltr'>per</span> <span class='ocrx_word' id='word_1_130' title='bbox 1559 1733 1798 1788; x_wconf 89' lang='lat' dir='ltr'>alienum</span> 
     </span>
    </p>
   </div>
   <div class='ocr_carea' id='block_1_18' title="bbox 1891 807 3499 886">
    <p class='ocr_par' dir='ltr' id='par_1_18' title="bbox 1891 807 3499 886">
     <span class='ocr_line' id='line_1_18' title="bbox 1891 807 3499 886; baseline 0.004 -22"><span class='ocrx_word' id='word_1_131' title='bbox 1891 807 2141 879; x_wconf 87' lang='lat' dir='ltr'>glorioso</span> <span class='ocrx_word' id='word_1_132' title='bbox 2179 808 2490 879; x_wconf 85' lang='lat' dir='ltr'>proposito,</span> <span class='ocrx_word' id='word_1_133' title='bbox 2537 823 2700 878; x_wconf 89' lang='lat' dir='ltr'>quem</span> <span class='ocrx_word' id='word_1_134' title='bbox 2728 811 2900 882; x_wconf 88' lang='lat' dir='ltr'>gratia</span> <span class='ocrx_word' id='word_1_135' title='bbox 2925 813 3296 880; x_wconf 71' lang='lat' dir='ltr'>generalitatis</span> <span class='ocrx_word' id='word_1_136' title='bbox 3321 816 3499 886; x_wconf 91' lang='lat' dir='ltr'>patrio</span> 
     </span>
    </p>
   </div>
   <div class='ocr_carea' id='block_1_19' title="bbox 1901 900 3500 978">
    <p class='ocr_par' dir='ltr' id='par_1_19' title="bbox 1901 900 3500 978">
     <span class='ocr_line' id='line_1_19' title="bbox 1901 900 3500 978; baseline 0.005 -23"><span class='ocrx_word' id='word_1_137' title='bbox 1901 900 2150 958; x_wconf 87' lang='lat' dir='ltr'>fovemus</span> <span class='ocrx_word' id='word_1_138' title='bbox 2167 900 2385 970; x_wconf 70' lang='lat' dir='ltr'>affectu,</span> <span class='ocrx_word' id='word_1_139' title='bbox 2399 916 2497 972; x_wconf 89' lang='lat' dir='ltr'>per</span> <span class='ocrx_word' id='word_1_140' title='bbox 2524 901 2874 958; x_wconf 88' lang='lat' dir='ltr'>indictionem</span> <span class='ocrx_word' id='word_1_141' title='bbox 2891 912 3139 974; x_wconf 82' lang='lat' dir='ltr'>quartam</span> <span class='ocrx_word' id='word_1_142' title='bbox 3168 905 3245 978; x_wconf 82' lang='lat' dir='ltr'>[id</span> <span class='ocrx_word' id='word_1_143' title='bbox 3264 917 3342 961; x_wconf 83' lang='lat' dir='ltr'>est</span> <span class='ocrx_word' id='word_1_144' title='bbox 3359 925 3500 964; x_wconf 74' lang='lat' dir='ltr'>auito</span> 
     </span>
    </p>
   </div>
   <div class='ocr_carea' id='block_1_20' title="bbox 1901 991 3500 1067">
    <p class='ocr_par' dir='ltr' id='par_1_20' title="bbox 1901 991 3500 1067">
     <span class='ocr_line' id='line_1_20' title="bbox 1901 991 3500 1067; baseline 0.005 -21"><span class='ocrx_word' id='word_1_145' title='bbox 1901 991 2030 1065; x_wconf 79' lang='lat' dir='ltr'>5H]</span> <span class='ocrx_word' id='word_1_146' title='bbox 2067 993 2396 1064; x_wconf 58' lang='lat' dir='ltr'>praefectura:</span> <span class='ocrx_word' id='word_1_147' title='bbox 2425 993 2643 1050; x_wconf 75' lang='lat' dir='ltr'>urbana:</span> <span class='ocrx_word' id='word_1_148' title='bbox 2673 995 2866 1052; x_wconf 84' lang='lat' dir='ltr'>infulas</span> <span class='ocrx_word' id='word_1_149' title='bbox 2895 997 2990 1051; x_wconf 88' lang='lat' dir='ltr'>tibi</span> <span class='ocrx_word' id='word_1_150' title='bbox 3019 998 3240 1067; x_wconf 87' lang='lat' dir='ltr'>copiosa</span> <span class='ocrx_word' id='word_1_151' title='bbox 3261 997 3500 1054; x_wconf 86' lang='lat' dir='ltr'>liberali-</span> 
     </span>
    </p>
   </div>
   <div class='ocr_carea' id='block_1_21' title="bbox 1903 1086 3504 1157">
    <p class='ocr_par' dir='ltr' id='par_1_21' title="bbox 1903 1086 3504 1157">
     <span class='ocr_line' id='line_1_21' title="bbox 1903 1086 3504 1157; baseline 0.004 -17"><span class='ocrx_word' id='word_1_152' title='bbox 1903 1093 2016 1142; x_wconf 88' lang='lat' dir='ltr'>tate</span> <span class='ocrx_word' id='word_1_153' title='bbox 2044 1086 2321 1157; x_wconf 78' lang='lat' dir='ltr'>largimur,</span> <span class='ocrx_word' id='word_1_154' title='bbox 2355 1094 2415 1142; x_wconf 91' lang='lat' dir='ltr'>ut</span> <span class='ocrx_word' id='word_1_155' title='bbox 2435 1088 2680 1157; x_wconf 87' lang='lat' dir='ltr'>.paternis</span> <span class='ocrx_word' id='word_1_156' title='bbox 2707 1089 3006 1145; x_wconf 88' lang='lat' dir='ltr'>honoribus</span> <span class='ocrx_word' id='word_1_157' title='bbox 3033 1091 3308 1147; x_wconf 83' lang='lat' dir='ltr'>successio</span> <span class='ocrx_word' id='word_1_158' title='bbox 3356 1091 3504 1146; x_wconf 89' lang='lat' dir='ltr'>clara</span> 
     </span>
    </p>
   </div>
   <div class='ocr_carea' id='block_1_22' title="bbox 1903 1179 3502 1253">
    <p class='ocr_par' dir='ltr' id='par_1_22' title="bbox 1903 1179 3502 1253">
     <span class='ocr_line' id='line_1_22' title="bbox 1903 1179 3502 1253; baseline 0.003 -19"><span class='ocrx_word' id='word_1_159' title='bbox 1903 1179 2147 1245; x_wconf 79' lang='lat' dir='ltr'>hetetur,</span> <span class='ocrx_word' id='word_1_160' title='bbox 2198 1188 2253 1237; x_wconf 91' lang='lat' dir='ltr'>et</span> <span class='ocrx_word' id='word_1_161' title='bbox 2290 1181 2389 1237; x_wconf 89' lang='lat' dir='ltr'>sub</span> <span class='ocrx_word' id='word_1_162' title='bbox 2417 1181 2576 1238; x_wconf 88' lang='lat' dir='ltr'>nobis</span> <span class='ocrx_word' id='word_1_163' title='bbox 2604 1181 2778 1252; x_wconf 87' lang='lat' dir='ltr'>possit</span> <span class='ocrx_word' id='word_1_164' title='bbox 2804 1182 3070 1252; x_wconf 77' lang='lat' dir='ltr'>prolicere</span> <span class='ocrx_word' id='word_1_165' title='bbox 3098 1181 3361 1253; x_wconf 88' lang='lat' dir='ltr'>quidquid</span> <span class='ocrx_word' id='word_1_166' title='bbox 3385 1197 3502 1238; x_wconf 90' lang='lat' dir='ltr'>me-</span> 
     </span>
    </p>
   </div>
   <div class='ocr_carea' id='block_1_23' title="bbox 1903 1271 3506 1346">
    <p class='ocr_par' dir='ltr' id='par_1_23' title="bbox 1903 1271 3506 1346">
     <span class='ocr_line' id='line_1_23' title="bbox 1903 1271 3506 1346; baseline 0.001 -20"><span class='ocrx_word' id='word_1_167' title='bbox 1903 1271 2016 1326; x_wconf 92' lang='lat' dir='ltr'>ruit</span> <span class='ocrx_word' id='word_1_168' title='bbox 2042 1271 2113 1325; x_wconf 92' lang='lat' dir='ltr'>ad</span> <span class='ocrx_word' id='word_1_169' title='bbox 2141 1281 2328 1328; x_wconf 86' lang='lat' dir='ltr'>nostra</span> <span class='ocrx_word' id='word_1_170' title='bbox 2355 1272 2553 1328; x_wconf 67' lang='lat' dir='ltr'>srecula</span> <span class='ocrx_word' id='word_1_171' title='bbox 2581 1273 2884 1343; x_wconf 84' lang='lat' dir='ltr'>pervenire.</span> <span class='ocrx_word' id='word_1_172' title='bbox 2922 1273 3294 1346; x_wconf 80' lang='lat' dir='ltr'>Circumspice</span> <span class='ocrx_word' id='word_1_173' title='bbox 3323 1274 3506 1343; x_wconf 85' lang='lat' dir='ltr'>itaque</span> 
     </span>
    </p>
   </div>
   <div class='ocr_carea' id='block_1_24' title="bbox 1905 1364 3505 1435">
    <p class='ocr_par' dir='ltr' id='par_1_24' title="bbox 1905 1364 3505 1435">
     <span class='ocr_line' id='line_1_24' title="bbox 1905 1364 3505 1435; baseline 0.001 -16"><span class='ocrx_word' id='word_1_174' title='bbox 1905 1378 2070 1435; x_wconf 90' lang='lat' dir='ltr'>quam</span> <span class='ocrx_word' id='word_1_175' title='bbox 2114 1377 2370 1433; x_wconf 89' lang='lat' dir='ltr'>magnum</span> <span class='ocrx_word' id='word_1_176' title='bbox 2411 1364 2482 1420; x_wconf 91' lang='lat' dir='ltr'>sit</span> <span class='ocrx_word' id='word_1_177' title='bbox 2529 1365 2838 1434; x_wconf 88' lang='lat' dir='ltr'>primordiis</span> <span class='ocrx_word' id='word_1_178' title='bbox 2883 1366 2988 1424; x_wconf 89' lang='lat' dir='ltr'>tuis</span> <span class='ocrx_word' id='word_1_179' title='bbox 3034 1382 3228 1422; x_wconf 87' lang='lat' dir='ltr'>canam</span> <span class='ocrx_word' id='word_1_180' title='bbox 3275 1367 3505 1422; x_wconf 80' lang='lat' dir='ltr'>Romam</span> 
     </span>
    </p>
   </div>
   <div class='ocr_carea' id='block_1_25' title="bbox 1889 1457 3506 1530">
    <p class='ocr_par' dir='ltr' id='par_1_25' title="bbox 1889 1457 3506 1530">
     <span class='ocr_line' id='line_1_25' title="bbox 1889 1457 3506 1530; baseline 0.002 -17"><span class='ocrx_word' id='word_1_181' title='bbox 1889 1459 2146 1528; x_wconf 78' lang='lat' dir='ltr'>potuisse</span> <span class='ocrx_word' id='word_1_182' title='bbox 2167 1458 2462 1524; x_wconf 88' lang='lat' dir='ltr'>committi;</span> <span class='ocrx_word' id='word_1_183' title='bbox 2494 1457 2629 1512; x_wconf 91' lang='lat' dir='ltr'>utin</span> <span class='ocrx_word' id='word_1_184' title='bbox 2657 1457 2750 1512; x_wconf 93' lang='lat' dir='ltr'>illo</span> <span class='ocrx_word' id='word_1_185' title='bbox 2779 1457 3111 1527; x_wconf 87' lang='lat' dir='ltr'>amplissimo</span> <span class='ocrx_word' id='word_1_186' title='bbox 3133 1467 3280 1516; x_wconf 62' lang='lat' dir='ltr'>coetu</span> <span class='ocrx_word' id='word_1_187' title='bbox 3304 1459 3506 1530; x_wconf 72' lang='lat' dir='ltr'>judicia</span> 
     </span>
    </p>
   </div>
   <div class='ocr_carea' id='block_1_26' title="bbox 1905 1548 3507 1623">
    <p class='ocr_par' dir='ltr' id='par_1_26' title="bbox 1905 1548 3507 1623">
     <span class='ocr_line' id='line_1_26' title="bbox 1905 1548 3507 1623; baseline 0.004 -20"><span class='ocrx_word' id='word_1_188' title='bbox 1905 1548 2141 1605; x_wconf 88' lang='lat' dir='ltr'>videaris</span> <span class='ocrx_word' id='word_1_189' title='bbox 2164 1550 2404 1604; x_wconf 87' lang='lat' dir='ltr'>eminere</span> <span class='ocrx_word' id='word_1_190' title='bbox 2429 1558 2704 1619; x_wconf 86' lang='lat' dir='ltr'>suggestu,</span> <span class='ocrx_word' id='word_1_191' title='bbox 2724 1548 2819 1605; x_wconf 88' lang='lat' dir='ltr'>ubi</span> <span class='ocrx_word' id='word_1_192' title='bbox 2841 1557 2925 1604; x_wconf 91' lang='lat' dir='ltr'>est</span> <span class='ocrx_word' id='word_1_193' title='bbox 2952 1549 3198 1616; x_wconf 88' lang='lat' dir='ltr'>arduum,</span> <span class='ocrx_word' id='word_1_194' title='bbox 3227 1553 3313 1608; x_wconf 90' lang='lat' dir='ltr'>vel</span> <span class='ocrx_word' id='word_1_195' title='bbox 3329 1553 3507 1623; x_wconf 82' lang='lat' dir='ltr'>ipsum</span> 
     </span>
    </p>
   </div>
   <div class='ocr_carea' id='block_1_27' title="bbox 1905 1639 3508 1710">
    <p class='ocr_par' dir='ltr' id='par_1_27' title="bbox 1905 1639 3508 1710">
     <span class='ocr_line' id='line_1_27' title="bbox 1905 1639 3508 1710; baseline 0.004 -15"><span class='ocrx_word' id='word_1_196' title='bbox 1905 1639 2156 1696; x_wconf 89' lang='lat' dir='ltr'>obtinere</span> <span class='ocrx_word' id='word_1_197' title='bbox 2181 1640 2493 1710; x_wconf 75' lang='lat' dir='ltr'>collegium.</span> <span class='ocrx_word' id='word_1_198' title='bbox 2525 1639 2695 1696; x_wconf 89' lang='lat' dir='ltr'>Stude</span> <span class='ocrx_word' id='word_1_199' title='bbox 2723 1653 2854 1709; x_wconf 85' lang='lat' dir='ltr'>ergo</span> <span class='ocrx_word' id='word_1_200' title='bbox 2881 1648 2999 1696; x_wconf 88' lang='lat' dir='ltr'>uta</span> <span class='ocrx_word' id='word_1_201' title='bbox 3027 1643 3235 1699; x_wconf 88' lang='lat' dir='ltr'>meritis</span> <span class='ocrx_word' id='word_1_202' title='bbox 3261 1645 3371 1700; x_wconf 88' lang='lat' dir='ltr'>tuis</span> <span class='ocrx_word' id='word_1_203' title='bbox 3392 1645 3508 1701; x_wconf 77' lang='lat' dir='ltr'>exi-</span> 
     </span>
    </p>
   </div>
   <div class='ocr_carea' id='block_1_28' title="bbox 1903 1732 3509 1803">
    <p class='ocr_par' dir='ltr' id='par_1_28' title="bbox 1903 1732 3509 1803">
     <span class='ocr_line' id='line_1_28' title="bbox 1903 1732 3509 1803; baseline 0.004 -17"><span class='ocrx_word' id='word_1_204' title='bbox 1903 1745 2035 1802; x_wconf 91' lang='lat' dir='ltr'>gere</span> <span class='ocrx_word' id='word_1_205' title='bbox 2078 1733 2254 1802; x_wconf 87' lang='lat' dir='ltr'>possis</span> <span class='ocrx_word' id='word_1_206' title='bbox 2297 1732 2444 1803; x_wconf 92' lang='lat' dir='ltr'>quod</span> <span class='ocrx_word' id='word_1_207' title='bbox 2481 1747 2583 1788; x_wconf 92' lang='lat' dir='ltr'>nos</span> <span class='ocrx_word' id='word_1_208' title='bbox 2619 1733 2939 1803; x_wconf 65' lang='lat' dir='ltr'>praestitisse</span> <span class='ocrx_word' id='word_1_209' title='bbox 2967 1734 3272 1803; x_wconf 78' lang='lat' dir='ltr'>cognoscis.</span> <span class='ocrx_word' id='word_1_210' title='bbox 3327 1735 3509 1793; x_wconf 79' lang='lat' dir='ltr'>Avara</span> 
     </span>
    </p>
   </div>
   <div class='ocr_carea' id='block_1_29' title="bbox 177 1823 3509 1906">
    <p class='ocr_par' dir='ltr' id='par_1_29' title="bbox 177 1823 3509 1906">
     <span class='ocr_line' id='line_1_29' title="bbox 177 1823 3509 1906; baseline 0 -22"><span class='ocrx_word' id='word_1_211' title='bbox 177 1829 343 1884; x_wconf 83' lang='lat' dir='ltr'>venit</span> <span class='ocrx_word' id='word_1_212' title='bbox 391 1823 826 1894; x_wconf 81' lang='lat' dir='ltr'>incommOdum,</span> <span class='ocrx_word' id='word_1_213' title='bbox 868 1835 1076 1884; x_wconf 72' lang='lat' dir='ltr'>nostra:</span> <span class='ocrx_word' id='word_1_214' title='bbox 1119 1826 1341 1898; x_wconf 66' lang='lat' dir='ltr'>iustitiae</span> <span class='ocrx_word' id='word_1_215' title='bbox 1379 1843 1490 1882; x_wconf 93' lang='lat' dir='ltr'>non</span> <span class='ocrx_word' id='word_1_216' title='bbox 1533 1827 1798 1898; x_wconf 88' lang='lat' dir='ltr'>probatur</span> <span class='ocrx_word' id='word_1_217' title='bbox 1823 1843 1882 1906; x_wconf 67' lang='grc' dir='ltr'>,Β</span> <span class='ocrx_word' id='word_1_218' title='bbox 1904 1825 2050 1894; x_wconf 77' lang='lat' dir='ltr'>fuge,</span> <span class='ocrx_word' id='word_1_219' title='bbox 2091 1823 2238 1894; x_wconf 90' lang='lat' dir='ltr'>justa</span> <span class='ocrx_word' id='word_1_220' title='bbox 2278 1839 2531 1894; x_wconf 84' lang='lat' dir='ltr'>sequere,</span> <span class='ocrx_word' id='word_1_221' title='bbox 2573 1825 2819 1881; x_wconf 86' lang='lat' dir='ltr'>modesta</span> <span class='ocrx_word' id='word_1_222' title='bbox 2857 1825 3042 1894; x_wconf 85' lang='lat' dir='ltr'>dilige,</span> <span class='ocrx_word' id='word_1_223' title='bbox 3086 1825 3509 1884; x_wconf 86' lang='lat' dir='ltr'>iracundacon—</span> 
     </span>
    </p>
   </div>
   <div class='ocr_carea' id='block_1_30' title="bbox 180 1921 1800 1992">
    <p class='ocr_par' dir='ltr' id='par_1_30' title="bbox 180 1921 1800 1992">
     <span class='ocr_line' id='line_1_30' title="bbox 180 1921 1800 1992; baseline 0.001 -18"><span class='ocrx_word' id='word_1_224' title='bbox 180 1927 500 1991; x_wconf 86' lang='lat' dir='ltr'>acceptum.</span> <span class='ocrx_word' id='word_1_225' title='bbox 527 1921 589 1978; x_wconf 90' lang='lat' dir='ltr'>ln</span> <span class='ocrx_word' id='word_1_226' title='bbox 617 1921 916 1992; x_wconf 88' lang='lat' dir='ltr'>municipio</span> <span class='ocrx_word' id='word_1_227' title='bbox 943 1921 1126 1991; x_wconf 87' lang='lat' dir='ltr'>itaque</span> <span class='ocrx_word' id='word_1_228' title='bbox 1154 1928 1337 1976; x_wconf 90' lang='lat' dir='ltr'>vestro</span> <span class='ocrx_word' id='word_1_229' title='bbox 1356 1921 1474 1977; x_wconf 89' lang='lat' dir='ltr'>sine</span> <span class='ocrx_word' id='word_1_230' title='bbox 1498 1937 1598 1977; x_wconf 90' lang='lat' dir='ltr'>usu</span> <span class='ocrx_word' id='word_1_231' title='bbox 1617 1921 1800 1990; x_wconf 86' lang='lat' dir='ltr'>jacere</span> 
     </span>
    </p>
   </div>
   <div class='ocr_carea' id='block_1_31' title="bbox 179 2011 1798 2083">
    <p class='ocr_par' dir='ltr' id='par_1_31' title="bbox 179 2011 1798 2083">
     <span class='ocr_line' id='line_1_31' title="bbox 179 2011 1798 2083; baseline 0 -15"><span class='ocrx_word' id='word_1_232' title='bbox 179 2013 560 2083; x_wconf 89' lang='lat' dir='ltr'>comperimus</span> <span class='ocrx_word' id='word_1_233' title='bbox 605 2013 885 2068; x_wconf 90' lang='lat' dir='ltr'>columnas</span> <span class='ocrx_word' id='word_1_234' title='bbox 932 2019 990 2066; x_wconf 91' lang='lat' dir='ltr'>et</span> <span class='ocrx_word' id='word_1_235' title='bbox 1030 2011 1237 2082; x_wconf 85' lang='lat' dir='ltr'>lapides</span> <span class='ocrx_word' id='word_1_236' title='bbox 1282 2012 1571 2068; x_wconf 86' lang='lat' dir='ltr'>vetustatis</span> <span class='ocrx_word' id='word_1_237' title='bbox 1599 2011 1798 2069; x_wconf 80' lang='lat' dir='ltr'>invidia</span> 
     </span>
    </p>
   </div>
   <div class='ocr_carea' id='block_1_32' title="bbox 181 2102 1798 2174">
    <p class='ocr_par' dir='ltr' id='par_1_32' title="bbox 181 2102 1798 2174">
     <span class='ocr_line' id='line_1_32' title="bbox 181 2102 1798 2174; baseline 0 -16"><span class='ocrx_word' id='word_1_238' title='bbox 181 2102 506 2160; x_wconf 91' lang='lat' dir='ltr'>demolitos.</span> <span class='ocrx_word' id='word_1_239' title='bbox 537 2102 605 2159; x_wconf 87' lang='lat' dir='ltr'>Et</span> <span class='ocrx_word' id='word_1_240' title='bbox 623 2104 749 2174; x_wconf 87' lang='lat' dir='ltr'>quia</span> <span class='ocrx_word' id='word_1_241' title='bbox 776 2103 1032 2159; x_wconf 90' lang='lat' dir='ltr'>indecore</span> <span class='ocrx_word' id='word_1_242' title='bbox 1059 2102 1296 2172; x_wconf 89' lang='lat' dir='ltr'>jacentia</span> <span class='ocrx_word' id='word_1_243' title='bbox 1323 2118 1542 2160; x_wconf 90' lang='lat' dir='ltr'>servare</span> <span class='ocrx_word' id='word_1_244' title='bbox 1565 2103 1641 2158; x_wconf 91' lang='lat' dir='ltr'>nil</span> <span class='ocrx_word' id='word_1_245' title='bbox 1667 2118 1798 2173; x_wconf 90' lang='lat' dir='ltr'>pro-</span> 
     </span>
    </p>
   </div>
   <div class='ocr_carea' id='block_1_33' title="bbox 183 2189 1800 2263">
    <p class='ocr_par' dir='ltr' id='par_1_33' title="bbox 183 2189 1800 2263">
     <span class='ocr_line' id='line_1_33' title="bbox 183 2189 1800 2263; baseline 0.002 -19"><span class='ocrx_word' id='word_1_246' title='bbox 183 2190 330 2254; x_wconf 80' lang='lat' dir='ltr'>ﬁcit,</span> <span class='ocrx_word' id='word_1_247' title='bbox 350 2189 419 2244; x_wconf 88' lang='lat' dir='ltr'>ad</span> <span class='ocrx_word' id='word_1_248' title='bbox 434 2199 686 2247; x_wconf 88' lang='lat' dir='ltr'>ornatum</span> <span class='ocrx_word' id='word_1_249' title='bbox 707 2192 910 2247; x_wconf 85' lang='lat' dir='ltr'>debent</span> <span class='ocrx_word' id='word_1_250' title='bbox 923 2205 1144 2260; x_wconf 80' lang='lat' dir='ltr'>surgere</span> <span class='ocrx_word' id='word_1_251' title='bbox 1162 2192 1476 2258; x_wconf 90' lang='lat' dir='ltr'>redivivum,</span> <span class='ocrx_word' id='word_1_252' title='bbox 1505 2199 1800 2263; x_wconf 85' lang='lat' dir='ltr'>antequam</span> 
     </span>
    </p>
   </div>
   <div class='ocr_carea' id='block_1_34' title="bbox 184 2282 1798 2353">
    <p class='ocr_par' dir='ltr' id='par_1_34' title="bbox 184 2282 1798 2353">
     <span class='ocr_line' id='line_1_34' title="bbox 184 2282 1798 2353; baseline -0.001 -15"><span class='ocrx_word' id='word_1_253' title='bbox 184 2282 444 2338; x_wconf 87' lang='lat' dir='ltr'>dolorem</span> <span class='ocrx_word' id='word_1_254' title='bbox 465 2290 772 2339; x_wconf 81' lang='lat' dir='ltr'>monstrare</span> <span class='ocrx_word' id='word_1_255' title='bbox 801 2298 870 2338; x_wconf 81' lang='lat' dir='ltr'>ex</span> <span class='ocrx_word' id='word_1_256' title='bbox 900 2283 1163 2338; x_wconf 83' lang='lat' dir='ltr'>memoria</span> <span class='ocrx_word' id='word_1_257' title='bbox 1183 2283 1606 2353; x_wconf 83' lang='lat' dir='ltr'>praecedentium</span> <span class='ocrx_word' id='word_1_258' title='bbox 1626 2297 1798 2338; x_wconf 76' lang='lat' dir='ltr'>szecu-</span> 
     </span>
    </p>
   </div>
   <div class='ocr_carea' id='block_1_35' title="bbox 185 2372 1794 2445">
    <p class='ocr_par' dir='ltr' id='par_1_35' title="bbox 185 2372 1794 2445">
     <span class='ocr_line' id='line_1_35' title="bbox 185 2372 1794 2445; baseline 0.002 -17"><span class='ocrx_word' id='word_1_259' title='bbox 185 2372 394 2430; x_wconf 87' lang='lat' dir='ltr'>lorum.</span> <span class='ocrx_word' id='word_1_260' title='bbox 418 2372 598 2445; x_wconf 73' lang='lat' dir='ltr'>Atque</span> <span class='ocrx_word' id='word_1_261' title='bbox 625 2374 762 2430; x_wconf 86' lang='lat' dir='ltr'>ideo</span> <span class='ocrx_word' id='word_1_262' title='bbox 793 2374 1046 2445; x_wconf 63' lang='lat' dir='ltr'>praesenti</span> <span class='ocrx_word' id='word_1_263' title='bbox 1078 2375 1404 2430; x_wconf 83' lang='lat' dir='ltr'>auctoritate</span> <span class='ocrx_word' id='word_1_264' title='bbox 1432 2375 1794 2442; x_wconf 87' lang='lat' dir='ltr'>decernimus,</span> 
     </span>
    </p>
   </div>
   <div class='ocr_carea' id='block_1_36' title="bbox 189 2465 1798 2538">
    <p class='ocr_par' dir='ltr' id='par_1_36' title="bbox 189 2465 1798 2538">
     <span class='ocr_line' id='line_1_36' title="bbox 189 2465 1798 2538; baseline 0.002 -19"><span class='ocrx_word' id='word_1_265' title='bbox 189 2473 275 2532; x_wconf 91' lang='lat' dir='ltr'>ut,</span> <span class='ocrx_word' id='word_1_266' title='bbox 308 2467 353 2521; x_wconf 91' lang='lat' dir='ltr'>si</span> <span class='ocrx_word' id='word_1_267' title='bbox 367 2480 496 2522; x_wconf 90' lang='lat' dir='ltr'>vera</span> <span class='ocrx_word' id='word_1_268' title='bbox 522 2465 654 2521; x_wconf 82' lang='lat' dir='ltr'>fides</span> <span class='ocrx_word' id='word_1_269' title='bbox 683 2474 766 2522; x_wconf 92' lang='lat' dir='ltr'>est</span> <span class='ocrx_word' id='word_1_270' title='bbox 795 2467 1218 2537; x_wconf 87' lang='lat' dir='ltr'>suggerentium,</span> <span class='ocrx_word' id='word_1_271' title='bbox 1238 2479 1339 2522; x_wconf 89' lang='lat' dir='ltr'>nec</span> <span class='ocrx_word' id='word_1_272' title='bbox 1361 2465 1564 2537; x_wconf 89' lang='lat' dir='ltr'>aliquid</span> <span class='ocrx_word' id='word_1_273' title='bbox 1582 2467 1798 2538; x_wconf 92' lang='lat' dir='ltr'>publico</span> 
     </span>
    </p>
   </div>
   <div class='ocr_carea' id='block_1_37' title="bbox 191 2558 1799 2629">
    <p class='ocr_par' dir='ltr' id='par_1_37' title="bbox 191 2558 1799 2629">
     <span class='ocr_line' id='line_1_37' title="bbox 191 2558 1799 2629; baseline 0.001 -17"><span class='ocrx_word' id='word_1_274' title='bbox 191 2573 343 2614; x_wconf 88' lang='lat' dir='ltr'>nunc</span> <span class='ocrx_word' id='word_1_275' title='bbox 373 2558 587 2613; x_wconf 87' lang='lat' dir='ltr'>ornatui</span> <span class='ocrx_word' id='word_1_276' title='bbox 616 2558 878 2629; x_wconf 85' lang='lat' dir='ltr'>probatur</span> <span class='ocrx_word' id='word_1_277' title='bbox 906 2559 1316 2614; x_wconf 90' lang='lat' dir='ltr'>accommodum</span> <span class='ocrx_word' id='word_1_278' title='bbox 1334 2601 1348 2627; x_wconf 90' lang='lat'>,</span> <span class='ocrx_word' id='word_1_279' title='bbox 1397 2573 1559 2628; x_wconf 87' lang='lat' dir='ltr'>supra</span> <span class='ocrx_word' id='word_1_280' title='bbox 1590 2573 1799 2613; x_wconf 88' lang='lat' dir='ltr'>memo-</span> 
     </span>
    </p>
   </div>
   <div class='ocr_carea' id='block_1_38' title="bbox 192 2650 1798 2721">
    <p class='ocr_par' dir='ltr' id='par_1_38' title="bbox 192 2650 1798 2721">
     <span class='ocr_line' id='line_1_38' title="bbox 192 2650 1798 2721; baseline -0.001 -16"><span class='ocrx_word' id='word_1_281' title='bbox 192 2659 346 2706; x_wconf 82' lang='lat' dir='ltr'>ratas</span> <span class='ocrx_word' id='word_1_282' title='bbox 370 2651 656 2721; x_wconf 90' lang='lat' dir='ltr'>platomas,</span> <span class='ocrx_word' id='word_1_283' title='bbox 681 2651 774 2707; x_wconf 87' lang='lat' dir='ltr'>vel</span> <span class='ocrx_word' id='word_1_284' title='bbox 802 2652 1082 2707; x_wconf 87' lang='lat' dir='ltr'>columnas</span> <span class='ocrx_word' id='word_1_285' title='bbox 1110 2651 1177 2706; x_wconf 88' lang='lat' dir='ltr'>ad</span> <span class='ocrx_word' id='word_1_286' title='bbox 1207 2650 1577 2707; x_wconf 79' lang='lat' dir='ltr'>Ravennatem</span> <span class='ocrx_word' id='word_1_287' title='bbox 1609 2650 1798 2705; x_wconf 88' lang='lat' dir='ltr'>civita-</span> 
     </span>
    </p>
   </div>
   <div class='ocr_carea' id='block_1_39' title="bbox 193 2739 1806 2816">
    <p class='ocr_par' dir='ltr' id='par_1_39' title="bbox 193 2739 1806 2816">
     <span class='ocr_line' id='line_1_39' title="bbox 193 2739 1806 2816; baseline -0.001 -19"><span class='ocrx_word' id='word_1_288' title='bbox 193 2749 311 2797; x_wconf 86' lang='lat' dir='ltr'>tem</span> <span class='ocrx_word' id='word_1_289' title='bbox 339 2743 624 2799; x_wconf 88' lang='lat' dir='ltr'>contradat</span> <span class='ocrx_word' id='word_1_290' title='bbox 671 2742 788 2816; x_wconf 84' lang='lat' dir='ltr'>[ed.</span> <span class='ocrx_word' id='word_1_291' title='bbox 816 2740 940 2797; x_wconf 86' lang='lat' dir='ltr'>Niv.</span> <span class='ocrx_word' id='word_1_292' title='bbox 972 2753 1022 2797; x_wconf 87' lang='lat' dir='ltr'>et</span> <span class='ocrx_word' id='word_1_293' title='bbox 1041 2741 1203 2799; x_wconf 62' lang='lat' dir='ltr'>&#39;Gam.</span> <span class='ocrx_word' id='word_1_294' title='bbox 1225 2784 1239 2810; x_wconf 94' lang='lat'>,</span> <span class='ocrx_word' id='word_1_295' title='bbox 1272 2739 1592 2811; x_wconf 84' lang='lat' dir='ltr'>contrahat]</span> <span class='ocrx_word' id='word_1_296' title='bbox 1630 2740 1806 2795; x_wconf 87' lang='lat' dir='ltr'>modis</span> 
     </span>
    </p>
   </div>
   <div class='ocr_carea' id='block_1_40' title="bbox 193 2831 1804 2904">
    <p class='ocr_par' dir='ltr' id='par_1_40' title="bbox 193 2831 1804 2904">
     <span class='ocr_line' id='line_1_40' title="bbox 193 2831 1804 2904; baseline -0.003 -14"><span class='ocrx_word' id='word_1_297' title='bbox 193 2835 449 2891; x_wconf 89' lang='lat' dir='ltr'>omnibus</span> <span class='ocrx_word' id='word_1_298' title='bbox 470 2834 815 2890; x_wconf 89' lang='lat' dir='ltr'>devehendas</span> <span class='ocrx_word' id='word_1_299' title='bbox 839 2852 853 2901; x_wconf 93' lang='lat'>;</span> <span class='ocrx_word' id='word_1_300' title='bbox 886 2843 945 2889; x_wconf 92' lang='lat' dir='ltr'>ut</span> <span class='ocrx_word' id='word_1_301' title='bbox 971 2834 1224 2904; x_wconf 90' lang='lat' dir='ltr'>collapsis</span> <span class='ocrx_word' id='word_1_302' title='bbox 1254 2832 1486 2887; x_wconf 86' lang='lat' dir='ltr'>metallis</span> <span class='ocrx_word' id='word_1_303' title='bbox 1515 2831 1804 2886; x_wconf 86' lang='lat' dir='ltr'>obliterata</span> 
     </span>
    </p>
   </div>
   <div class='ocr_carea' id='block_1_41' title="bbox 196 2923 1805 2998">
    <p class='ocr_par' dir='ltr' id='par_1_41' title="bbox 196 2923 1805 2998">
     <span class='ocr_line' id='line_1_41' title="bbox 196 2923 1805 2998; baseline -0.004 -17"><span class='ocrx_word' id='word_1_304' title='bbox 196 2926 366 2982; x_wconf 85' lang='lat' dir='ltr'>facies</span> <span class='ocrx_word' id='word_1_305' title='bbox 390 2926 648 2982; x_wconf 85' lang='lat' dir='ltr'>reddatur</span> <span class='ocrx_word' id='word_1_306' title='bbox 675 2926 871 2982; x_wconf 89' lang='lat' dir='ltr'>iterum</span> <span class='ocrx_word' id='word_1_307' title='bbox 901 2925 970 2981; x_wconf 89' lang='lat' dir='ltr'>de</span> <span class='ocrx_word' id='word_1_308' title='bbox 999 2934 1115 2981; x_wconf 89' lang='lat' dir='ltr'>arte</span> <span class='ocrx_word' id='word_1_309' title='bbox 1143 2923 1504 2998; x_wconf 88' lang='lat' dir='ltr'>pulcherrima</span> <span class='ocrx_word' id='word_1_310' title='bbox 1530 2940 1544 2988; x_wconf 90' lang='lat'><strong>;</strong></span> <span class='ocrx_word' id='word_1_311' title='bbox 1590 2929 1648 2976; x_wconf 91' lang='lat' dir='ltr'>et</span> <span class='ocrx_word' id='word_1_312' title='bbox 1684 2935 1805 2991; x_wconf 83' lang='lat' dir='ltr'>quae</span> 
     </span>
    </p>
   </div>
   <div class='ocr_carea' id='block_1_42' title="bbox 197 3013 1807 3088">
    <p class='ocr_par' dir='ltr' id='par_1_42' title="bbox 197 3013 1807 3088">
     <span class='ocr_line' id='line_1_42' title="bbox 197 3013 1807 3088; baseline -0.004 -14"><span class='ocrx_word' id='word_1_313' title='bbox 197 3017 543 3075; x_wconf 20' lang='lat' dir='ltr'>situlfuerant</span> <span class='ocrx_word' id='word_1_314' title='bbox 571 3019 802 3076; x_wconf 88' lang='lat' dir='ltr'>obscura</span> <span class='ocrx_word' id='word_1_315' title='bbox 821 3059 837 3087; x_wconf 91' lang='lat'>,</span> <span class='ocrx_word' id='word_1_316' title='bbox 871 3017 1078 3088; x_wconf 89' lang='lat' dir='ltr'>antiqui</span> <span class='ocrx_word' id='word_1_317' title='bbox 1108 3015 1302 3073; x_wconf 87' lang='lat' dir='ltr'>nitoris</span> <span class='ocrx_word' id='word_1_318' title='bbox 1330 3013 1540 3086; x_wconf 88' lang='lat' dir='ltr'>possint</span> <span class='ocrx_word' id='word_1_319' title='bbox 1561 3013 1807 3083; x_wconf 88' lang='lat' dir='ltr'>recipere</span> 
     </span>
    </p>
   </div>
   <div class='ocr_carea' id='block_1_43' title="bbox 197 3112 543 3183">
    <p class='ocr_par' dir='ltr' id='par_1_43' title="bbox 197 3112 543 3183">
     <span class='ocr_line' id='line_1_43' title="bbox 197 3112 543 3183; baseline -0.006 -15"><span class='ocrx_word' id='word_1_320' title='bbox 197 3112 543 3183; x_wconf 88' lang='lat' dir='ltr'>qualitatem.</span> 
     </span>
    </p>
   </div>
   <div class='ocr_carea' id='block_1_44' title="bbox 773 3241 1205 3300">
    <p class='ocr_par' dir='ltr' id='par_1_44' title="bbox 773 3241 1205 3300">
     <span class='ocr_line' id='line_1_44' title="bbox 773 3241 1205 3300; baseline -0.009 0"><span class='ocrx_word' id='word_1_321' title='bbox 773 3241 1109 3300; x_wconf 82' lang='lat' dir='ltr'>EPISTOLA</span> <span class='ocrx_word' id='word_1_322' title='bbox 1140 3242 1205 3297; x_wconf 83' lang='lat' dir='ltr'>X.</span> 
     </span>
    </p>
   </div>
   <div class='ocr_carea' id='block_1_45' title="bbox 256 3349 1749 3404">
    <p class='ocr_par' dir='ltr' id='par_1_45' title="bbox 256 3349 1749 3404">
     <span class='ocr_line' id='line_1_45' title="bbox 256 3349 1749 3404; baseline -0.005 -8"><span class='ocrx_word' id='word_1_323' title='bbox 256 3353 429 3396; x_wconf 78' lang='lat' dir='ltr'>rss&#39;ro</span> <span class='ocrx_word' id='word_1_324' title='bbox 464 3353 588 3394; x_wconf 84' lang='lat' dir='ltr'>vmo</span> <span class='ocrx_word' id='word_1_325' title='bbox 626 3352 889 3404; x_wconf 78' lang='lat' dir='ltr'>tLLUS&#39;rm,</span> <span class='ocrx_word' id='word_1_326' title='bbox 923 3352 1188 3403; x_wconf 71' lang='lat' dir='ltr'>numero,</span> <span class='ocrx_word' id='word_1_327' title='bbox 1224 3349 1593 3391; x_wconf 75' lang='lat' dir='ltr'>rusooomcus</span> <span class='ocrx_word' id='word_1_328' title='bbox 1621 3349 1749 3390; x_wconf 78' lang='lat' dir='ltr'>nsx.</span> 
     </span>
    </p>
   </div>
   <div class='ocr_carea' id='block_1_46' title="bbox 203 3425 1807 3487">
    <p class='ocr_par' dir='ltr' id='par_1_46' title="bbox 203 3425 1807 3487">
     <span class='ocr_line' id='line_1_46' title="bbox 203 3425 1807 3487; baseline -0.004 0"><span class='ocrx_word' id='word_1_329' title='bbox 203 3431 357 3487; x_wconf 83' lang='lat' dir='ltr'>Jubet</span> <span class='ocrx_word' id='word_1_330' title='bbox 403 3438 460 3483; x_wconf 89' lang='lat' dir='ltr'>ut</span> <span class='ocrx_word' id='word_1_331' title='bbox 488 3445 754 3484; x_wconf 85' lang='lat' dir='ltr'>marmora</span> <span class='ocrx_word' id='word_1_332' title='bbox 789 3446 818 3483; x_wconf 89' lang='lat' dir='ltr'><strong>e</strong></span> <span class='ocrx_word' id='word_1_333' title='bbox 846 3428 998 3482; x_wconf 81' lang='lat' dir='ltr'>domo</span> <span class='ocrx_word' id='word_1_334' title='bbox 1042 3427 1303 3481; x_wconf 83' lang='lat' dir='ltr'>Pinciana</span> <span class='ocrx_word' id='word_1_335' title='bbox 1344 3427 1399 3480; x_wconf 82' lang='lat' dir='ltr'>in</span> <span class='ocrx_word' id='word_1_336' title='bbox 1447 3425 1807 3481; x_wconf 78' lang='lat' dir='ltr'>Ravennatem</span> 
     </span>
    </p>
   </div>
   <div class='ocr_carea' id='block_1_47' title="bbox 477 3498 1521 3570">
    <p class='ocr_par' dir='ltr' id='par_1_47' title="bbox 477 3498 1521 3570">
     <span class='ocr_line' id='line_1_47' title="bbox 477 3498 1521 3570; baseline -0.003 -17"><span class='ocrx_word' id='word_1_337' title='bbox 477 3500 653 3555; x_wconf 86' lang='lat' dir='ltr'>urbem</span> <span class='ocrx_word' id='word_1_338' title='bbox 681 3515 772 3570; x_wconf 89' lang='lat' dir='ltr'>per</span> <span class='ocrx_word' id='word_1_339' title='bbox 811 3499 1167 3554; x_wconf 86' lang='lat' dir='ltr'>catabulenses</span> <span class='ocrx_word' id='word_1_340' title='bbox 1198 3498 1521 3570; x_wconf 74' lang='lat' dir='ltr'>deferantur.</span> 
     </span>
    </p>
   </div>
   <div class='ocr_carea' id='block_1_48' title="bbox 275 3589 1807 3667">
    <p class='ocr_par' dir='ltr' id='par_1_48' title="bbox 275 3589 1807 3667">
     <span class='ocr_line' id='line_1_48' title="bbox 275 3589 1807 3667; baseline -0.005 -15"><span class='ocrx_word' id='word_1_341' title='bbox 275 3596 440 3652; x_wconf 89' lang='lat' dir='ltr'>Decet</span> <span class='ocrx_word' id='word_1_342' title='bbox 468 3593 810 3667; x_wconf 89' lang='lat' dir='ltr'>prudentiam</span> <span class='ocrx_word' id='word_1_343' title='bbox 843 3603 1080 3649; x_wconf 87' lang='lat' dir='ltr'>vestram</span> <span class='ocrx_word' id='word_1_344' title='bbox 1108 3592 1162 3647; x_wconf 90' lang='lat' dir='ltr'>in</span> <span class='ocrx_word' id='word_1_345' title='bbox 1198 3591 1457 3660; x_wconf 81' lang='lat' dir='ltr'>augendis</span> <span class='ocrx_word' id='word_1_346' title='bbox 1480 3589 1697 3644; x_wconf 80' lang='lat' dir='ltr'>fabricis</span> <span class='ocrx_word' id='word_1_347' title='bbox 1721 3605 1807 3645; x_wconf 92' lang='lat' dir='ltr'>re-</span> 
     </span>
    </p>
   </div>
   <div class='ocr_carea' id='block_1_49' title="bbox 206 3669 1808 3760">
    <p class='ocr_par' dir='ltr' id='par_1_49' title="bbox 206 3669 1808 3760">
     <span class='ocr_line' id='line_1_49' title="bbox 206 3669 1808 3760; baseline -0.006 -16"><span class='ocrx_word' id='word_1_348' title='bbox 206 3689 410 3760; x_wconf 84' lang='lat' dir='ltr'>galibus</span> <span class='ocrx_word' id='word_1_349' title='bbox 430 3687 811 3757; x_wconf 89' lang='lat' dir='ltr'>obtemperare</span> <span class='ocrx_word' id='word_1_350' title='bbox 839 3683 1134 3754; x_wconf 91' lang='lat' dir='ltr'>dispositis,</span> <span class='ocrx_word' id='word_1_351' title='bbox 1168 3682 1292 3752; x_wconf 83' lang='lat' dir='ltr'>quia</span> <span class='ocrx_word' id='word_1_352' title='bbox 1322 3669 1643 3736; x_wconf 78' lang='lat' dir='ltr'>nebilissimi</span> <span class='ocrx_word' id='word_1_353' title='bbox 1672 3680 1808 3735; x_wconf 89' lang='lat' dir='ltr'>civis</span> 
     </span>
    </p>
   </div>
   <div class='ocr_carea' id='block_1_50' title="bbox 209 3770 1811 3849">
    <p class='ocr_par' dir='ltr' id='par_1_50' title="bbox 209 3770 1811 3849">
     <span class='ocr_line' id='line_1_50' title="bbox 209 3770 1811 3849; baseline -0.007 -15"><span class='ocrx_word' id='word_1_354' title='bbox 209 3787 289 3834; x_wconf 85' lang='lat' dir='ltr'>est</span> <span class='ocrx_word' id='word_1_355' title='bbox 323 3778 512 3849; x_wconf 63' lang='lat' dir='ltr'>patria:</span> <span class='ocrx_word' id='word_1_356' title='bbox 553 3790 664 3831; x_wconf 66' lang='lat' dir='ltr'>suae</span> <span class='ocrx_word' id='word_1_357' title='bbox 693 3783 982 3845; x_wconf 89' lang='lat' dir='ltr'>augmenta</span> <span class='ocrx_word' id='word_1_358' title='bbox 1004 3772 1278 3841; x_wconf 89' lang='lat' dir='ltr'>cogitare,</span> <span class='ocrx_word' id='word_1_359' title='bbox 1310 3770 1546 3824; x_wconf 83' lang='lat' dir='ltr'>maxime</span> <span class='ocrx_word' id='word_1_360' title='bbox 1586 3784 1710 3824; x_wconf 91' lang='lat' dir='ltr'>cum</span> <span class='ocrx_word' id='word_1_361' title='bbox 1738 3770 1811 3824; x_wconf 87' lang='lat' dir='ltr'>sit</span> 
     </span>
    </p>
   </div>
   <div class='ocr_carea' id='block_1_51' title="bbox 212 3865 1814 3936">
    <p class='ocr_par' dir='ltr' id='par_1_51' title="bbox 212 3865 1814 3936">
     <span class='ocr_line' id='line_1_51' title="bbox 212 3865 1814 3936; baseline -0.006 -9"><span class='ocrx_word' id='word_1_362' title='bbox 212 3866 370 3928; x_wconf 77' lang='lat' dir='ltr'>st‘udii</span> <span class='ocrx_word' id='word_1_363' title='bbox 400 3868 568 3925; x_wconf 91' lang='lat' dir='ltr'>nostri</span> <span class='ocrx_word' id='word_1_364' title='bbox 587 3868 677 3923; x_wconf 90' lang='lat' dir='ltr'>illa</span> <span class='ocrx_word' id='word_1_365' title='bbox 700 3867 1016 3933; x_wconf 88' lang='lat' dir='ltr'>decernere,</span> <span class='ocrx_word' id='word_1_366' title='bbox 1041 3865 1237 3936; x_wconf 89' lang='lat' dir='ltr'>quibus</span> <span class='ocrx_word' id='word_1_367' title='bbox 1264 3875 1488 3919; x_wconf 91' lang='lat' dir='ltr'>cunctos</span> <span class='ocrx_word' id='word_1_368' title='bbox 1517 3870 1706 3918; x_wconf 90' lang='lat' dir='ltr'>notum</span> <span class='ocrx_word' id='word_1_369' title='bbox 1727 3871 1814 3920; x_wconf 91' lang='lat' dir='ltr'>est</span> 
     </span>
    </p>
   </div>
   <div class='ocr_carea' id='block_1_52' title="bbox 218 3958 1812 4034">
    <p class='ocr_par' dir='ltr' id='par_1_52' title="bbox 218 3958 1812 4034">
     <span class='ocr_line' id='line_1_52' title="bbox 218 3958 1812 4034; baseline -0.002 -15"><span class='ocrx_word' id='word_1_370' title='bbox 218 3965 330 4020; x_wconf 87' lang='lat' dir='ltr'>sine</span> <span class='ocrx_word' id='word_1_371' title='bbox 359 3963 472 4019; x_wconf 89' lang='lat' dir='ltr'>suis</span> <span class='ocrx_word' id='word_1_372' title='bbox 498 3961 798 4034; x_wconf 87' lang='lat' dir='ltr'>dispendiis</span> <span class='ocrx_word' id='word_1_373' title='bbox 821 3961 1064 4018; x_wconf 84' lang='lat' dir='ltr'>obedire.</span> <span class='ocrx_word' id='word_1_374' title='bbox 1095 3960 1274 4029; x_wconf 83' lang='lat' dir='ltr'>Atque</span> <span class='ocrx_word' id='word_1_375' title='bbox 1300 3958 1423 4014; x_wconf 90' lang='lat' dir='ltr'>ideo</span> <span class='ocrx_word' id='word_1_376' title='bbox 1451 3958 1812 4028; x_wconf 87' lang='lat' dir='ltr'>magnitudini</span> 
     </span>
    </p>
   </div>
   <div class='ocr_carea' id='block_1_53' title="bbox 214 4053 1808 4127">
    <p class='ocr_par' dir='ltr' id='par_1_53' title="bbox 214 4053 1808 4127">
     <span class='ocr_line' id='line_1_53' title="bbox 214 4053 1808 4127; baseline -0.004 -14"><span class='ocrx_word' id='word_1_377' title='bbox 214 4066 313 4113; x_wconf 71' lang='lat' dir='ltr'>tua:</span> <span class='ocrx_word' id='word_1_378' title='bbox 340 4056 594 4127; x_wconf 65' lang='lat' dir='ltr'>praesenti</span> <span class='ocrx_word' id='word_1_379' title='bbox 633 4055 1004 4112; x_wconf 89' lang='lat' dir='ltr'>admonitione</span> <span class='ocrx_word' id='word_1_380' title='bbox 1044 4053 1386 4109; x_wconf 88' lang='lat' dir='ltr'>declaramus</span> <span class='ocrx_word' id='word_1_381' title='bbox 1431 4059 1492 4106; x_wconf 92' lang='lat' dir='ltr'>ut</span> <span class='ocrx_word' id='word_1_382' title='bbox 1535 4066 1808 4107; x_wconf 87' lang='lat' dir='ltr'>marmora</span> 
     </span>
    </p>
   </div>
   <div class='ocr_carea' id='block_1_54' title="bbox 214 4141 1810 4220">
    <p class='ocr_par' dir='ltr' id='par_1_54' title="bbox 214 4141 1810 4220">
     <span class='ocr_line' id='line_1_54' title="bbox 214 4141 1810 4220; baseline -0.004 -16"><span class='ocrx_word' id='word_1_383' title='bbox 214 4164 328 4220; x_wconf 68' lang='lat' dir='ltr'>quae</span> <span class='ocrx_word' id='word_1_384' title='bbox 349 4148 417 4204; x_wconf 91' lang='lat' dir='ltr'>de</span> <span class='ocrx_word' id='word_1_385' title='bbox 437 4148 600 4204; x_wconf 90' lang='lat' dir='ltr'>domo</span> <span class='ocrx_word' id='word_1_386' title='bbox 624 4146 883 4203; x_wconf 88' lang='lat' dir='ltr'>Pinciana</span> <span class='ocrx_word' id='word_1_387' title='bbox 913 4146 1019 4220; x_wconf 82' lang='lat' dir='ltr'>[ed.</span> <span class='ocrx_word' id='word_1_388' title='bbox 1039 4143 1162 4201; x_wconf 81' lang='lat' dir='ltr'>Niv.</span> <span class='ocrx_word' id='word_1_389' title='bbox 1190 4157 1238 4199; x_wconf 83' lang='lat' dir='ltr'>et</span> <span class='ocrx_word' id='word_1_390' title='bbox 1262 4141 1442 4213; x_wconf 88' lang='lat' dir='ltr'>Gam.,</span> <span class='ocrx_word' id='word_1_391' title='bbox 1469 4142 1810 4216; x_wconf 89' lang='lat' dir='ltr'>Pinciniana]</span> 
     </span>
    </p>
   </div>
   <div class='ocr_carea' id='block_1_55' title="bbox 216 4235 1810 4310">
    <p class='ocr_par' dir='ltr' id='par_1_55' title="bbox 216 4235 1810 4310">
     <span class='ocr_line' id='line_1_55' title="bbox 216 4235 1810 4310; baseline -0.005 -12"><span class='ocrx_word' id='word_1_392' title='bbox 216 4246 425 4298; x_wconf 84' lang='lat' dir='ltr'>constat</span> <span class='ocrx_word' id='word_1_393' title='bbox 469 4253 590 4296; x_wconf 87' lang='lat' dir='ltr'>esse</span> <span class='ocrx_word' id='word_1_394' title='bbox 625 4238 892 4310; x_wconf 85' lang='lat' dir='ltr'>deposita,</span> <span class='ocrx_word' id='word_1_395' title='bbox 943 4237 1010 4291; x_wconf 91' lang='lat' dir='ltr'>ad</span> <span class='ocrx_word' id='word_1_396' title='bbox 1054 4235 1426 4292; x_wconf 85' lang='lat' dir='ltr'>Ravennatem</span> <span class='ocrx_word' id='word_1_397' title='bbox 1473 4235 1658 4291; x_wconf 86' lang='lat' dir='ltr'>urbem</span> <span class='ocrx_word' id='word_1_398' title='bbox 1709 4250 1810 4305; x_wconf 91' lang='lat' dir='ltr'>per</span> 
     </span>
    </p>
   </div>
   <div class='ocr_carea' id='block_1_56' title="bbox 219 4327 1807 4398">
    <p class='ocr_par' dir='ltr' id='par_1_56' title="bbox 219 4327 1807 4398">
     <span class='ocr_line' id='line_1_56' title="bbox 219 4327 1807 4398; baseline -0.004 -8"><span class='ocrx_word' id='word_1_399' title='bbox 219 4333 588 4390; x_wconf 87' lang='lat' dir='ltr'>catabulenses</span> <span class='ocrx_word' id='word_1_400' title='bbox 620 4343 648 4370; x_wconf 73' lang='grc' dir='ltr'>ιι</span> <span class='ocrx_word' id='word_1_401' title='bbox 686 4340 868 4390; x_wconf 84' lang='lat' dir='ltr'>vestra</span> <span class='ocrx_word' id='word_1_402' title='bbox 917 4330 1261 4386; x_wconf 86' lang='lat' dir='ltr'>ordinatione</span> <span class='ocrx_word' id='word_1_403' title='bbox 1298 4327 1617 4398; x_wconf 87' lang='lat' dir='ltr'>dirigantur.</span> <span class='ocrx_word' id='word_1_404' title='bbox 1665 4327 1807 4383; x_wconf 53' lang='lat' dir='ltr'>Sub.</span> 
     </span>
    </p>
   </div>
   <div class='ocr_carea' id='block_1_57' title="bbox 217 4421 1806 4493">
    <p class='ocr_par' dir='ltr' id='par_1_57' title="bbox 217 4421 1806 4493">
     <span class='ocr_line' id='line_1_57' title="bbox 217 4421 1806 4493; baseline -0.005 -11"><span class='ocrx_word' id='word_1_405' title='bbox 217 4434 584 4490; x_wconf 71' lang='lat' dir='ltr'>vectumvero</span> <span class='ocrx_word' id='word_1_406' title='bbox 613 4423 908 4480; x_wconf 79' lang='lat' dir='ltr'>direximus</span> <span class='ocrx_word' id='word_1_407' title='bbox 930 4423 998 4478; x_wconf 90' lang='lat' dir='ltr'>de</span> <span class='ocrx_word' id='word_1_408' title='bbox 1021 4421 1292 4493; x_wconf 73' lang='lat' dir='ltr'>prtesenti,</span> <span class='ocrx_word' id='word_1_409' title='bbox 1317 4436 1386 4476; x_wconf 91' lang='lat' dir='ltr'>ne</span> <span class='ocrx_word' id='word_1_410' title='bbox 1413 4429 1506 4474; x_wconf 89' lang='lat' dir='ltr'>aut</span> <span class='ocrx_word' id='word_1_411' title='bbox 1527 4435 1679 4475; x_wconf 90' lang='lat' dir='ltr'>mora</span> <span class='ocrx_word' id='word_1_412' title='bbox 1707 4435 1806 4475; x_wconf 92' lang='lat' dir='ltr'>no-</span> 
     </span>
    </p>
   </div>
   <div class='ocr_carea' id='block_1_58' title="bbox 219 4511 1810 4590">
    <p class='ocr_par' dir='ltr' id='par_1_58' title="bbox 219 4511 1810 4590">
     <span class='ocr_line' id='line_1_58' title="bbox 219 4511 1810 4590; baseline -0.005 -13"><span class='ocrx_word' id='word_1_413' title='bbox 219 4521 339 4577; x_wconf 89' lang='lat' dir='ltr'>stris</span> <span class='ocrx_word' id='word_1_414' title='bbox 364 4518 794 4576; x_wconf 89' lang='lat' dir='ltr'>ordinationibus</span> <span class='ocrx_word' id='word_1_415' title='bbox 822 4516 1160 4590; x_wconf 83' lang='lat' dir='ltr'>proveniret,</span> <span class='ocrx_word' id='word_1_416' title='bbox 1179 4522 1272 4570; x_wconf 89' lang='lat' dir='ltr'>aut</span> <span class='ocrx_word' id='word_1_417' title='bbox 1298 4514 1608 4570; x_wconf 89' lang='lat' dir='ltr'>laborantes</span> <span class='ocrx_word' id='word_1_418' title='bbox 1629 4511 1810 4583; x_wconf 84' lang='lat' dir='ltr'>aliqua</span> 
     </span>
    </p>
   </div>
   <div class='ocr_carea' id='block_1_59' title="bbox 221 4609 851 4668">
    <p class='ocr_par' dir='ltr' id='par_1_59' title="bbox 221 4609 851 4668">
     <span class='ocr_line' id='line_1_59' title="bbox 221 4609 851 4668; baseline -0.01 0"><span class='ocrx_word' id='word_1_419' title='bbox 221 4611 536 4668; x_wconf 88' lang='lat' dir='ltr'>detrimenta</span> <span class='ocrx_word' id='word_1_420' title='bbox 563 4609 851 4666; x_wconf 85' lang='lat' dir='ltr'>sentirent.</span> 
     </span>
    </p>
   </div>
   <div class='ocr_carea' id='block_1_60' title="bbox 715 4737 1304 4817">
    <p class='ocr_par' dir='ltr' id='par_1_60' title="bbox 715 4737 1304 4817">
     <span class='ocr_line' id='line_1_60' title="bbox 715 4737 1304 4817; baseline -0.012 -17"><span class='ocrx_word' id='word_1_421' title='bbox 715 4743 825 4817; x_wconf 63' lang='grc' dir='ltr'>εί,</span> <span class='ocrx_word' id='word_1_422' title='bbox 853 4740 1191 4799; x_wconf 77' lang='lat' dir='ltr'>EPISTULA</span> <span class='ocrx_word' id='word_1_423' title='bbox 1215 4737 1304 4794; x_wconf 80' lang='lat' dir='ltr'>x1.</span> 
     </span>
    </p>
   </div>
   <div class='ocr_carea' id='block_1_61' title="bbox 227 4845 1813 4904">
    <p class='ocr_par' dir='ltr' id='par_1_61' title="bbox 227 4845 1813 4904">
     <span class='ocr_line' id='line_1_61' title="bbox 227 4845 1813 4904; baseline -0.005 -8"><span class='ocrx_word' id='word_1_424' title='bbox 227 4851 481 4896; x_wconf 69' lang='grc' dir='ltr'>Ληαοιιαο</span> <span class='ocrx_word' id='word_1_425' title='bbox 502 4851 623 4894; x_wconf 76' lang='grc' dir='ltr'>νικο</span> <span class='ocrx_word' id='word_1_426' title='bbox 636 4851 900 4904; x_wconf 67' lang='grc' dir='ltr'>ιιιυδτω,</span> <span class='ocrx_word' id='word_1_427' title='bbox 926 4849 1221 4890; x_wconf 67' lang='grc' dir='ltr'>ΡΜΞΡΕΟΤΟ</span> <span class='ocrx_word' id='word_1_428' title='bbox 1244 4845 1414 4898; x_wconf 73' lang='grc' dir='ltr'>υιωιε,</span> <span class='ocrx_word' id='word_1_429' title='bbox 1443 4845 1813 4888; x_wconf 67' lang='grc' dir='ltr'>τηεοηοιιισυε</span> 
     </span>
    </p>
   </div>
   <div class='ocr_carea' id='block_1_62' title="bbox 948 4922 1077 4962">
    <p class='ocr_par' dir='ltr' id='par_1_62' title="bbox 948 4922 1077 4962">
     <span class='ocr_line' id='line_1_62' title="bbox 948 4922 1077 4962; baseline -0.008 -1"><span class='ocrx_word' id='word_1_430' title='bbox 948 4922 1077 4962; x_wconf 70' lang='lat' dir='ltr'>REX.</span> 
     </span>
    </p>
   </div>
   <div class='ocr_carea' id='block_1_63' title="bbox 227 4996 1812 5073">
    <p class='ocr_par' dir='ltr' id='par_1_63' title="bbox 227 4996 1812 5073">
     <span class='ocr_line' id='line_1_63' title="bbox 227 4996 1812 5073; baseline -0.004 -17"><span class='ocrx_word' id='word_1_431' title='bbox 227 5000 545 5073; x_wconf 74' lang='lat' dir='ltr'>Prwfectura</span> <span class='ocrx_word' id='word_1_432' title='bbox 567 4999 770 5073; x_wconf 80' lang='lat' dir='ltr'>urbana</span> <span class='ocrx_word' id='word_1_433' title='bbox 796 4998 888 5073; x_wconf 68' lang='lat' dir='ltr'>illi</span> <span class='ocrx_word' id='word_1_434' title='bbox 916 4999 1209 5070; x_wconf 77' lang='lat' dir='ltr'>confertur,</span> <span class='ocrx_word' id='word_1_435' title='bbox 1238 5004 1289 5073; x_wconf 76' lang='lat' dir='ltr'>et</span> <span class='ocrx_word' id='word_1_436' title='bbox 1316 4996 1574 5073; x_wconf 66' lang='lat' dir='ltr'>praeclara</span> <span class='ocrx_word' id='word_1_437' title='bbox 1602 4996 1671 5050; x_wconf 88' lang='lat' dir='ltr'>ad</span> <span class='ocrx_word' id='word_1_438' title='bbox 1696 5012 1812 5073; x_wconf 80' lang='lat' dir='ltr'>eam</span> 
     </span>
    </p>
   </div>
   <div class='ocr_carea' id='block_1_64' title="bbox 291 5067 1812 5145">
    <p class='ocr_par' dir='ltr' id='par_1_64' title="bbox 291 5067 1812 5145">
     <span class='ocr_line' id='line_1_64' title="bbox 291 5067 1812 5145; baseline -0.003 -18"><span class='ocrx_word' id='word_1_439' title='bbox 291 5067 595 5145; x_wconf 59' lang='lat' dir='ltr'>dignitatem</span> <span class='ocrx_word' id='word_1_440' title='bbox 637 5069 969 5128; x_wconf 81' lang='lat' dir='ltr'>laudabiliter</span> <span class='ocrx_word' id='word_1_441' title='bbox 996 5067 1336 5125; x_wconf 72' lang='lat' dir='ltr'>exercendam</span> <span class='ocrx_word' id='word_1_442' title='bbox 1364 5069 1564 5125; x_wconf 83' lang='lat' dir='ltr'>monita</span> <span class='ocrx_word' id='word_1_443' title='bbox 1593 5067 1812 5123; x_wconf 75' lang='lat' dir='ltr'>tradun-</span> 
     </span>
    </p>
   </div>
   <div class='ocr_carea' id='block_1_65' title="bbox 225 5155 394 5201">
    <p class='ocr_par' dir='ltr' id='par_1_65' title="bbox 225 5155 394 5201">
     <span class='ocr_line' id='line_1_65' title="bbox 225 5155 394 5201; baseline -0.006 0"><span class='ocrx_word' id='word_1_444' title='bbox 225 5157 238 5201; x_wconf 75' lang='grc' dir='ltr'><em>Ι</em></span> <span class='ocrx_word' id='word_1_445' title='bbox 296 5155 394 5200; x_wconf 84' lang='lat' dir='ltr'>tur.</span> 
     </span>
    </p>
   </div>
   <div class='ocr_carea' id='block_1_66' title="bbox 295 5215 1815 5309">
    <p class='ocr_par' dir='ltr' id='par_1_66' title="bbox 295 5215 1815 5309">
     <span class='ocr_line' id='line_1_66' title="bbox 295 5215 1815 5309; baseline -0.005 -15"><span class='ocrx_word' id='word_1_446' title='bbox 295 5237 555 5309; x_wconf 88' lang='lat' dir='ltr'>Optamus</span> <span class='ocrx_word' id='word_1_447' title='bbox 599 5244 852 5294; x_wconf 89' lang='lat' dir='ltr'>cunctum</span> <span class='ocrx_word' id='word_1_448' title='bbox 881 5233 1022 5290; x_wconf 90' lang='lat' dir='ltr'>diem</span> <span class='ocrx_word' id='word_1_449' title='bbox 1052 5233 1274 5304; x_wconf 89' lang='lat' dir='ltr'>plenum</span> <span class='ocrx_word' id='word_1_450' title='bbox 1302 5229 1580 5288; x_wconf 86' lang='lat' dir='ltr'>beneﬁciis</span> <span class='ocrx_word' id='word_1_451' title='bbox 1616 5215 1815 5286; x_wconf 79' lang='lat' dir='ltr'>nostris</span> 
     </span>
    </p>
   </div>
   <div class='ocr_carea' id='block_1_67' title="bbox 229 5323 1814 5403">
    <p class='ocr_par' dir='ltr' id='par_1_67' title="bbox 229 5323 1814 5403">
     <span class='ocr_line' id='line_1_67' title="bbox 229 5323 1814 5403; baseline -0.006 -16"><span class='ocrx_word' id='word_1_452' title='bbox 229 5345 533 5402; x_wconf 85' lang='lat' dir='ltr'>excurrere,</span> <span class='ocrx_word' id='word_1_453' title='bbox 580 5337 830 5403; x_wconf 88' lang='lat' dir='ltr'>optamus</span> <span class='ocrx_word' id='word_1_454' title='bbox 857 5323 1055 5395; x_wconf 89' lang='lat' dir='ltr'>ubique</span> <span class='ocrx_word' id='word_1_455' title='bbox 1083 5326 1325 5394; x_wconf 70' lang='lat' dir='ltr'>praestita</span> <span class='ocrx_word' id='word_1_456' title='bbox 1355 5334 1540 5381; x_wconf 91' lang='lat' dir='ltr'>nostra</span> <span class='ocrx_word' id='word_1_457' title='bbox 1578 5323 1814 5391; x_wconf 86' lang='lat' dir='ltr'>radiare,</span> 
     </span>
    </p>
   </div>
   <div class='ocr_carea' id='block_1_68' title="bbox 232 5414 1818 5496">
    <p class='ocr_par' dir='ltr' id='par_1_68' title="bbox 232 5414 1818 5496">
     <span class='ocr_line' id='line_1_68' title="bbox 232 5414 1818 5496; baseline -0.005 -16"><span class='ocrx_word' id='word_1_458' title='bbox 232 5425 347 5496; x_wconf 88' lang='lat' dir='ltr'>quia</span> <span class='ocrx_word' id='word_1_459' title='bbox 375 5425 433 5480; x_wconf 85' lang='lat' dir='ltr'>in</span> <span class='ocrx_word' id='word_1_460' title='bbox 458 5441 635 5482; x_wconf 61' lang='lat' dir='ltr'>aevum</span> <span class='ocrx_word' id='word_1_461' title='bbox 664 5421 797 5480; x_wconf 87' lang='lat' dir='ltr'>vivit</span> <span class='ocrx_word' id='word_1_462' title='bbox 822 5419 969 5492; x_wconf 87' lang='lat' dir='ltr'>quod</span> <span class='ocrx_word' id='word_1_463' title='bbox 995 5418 1363 5474; x_wconf 81' lang='lat' dir='ltr'>munificentia</span> <span class='ocrx_word' id='word_1_464' title='bbox 1394 5414 1704 5489; x_wconf 88' lang='lat' dir='ltr'>principalis</span> <span class='ocrx_word' id='word_1_465' title='bbox 1732 5418 1818 5472; x_wconf 89' lang='lat' dir='ltr'>in-</span> 
     </span>
    </p>
   </div>
   <div class='ocr_carea' id='block_1_69' title="bbox 231 5509 1812 5587">
    <p class='ocr_par' dir='ltr' id='par_1_69' title="bbox 231 5509 1812 5587">
     <span class='ocr_line' id='line_1_69' title="bbox 231 5509 1812 5587; baseline -0.007 -13"><span class='ocrx_word' id='word_1_466' title='bbox 231 5516 464 5574; x_wconf 71' lang='lat' dir='ltr'>duberit.</span> <span class='ocrx_word' id='word_1_467' title='bbox 488 5517 627 5587; x_wconf 85' lang='lat' dir='ltr'>Quid</span> <span class='ocrx_word' id='word_1_468' title='bbox 647 5517 792 5574; x_wconf 89' lang='lat' dir='ltr'>enim</span> <span class='ocrx_word' id='word_1_469' title='bbox 814 5522 923 5571; x_wconf 89' lang='lat' dir='ltr'>tam</span> <span class='ocrx_word' id='word_1_470' title='bbox 949 5511 1159 5583; x_wconf 89' lang='lat' dir='ltr'>regium</span> <span class='ocrx_word' id='word_1_471' title='bbox 1176 5525 1336 5580; x_wconf 89' lang='lat' dir='ltr'>quam</span> <span class='ocrx_word' id='word_1_472' title='bbox 1365 5509 1556 5566; x_wconf 84' lang='lat' dir='ltr'>fecisse</span> <span class='ocrx_word' id='word_1_473' title='bbox 1580 5509 1812 5574; x_wconf 85' lang='lat' dir='ltr'>felicem,</span> 
     </span>
    </p>
   </div>
   <div class='ocr_carea' id='block_1_70' title="bbox 303 5753 1810 5823">
    <p class='ocr_par' dir='ltr' id='par_1_70' title="bbox 303 5753 1810 5823">
     <span class='ocr_line' id='line_1_70' title="bbox 303 5753 1810 5823; baseline -0.008 -4"><span class='ocrx_word' id='word_1_474' title='bbox 303 5775 328 5804; x_wconf 78' lang='grc' dir='ltr'>ιι</span> <span class='ocrx_word' id='word_1_475' title='bbox 351 5764 490 5821; x_wconf 77' lang='lat' dir='ltr'>Vide</span> <span class='ocrx_word' id='word_1_476' title='bbox 514 5763 646 5820; x_wconf 90' lang='lat' dir='ltr'>Cod.</span> <span class='ocrx_word' id='word_1_477' title='bbox 672 5760 876 5817; x_wconf 89' lang='lat' dir='ltr'>Theod.</span> <span class='ocrx_word' id='word_1_478' title='bbox 911 5760 1001 5814; x_wconf 86' lang='lat' dir='ltr'>lib.</span> <span class='ocrx_word' id='word_1_479' title='bbox 1032 5775 1141 5823; x_wconf 70' lang='lat' dir='ltr'>xxv,</span> <span class='ocrx_word' id='word_1_480' title='bbox 1175 5758 1254 5812; x_wconf 82' lang='lat' dir='ltr'>lit.</span> <span class='ocrx_word' id='word_1_481' title='bbox 1281 5757 1342 5822; x_wconf 75' lang='grc' dir='ltr'>’ὃς</span> <span class='ocrx_word' id='word_1_482' title='bbox 1375 5763 1430 5810; x_wconf 87' lang='lat' dir='ltr'>et</span> <span class='ocrx_word' id='word_1_483' title='bbox 1453 5753 1587 5809; x_wconf 82' lang='lat' dir='ltr'>infra</span> <span class='ocrx_word' id='word_1_484' title='bbox 1611 5754 1702 5810; x_wconf 88' lang='lat' dir='ltr'>lib.</span> <span class='ocrx_word' id='word_1_485' title='bbox 1734 5770 1810 5819; x_wconf 76' lang='lat' dir='ltr'>xv,</span> 
     </span>
    </p>
   </div>
   <div class='ocr_carea' id='block_1_71' title="bbox 238 5827 1814 5916">
    <p class='ocr_par' dir='ltr' id='par_1_71' title="bbox 238 5827 1814 5916">
     <span class='ocr_line' id='line_1_71' title="bbox 238 5827 1814 5916; baseline -0.011 -20"><span class='ocrx_word' id='word_1_486' title='bbox 238 5853 329 5916; x_wconf 86' lang='lat' dir='ltr'>ep._</span> <span class='ocrx_word' id='word_1_487' title='bbox 370 5835 458 5916; x_wconf 51' lang='lat' dir='ltr'>b7.</span> <span class='ocrx_word' id='word_1_488' title='bbox 509 5835 599 5916; x_wconf 67' lang='lat' dir='ltr'>Sic</span> <span class='ocrx_word' id='word_1_489' title='bbox 637 5834 810 5889; x_wconf 85' lang='lat' dir='ltr'>dictos</span> <span class='ocrx_word' id='word_1_490' title='bbox 859 5832 1047 5916; x_wconf 68' lang='lat' dir='ltr'>accipe</span> <span class='ocrx_word' id='word_1_491' title='bbox 1097 5845 1128 5884; x_wconf 88' lang='lat' dir='ltr'>a</span> <span class='ocrx_word' id='word_1_492' title='bbox 1172 5827 1452 5916; x_wconf 52' lang='lat' dir='ltr'>caltabulo,</span> <span class='ocrx_word' id='word_1_493' title='bbox 1512 5827 1814 5916; x_wconf 27' lang='lat' dir='ltr'>quoduerat</span> 
     </span>
    </p>
   </div>
   <div class='ocr_carea' id='block_1_72' title="bbox 241 5901 1807 5979">
    <p class='ocr_par' dir='ltr' id='par_1_72' title="bbox 241 5901 1807 5979">
     <span class='ocr_line' id='line_1_72' title="bbox 241 5901 1807 5979; baseline -0.01 -12"><span class='ocrx_word' id='word_1_494' title='bbox 241 5901 510 5967; x_wconf 76' lang='lat' dir='ltr'>siabulum&#39;</span> <span class='ocrx_word' id='word_1_495' title='bbox 521 5907 885 5979; x_wconf 81' lang='lat' dir='ltr'>jumentorum</span> <span class='ocrx_word' id='word_1_496' title='bbox 905 5901 1133 5975; x_wconf 70' lang='lat' dir='ltr'>publica:</span> <span class='ocrx_word' id='word_1_497' title='bbox 1155 5901 1369 5958; x_wconf 82' lang='lat' dir='ltr'>utilitati</span> <span class='ocrx_word' id='word_1_498' title='bbox 1379 5901 1807 5964; x_wconf 82' lang='lat' dir='ltr'>inservientium,</span> 
     </span>
    </p>
   </div>
   <div class='ocr_carea' id='block_1_73' title="bbox 1827 3245 1880 3312">
    <p class='ocr_par' dir='ltr' id='par_1_73' title="bbox 1827 3245 1880 3312">
     <span class='ocr_line' id='line_1_73' title="bbox 1827 3245 1880 3312; baseline 0 0"><span class='ocrx_word' id='word_1_499' title='bbox 1827 3245 1880 3312; x_wconf 72' lang='grc' dir='ltr'><strong>ϐ</strong></span> 
     </span>
    </p>
   </div>
   <div class='ocr_carea' id='block_1_74' title="bbox 1910 1915 3511 1988">
    <p class='ocr_par' dir='ltr' id='par_1_74' title="bbox 1910 1915 3511 1988">
     <span class='ocr_line' id='line_1_74' title="bbox 1910 1915 3511 1988; baseline 0.003 -17"><span class='ocrx_word' id='word_1_500' title='bbox 1910 1922 2110 1972; x_wconf 77' lang='lat' dir='ltr'>temne.</span> <span class='ocrx_word' id='word_1_501' title='bbox 2144 1915 2284 1984; x_wconf 88' lang='lat' dir='ltr'>Quid</span> <span class='ocrx_word' id='word_1_502' title='bbox 2313 1917 2417 1973; x_wconf 90' lang='lat' dir='ltr'>erit</span> <span class='ocrx_word' id='word_1_503' title='bbox 2442 1916 2662 1973; x_wconf 88' lang='lat' dir='ltr'>suavius</span> <span class='ocrx_word' id='word_1_504' title='bbox 2690 1933 2856 1988; x_wconf 89' lang='lat' dir='ltr'>quam</span> <span class='ocrx_word' id='word_1_505' title='bbox 2881 1918 2938 1974; x_wconf 91' lang='lat' dir='ltr'>in</span> <span class='ocrx_word' id='word_1_506' title='bbox 2964 1918 3057 1976; x_wconf 87' lang='lat' dir='ltr'>illa</span> <span class='ocrx_word' id='word_1_507' title='bbox 3087 1918 3246 1975; x_wconf 88' lang='lat' dir='ltr'>turba</span> <span class='ocrx_word' id='word_1_508' title='bbox 3271 1933 3511 1976; x_wconf 87' lang='lat' dir='ltr'>summo-</span> 
     </span>
    </p>
   </div>
   <div class='ocr_carea' id='block_1_75' title="bbox 1905 2006 3512 2080">
    <p class='ocr_par' dir='ltr' id='par_1_75' title="bbox 1905 2006 3512 2080">
     <span class='ocr_line' id='line_1_75' title="bbox 1905 2006 3512 2080; baseline 0.002 -19"><span class='ocrx_word' id='word_1_509' title='bbox 1905 2021 2027 2062; x_wconf 92' lang='lat' dir='ltr'>rum</span> <span class='ocrx_word' id='word_1_510' title='bbox 2057 2007 2238 2062; x_wconf 85' lang='lat' dir='ltr'>nobile</span> <span class='ocrx_word' id='word_1_511' title='bbox 2259 2006 2549 2076; x_wconf 86' lang='lat' dir='ltr'>protulisse</span> <span class='ocrx_word' id='word_1_512' title='bbox 2573 2006 2861 2076; x_wconf 86' lang='lat' dir='ltr'>judicium,</span> <span class='ocrx_word' id='word_1_513' title='bbox 2911 2008 3004 2065; x_wconf 90' lang='lat' dir='ltr'>ubi</span> <span class='ocrx_word' id='word_1_514' title='bbox 3034 2015 3120 2066; x_wconf 89' lang='lat' dir='ltr'>tot</span> <span class='ocrx_word' id='word_1_515' title='bbox 3157 2009 3512 2080; x_wconf 87' lang='lat' dir='ltr'>patriciorum</span> 
     </span>
    </p>
   </div>
   <div class='ocr_carea' id='block_1_76' title="bbox 1907 2100 3513 2170">
    <p class='ocr_par' dir='ltr' id='par_1_76' title="bbox 1907 2100 3513 2170">
     <span class='ocr_line' id='line_1_76' title="bbox 1907 2100 3513 2170; baseline 0.004 -18"><span class='ocrx_word' id='word_1_516' title='bbox 1907 2100 2073 2154; x_wconf 89' lang='lat' dir='ltr'>corda</span> <span class='ocrx_word' id='word_1_517' title='bbox 2101 2105 2467 2169; x_wconf 81' lang='lat' dir='ltr'>provocamur</span> <span class='ocrx_word' id='word_1_518' title='bbox 2506 2100 2574 2154; x_wconf 90' lang='lat' dir='ltr'>ad</span> <span class='ocrx_word' id='word_1_519' title='bbox 2617 2100 2870 2170; x_wconf 86' lang='lat' dir='ltr'>gratiam,</span> <span class='ocrx_word' id='word_1_520' title='bbox 2919 2101 3014 2160; x_wconf 87' lang='lat' dir='ltr'>ubi</span> <span class='ocrx_word' id='word_1_521' title='bbox 3059 2101 3264 2159; x_wconf 89' lang='lat' dir='ltr'>bouum</span> <span class='ocrx_word' id='word_1_522' title='bbox 3307 2100 3513 2158; x_wconf 72' lang='lat' dir='ltr'>{actim</span> 
     </span>
    </p>
   </div>
   <div class='ocr_carea' id='block_1_77' title="bbox 1907 2189 3515 2265">
    <p class='ocr_par' dir='ltr' id='par_1_77' title="bbox 1907 2189 3515 2265">
     <span class='ocr_line' id='line_1_77' title="bbox 1907 2189 3515 2265; baseline 0.003 -20"><span class='ocrx_word' id='word_1_523' title='bbox 1907 2189 2213 2246; x_wconf 87' lang='lat' dir='ltr'>celebretur</span> <span class='ocrx_word' id='word_1_524' title='bbox 2241 2205 2337 2246; x_wconf 86' lang='lat' dir='ltr'>ore</span> <span class='ocrx_word' id='word_1_525' title='bbox 2373 2191 2724 2260; x_wconf 82' lang='lat' dir='ltr'>sapientum?</span> <span class='ocrx_word' id='word_1_526' title='bbox 2775 2193 3064 2265; x_wconf 84' lang='lat' dir='ltr'>Nunquam</span> <span class='ocrx_word' id='word_1_527' title='bbox 3113 2193 3324 2263; x_wconf 82' lang='lat' dir='ltr'>majore</span> <span class='ocrx_word' id='word_1_528' title='bbox 3354 2194 3515 2251; x_wconf 86' lang='lat' dir='ltr'>laude</span> 
     </span>
    </p>
   </div>
   <div class='ocr_carea' id='block_1_78' title="bbox 1905 2279 3514 2356">
    <p class='ocr_par' dir='ltr' id='par_1_78' title="bbox 1905 2279 3514 2356">
     <span class='ocr_line' id='line_1_78' title="bbox 1905 2279 3514 2356; baseline 0.002 -20"><span class='ocrx_word' id='word_1_529' title='bbox 1905 2281 2075 2336; x_wconf 90' lang='lat' dir='ltr'>virtus</span> <span class='ocrx_word' id='word_1_530' title='bbox 2105 2281 2243 2353; x_wconf 82' lang='lat' dir='ltr'>[Ac.,</span> <span class='ocrx_word' id='word_1_531' title='bbox 2264 2279 2500 2353; x_wconf 77' lang='lat' dir='ltr'>virtutis]</span> <span class='ocrx_word' id='word_1_532' title='bbox 2531 2283 2727 2353; x_wconf 88' lang='lat' dir='ltr'>agitur,</span> <span class='ocrx_word' id='word_1_533' title='bbox 2759 2298 2924 2356; x_wconf 90' lang='lat' dir='ltr'>quam</span> <span class='ocrx_word' id='word_1_534' title='bbox 2951 2285 2996 2340; x_wconf 88' lang='lat' dir='ltr'>si</span> <span class='ocrx_word' id='word_1_535' title='bbox 3024 2291 3175 2341; x_wconf 90' lang='lat' dir='ltr'>recte</span> <span class='ocrx_word' id='word_1_536' title='bbox 3199 2283 3376 2340; x_wconf 82' lang='lat' dir='ltr'>Roma</span> <span class='ocrx_word' id='word_1_537' title='bbox 3401 2291 3514 2339; x_wconf 86' lang='lat' dir='ltr'>tra-</span> 
     </span>
    </p>
   </div>
   <div class='ocr_carea' id='block_1_79' title="bbox 1906 2372 3515 2448">
    <p class='ocr_par' dir='ltr' id='par_1_79' title="bbox 1906 2372 3515 2448">
     <span class='ocr_line' id='line_1_79' title="bbox 1906 2372 3515 2448; baseline 0.002 -20"><span class='ocrx_word' id='word_1_538' title='bbox 1906 2381 2101 2428; x_wconf 89' lang='lat' dir='ltr'>ctetur.</span> <span class='ocrx_word' id='word_1_539' title='bbox 2148 2372 2294 2439; x_wconf 88' lang='lat' dir='ltr'>Quas</span> <span class='ocrx_word' id='word_1_540' title='bbox 2322 2372 2536 2430; x_wconf 89' lang='lat' dir='ltr'>divitias</span> <span class='ocrx_word' id='word_1_541' title='bbox 2564 2377 2802 2432; x_wconf 58' lang='lat' dir='ltr'>aestimes</span> <span class='ocrx_word' id='word_1_542' title='bbox 2831 2378 3072 2448; x_wconf 87' lang='lat' dir='ltr'>aptiores</span> <span class='ocrx_word' id='word_1_543' title='bbox 3103 2391 3268 2447; x_wconf 86' lang='lat' dir='ltr'>quam</span> <span class='ocrx_word' id='word_1_544' title='bbox 3289 2376 3350 2434; x_wconf 86' lang='lat' dir='ltr'>in</span> <span class='ocrx_word' id='word_1_545' title='bbox 3381 2391 3515 2433; x_wconf 90' lang='lat' dir='ltr'>ocu-</span> 
     </span>
    </p>
   </div>
   <div class='ocr_carea' id='block_1_80' title="bbox 1907 2467 3510 2543">
    <p class='ocr_par' dir='ltr' id='par_1_80' title="bbox 1907 2467 3510 2543">
     <span class='ocr_line' id='line_1_80' title="bbox 1907 2467 3510 2543; baseline 0.003 -21"><span class='ocrx_word' id='word_1_546' title='bbox 1907 2467 1976 2524; x_wconf 94' lang='lat' dir='ltr'>lis</span> <span class='ocrx_word' id='word_1_547' title='bbox 2001 2478 2225 2524; x_wconf 90' lang='lat' dir='ltr'>senatus</span> <span class='ocrx_word' id='word_1_548' title='bbox 2254 2470 2606 2525; x_wconf 69' lang='lat' dir='ltr'>conscientire</span> <span class='ocrx_word' id='word_1_549' title='bbox 2633 2471 2930 2540; x_wconf 88' lang='lat' dir='ltr'>pretiosam</span> <span class='ocrx_word' id='word_1_550' title='bbox 2959 2486 3152 2543; x_wconf 86' lang='lat' dir='ltr'>gerere</span> <span class='ocrx_word' id='word_1_551' title='bbox 3197 2471 3510 2542; x_wconf 81' lang='lat' dir='ltr'>puritatem,</span> 
     </span>
    </p>
   </div>
   <div class='ocr_carea' id='block_1_81' title="bbox 1909 2561 3516 2633">
    <p class='ocr_par' dir='ltr' id='par_1_81' title="bbox 1909 2561 3516 2633">
     <span class='ocr_line' id='line_1_81' title="bbox 1909 2561 3516 2633; baseline 0.002 -16"><span class='ocrx_word' id='word_1_552' title='bbox 1909 2568 1965 2617; x_wconf 89' lang='lat' dir='ltr'>et</span> <span class='ocrx_word' id='word_1_553' title='bbox 2011 2569 2137 2617; x_wconf 91' lang='lat' dir='ltr'>ante</span> <span class='ocrx_word' id='word_1_554' title='bbox 2185 2561 2364 2631; x_wconf 90' lang='lat' dir='ltr'>ipsum</span> <span class='ocrx_word' id='word_1_555' title='bbox 2405 2561 2674 2619; x_wconf 88' lang='lat' dir='ltr'>libertatis</span> <span class='ocrx_word' id='word_1_556' title='bbox 2725 2565 2993 2633; x_wconf 87' lang='lat' dir='ltr'>gremium</span> <span class='ocrx_word' id='word_1_557' title='bbox 3022 2565 3185 2620; x_wconf 91' lang='lat' dir='ltr'>nullis</span> <span class='ocrx_word' id='word_1_558' title='bbox 3221 2563 3368 2620; x_wconf 88' lang='lat' dir='ltr'>vitiis</span> <span class='ocrx_word' id='word_1_559' title='bbox 3389 2579 3516 2620; x_wconf 86' lang='lat' dir='ltr'>esse</span> 
     </span>
    </p>
   </div>
   <div class='ocr_carea' id='block_1_82' title="bbox 1909 2651 3514 2728">
    <p class='ocr_par' dir='ltr' id='par_1_82' title="bbox 1909 2651 3514 2728">
     <span class='ocr_line' id='line_1_82' title="bbox 1909 2651 3514 2728; baseline 0.004 -21"><span class='ocrx_word' id='word_1_560' title='bbox 1909 2653 2230 2722; x_wconf 86' lang='lat' dir='ltr'>captivum?</span> <span class='ocrx_word' id='word_1_561' title='bbox 2280 2651 2561 2721; x_wconf 77' lang='lat' dir='ltr'>Videmus,</span> <span class='ocrx_word' id='word_1_562' title='bbox 2612 2655 2807 2726; x_wconf 90' lang='lat' dir='ltr'>reliqui</span> <span class='ocrx_word' id='word_1_563' title='bbox 2834 2656 3013 2713; x_wconf 82' lang='lat' dir='ltr'>fasces</span> <span class='ocrx_word' id='word_1_564' title='bbox 3040 2673 3148 2728; x_wconf 87' lang='lat' dir='ltr'>qua</span> <span class='ocrx_word' id='word_1_565' title='bbox 3179 2658 3353 2727; x_wconf 86' lang='lat' dir='ltr'>gloria</span> <span class='ocrx_word' id='word_1_566' title='bbox 3377 2673 3514 2713; x_wconf 86' lang='lat' dir='ltr'>cen-</span> 
     </span>
    </p>
   </div>
   <div class='ocr_carea' id='block_1_83' title="bbox 1912 2744 3514 2818">
    <p class='ocr_par' dir='ltr' id='par_1_83' title="bbox 1912 2744 3514 2818">
     <span class='ocr_line' id='line_1_83' title="bbox 1912 2744 3514 2818; baseline 0.002 -16"><span class='ocrx_word' id='word_1_567' title='bbox 1912 2755 2155 2802; x_wconf 88' lang='lat' dir='ltr'>seantur.</span> <span class='ocrx_word' id='word_1_568' title='bbox 2191 2744 2441 2802; x_wconf 85' lang='lat' dir='ltr'>Urbanus</span> <span class='ocrx_word' id='word_1_569' title='bbox 2469 2749 2671 2818; x_wconf 65' lang='lat' dir='ltr'>praesul</span> <span class='ocrx_word' id='word_1_570' title='bbox 2699 2750 2932 2818; x_wconf 86' lang='lat' dir='ltr'>dignitas</span> <span class='ocrx_word' id='word_1_571' title='bbox 2959 2759 3044 2807; x_wconf 88' lang='lat' dir='ltr'>est</span> <span class='ocrx_word' id='word_1_572' title='bbox 3071 2752 3361 2806; x_wconf 89' lang='lat' dir='ltr'>honorum.</span> <span class='ocrx_word' id='word_1_573' title='bbox 3395 2750 3514 2806; x_wconf 81' lang='lat' dir='ltr'>Non</span> 
     </span>
    </p>
   </div>
   <div class='ocr_carea' id='block_1_84' title="bbox 1911 2832 3516 2913">
    <p class='ocr_par' dir='ltr' id='par_1_84' title="bbox 1911 2832 3516 2913">
     <span class='ocr_line' id='line_1_84' title="bbox 1911 2832 3516 2913; baseline 0.007 -23"><span class='ocrx_word' id='word_1_574' title='bbox 1911 2838 2115 2907; x_wconf 90' lang='lat' dir='ltr'>patitur</span> <span class='ocrx_word' id='word_1_575' title='bbox 2141 2832 2362 2893; x_wconf 88' lang='lat' dir='ltr'>claritas</span> <span class='ocrx_word' id='word_1_576' title='bbox 2391 2838 2482 2892; x_wconf 91' lang='lat' dir='ltr'>illa</span> <span class='ocrx_word' id='word_1_577' title='bbox 2523 2840 2883 2907; x_wconf 90' lang='lat' dir='ltr'>committere,</span> <span class='ocrx_word' id='word_1_578' title='bbox 2917 2843 3064 2910; x_wconf 85' lang='lat' dir='ltr'>quod</span> <span class='ocrx_word' id='word_1_579' title='bbox 3101 2845 3272 2913; x_wconf 86' lang='lat' dir='ltr'>possit</span> <span class='ocrx_word' id='word_1_580' title='bbox 3318 2844 3516 2901; x_wconf 88' lang='lat' dir='ltr'>nobilis</span> 
     </span>
    </p>
   </div>
   <div class='ocr_carea' id='block_1_85' title="bbox 1914 2925 3518 2989">
    <p class='ocr_par' dir='ltr' id='par_1_85' title="bbox 1914 2925 3518 2989">
     <span class='ocr_line' id='line_1_85' title="bbox 1914 2925 3518 2989; baseline 0.005 -8"><span class='ocrx_word' id='word_1_581' title='bbox 1914 2925 2073 2981; x_wconf 86' lang='lat' dir='ltr'>turba</span> <span class='ocrx_word' id='word_1_582' title='bbox 2105 2926 2337 2982; x_wconf 89' lang='lat' dir='ltr'>nescire.</span> <span class='ocrx_word' id='word_1_583' title='bbox 2385 2926 2619 2983; x_wconf 77' lang='lat' dir='ltr'>Locutus</span> <span class='ocrx_word' id='word_1_584' title='bbox 2647 2928 2702 2982; x_wconf 89' lang='lat' dir='ltr'>in</span> <span class='ocrx_word' id='word_1_585' title='bbox 2744 2927 2985 2983; x_wconf 84' lang='lat' dir='ltr'>medium</span> <span class='ocrx_word' id='word_1_586' title='bbox 3013 2938 3332 2987; x_wconf 87' lang='lat' dir='ltr'>cunctorum</span> <span class='ocrx_word' id='word_1_587' title='bbox 3359 2933 3427 2988; x_wconf 90' lang='lat' dir='ltr'>ad</span> <span class='ocrx_word' id='word_1_588' title='bbox 3456 2948 3518 2989; x_wconf 87' lang='lat' dir='ltr'>se</span> 
     </span>
    </p>
   </div>
   <div class='ocr_carea' id='block_1_86' title="bbox 1916 3021 3594 3096">
    <p class='ocr_par' dir='ltr' id='par_1_86' title="bbox 1916 3021 3594 3096">
     <span class='ocr_line' id='line_1_86' title="bbox 1916 3021 3594 3096; baseline 0.005 -22"><span class='ocrx_word' id='word_1_589' title='bbox 1916 3021 2083 3075; x_wconf 90' lang='lat' dir='ltr'>trahit</span> <span class='ocrx_word' id='word_1_590' title='bbox 2107 3028 2387 3091; x_wconf 83' lang='lat' dir='ltr'>aSpectum</span> <span class='ocrx_word' id='word_1_591' title='bbox 2413 3064 2429 3091; x_wconf 94' lang='lat'>,</span> <span class='ocrx_word' id='word_1_592' title='bbox 2477 3030 2533 3078; x_wconf 92' lang='lat' dir='ltr'>et</span> <span class='ocrx_word' id='word_1_593' title='bbox 2575 3022 2738 3078; x_wconf 87' lang='lat' dir='ltr'>totius</span> <span class='ocrx_word' id='word_1_594' title='bbox 2769 3023 2892 3078; x_wconf 70' lang='lat' dir='ltr'>vita:</span> <span class='ocrx_word' id='word_1_595' title='bbox 2925 3023 3183 3093; x_wconf 85' lang='lat' dir='ltr'>judicium</span> <span class='ocrx_word' id='word_1_596' title='bbox 3210 3026 3518 3096; x_wconf 88' lang='lat' dir='ltr'>promulgat</span> <span class='ocrx_word' id='word_1_597' title='bbox 3592 3032 3594 3034; x_wconf 76' lang='grc'>’</span> 
     </span>
    </p>
   </div>
   <div class='ocr_carea' id='block_1_87' title="bbox 1909 3112 3519 3189">
    <p class='ocr_par' dir='ltr' id='par_1_87' title="bbox 1909 3112 3519 3189">
     <span class='ocr_line' id='line_1_87' title="bbox 1909 3112 3519 3189; baseline 0.005 -21"><span class='ocrx_word' id='word_1_598' title='bbox 1909 3112 2054 3170; x_wconf 88' lang='lat' dir='ltr'>fama</span> <span class='ocrx_word' id='word_1_599' title='bbox 2084 3115 2431 3186; x_wconf 91' lang='lat' dir='ltr'>populorum.</span> <span class='ocrx_word' id='word_1_600' title='bbox 2464 3114 2592 3172; x_wconf 60' lang='lat' dir='ltr'>Haec</span> <span class='ocrx_word' id='word_1_601' title='bbox 2621 3124 2676 3172; x_wconf 89' lang='lat' dir='ltr'>te</span> <span class='ocrx_word' id='word_1_602' title='bbox 2705 3124 2760 3172; x_wconf 87' lang='lat' dir='ltr'>et</span> <span class='ocrx_word' id='word_1_603' title='bbox 2788 3117 2969 3172; x_wconf 91' lang='lat' dir='ltr'>animo</span> <span class='ocrx_word' id='word_1_604' title='bbox 2999 3118 3304 3189; x_wconf 84' lang='lat' dir='ltr'>concipere,</span> <span class='ocrx_word' id='word_1_605' title='bbox 3338 3128 3393 3175; x_wconf 92' lang='lat' dir='ltr'>et</span> <span class='ocrx_word' id='word_1_606' title='bbox 3431 3135 3519 3177; x_wconf 90' lang='lat' dir='ltr'>re-</span> 
     </span>
    </p>
   </div>
   <div class='ocr_carea' id='block_1_88' title="bbox 1910 3207 3520 3282">
    <p class='ocr_par' dir='ltr' id='par_1_88' title="bbox 1910 3207 3520 3282">
     <span class='ocr_line' id='line_1_88' title="bbox 1910 3207 3520 3282; baseline 0.001 -18"><span class='ocrx_word' id='word_1_607' title='bbox 1910 3207 2013 3264; x_wconf 90' lang='lat' dir='ltr'>bus</span> <span class='ocrx_word' id='word_1_608' title='bbox 2035 3208 2379 3266; x_wconf 88' lang='lat' dir='ltr'>evidentibus</span> <span class='ocrx_word' id='word_1_609' title='bbox 2409 3209 2705 3280; x_wconf 85' lang='lat' dir='ltr'>explicare,</span> <span class='ocrx_word' id='word_1_610' title='bbox 2735 3210 2996 3267; x_wconf 91' lang='lat' dir='ltr'>credibile</span> <span class='ocrx_word' id='word_1_611' title='bbox 3018 3211 3162 3282; x_wconf 83' lang='lat' dir='ltr'>apud</span> <span class='ocrx_word' id='word_1_612' title='bbox 3190 3228 3290 3268; x_wconf 90' lang='lat' dir='ltr'>nos</span> <span class='ocrx_word' id='word_1_613' title='bbox 3314 3211 3520 3268; x_wconf 84' lang='lat' dir='ltr'>faciunt</span> 
     </span>
    </p>
   </div>
   <div class='ocr_carea' id='block_1_89' title="bbox 1916 3303 3515 3374">
    <p class='ocr_par' dir='ltr' id='par_1_89' title="bbox 1916 3303 3515 3374">
     <span class='ocr_line' id='line_1_89' title="bbox 1916 3303 3515 3374; baseline 0.002 -16"><span class='ocrx_word' id='word_1_614' title='bbox 1916 3303 2094 3359; x_wconf 90' lang='lat' dir='ltr'>studia</span> <span class='ocrx_word' id='word_1_615' title='bbox 2115 3303 2418 3359; x_wconf 90' lang='lat' dir='ltr'>litterarum</span> <span class='ocrx_word' id='word_1_616' title='bbox 2453 3323 2464 3357; x_wconf 89' lang='lat'>:</span> <span class='ocrx_word' id='word_1_617' title='bbox 2499 3304 2589 3358; x_wconf 87' lang='lat' dir='ltr'>ubi</span> <span class='ocrx_word' id='word_1_618' title='bbox 2612 3304 2912 3373; x_wconf 87' lang='lat' dir='ltr'>cognovisti</span> <span class='ocrx_word' id='word_1_619' title='bbox 2940 3319 3102 3360; x_wconf 89' lang='lat' dir='ltr'>omne</span> <span class='ocrx_word' id='word_1_620' title='bbox 3130 3305 3276 3374; x_wconf 90' lang='lat' dir='ltr'>quod</span> <span class='ocrx_word' id='word_1_621' title='bbox 3303 3305 3515 3370; x_wconf 89' lang='lat' dir='ltr'>deccat,</span> 
     </span>
    </p>
   </div>
   <div class='ocr_carea' id='block_1_90' title="bbox 1915 3396 3518 3466">
    <p class='ocr_par' dir='ltr' id='par_1_90' title="bbox 1915 3396 3518 3466">
     <span class='ocr_line' id='line_1_90' title="bbox 1915 3396 3518 3466; baseline -0.001 -13"><span class='ocrx_word' id='word_1_622' title='bbox 1915 3405 1971 3453; x_wconf 91' lang='lat' dir='ltr'>et</span> <span class='ocrx_word' id='word_1_623' title='bbox 1999 3396 2066 3451; x_wconf 86' lang='lat' dir='ltr'>ad</span> <span class='ocrx_word' id='word_1_624' title='bbox 2097 3411 2253 3452; x_wconf 89' lang='lat' dir='ltr'>usum</span> <span class='ocrx_word' id='word_1_625' title='bbox 2284 3397 2408 3452; x_wconf 65' lang='lat' dir='ltr'>vita:</span> <span class='ocrx_word' id='word_1_626' title='bbox 2435 3397 2687 3466; x_wconf 62' lang='lat' dir='ltr'>gloriosae</span> <span class='ocrx_word' id='word_1_627' title='bbox 2718 3397 2980 3462; x_wconf 89' lang='lat' dir='ltr'>animum,</span> <span class='ocrx_word' id='word_1_628' title='bbox 3024 3396 3313 3453; x_wconf 89' lang='lat' dir='ltr'>doctorum</span> <span class='ocrx_word' id='word_1_629' title='bbox 3360 3397 3518 3452; x_wconf 89' lang='lat' dir='ltr'>nimi-</span> 
     </span>
    </p>
   </div>
   <div class='ocr_carea' id='block_1_91' title="bbox 1911 3484 3518 3557">
    <p class='ocr_par' dir='ltr' id='par_1_91' title="bbox 1911 3484 3518 3557">
     <span class='ocr_line' id='line_1_91' title="bbox 1911 3484 3518 3557; baseline 0.002 -16"><span class='ocrx_word' id='word_1_630' title='bbox 1911 3501 2035 3541; x_wconf 83' lang='lat' dir='ltr'>rum</span> <span class='ocrx_word' id='word_1_631' title='bbox 2066 3485 2435 3552; x_wconf 87' lang='lat' dir='ltr'>institutione,</span> <span class='ocrx_word' id='word_1_632' title='bbox 2470 3485 2735 3542; x_wconf 84' lang='lat' dir='ltr'>formasti.</span> <span class='ocrx_word' id='word_1_633' title='bbox 2767 3484 2960 3556; x_wconf 76' lang='lat' dir='ltr'>Fugiet</span> <span class='ocrx_word' id='word_1_634' title='bbox 2987 3501 3118 3557; x_wconf 86' lang='lat' dir='ltr'>ergo</span> <span class='ocrx_word' id='word_1_635' title='bbox 3148 3487 3398 3543; x_wconf 88' lang='lat' dir='ltr'>doctrina</span> <span class='ocrx_word' id='word_1_636' title='bbox 3421 3489 3518 3544; x_wconf 84' lang='lat' dir='ltr'>de-</span> 
     </span>
    </p>
   </div>
   <div class='ocr_carea' id='block_1_92' title="bbox 1912 3576 3520 3636">
    <p class='ocr_par' dir='ltr' id='par_1_92' title="bbox 1912 3576 3520 3636">
     <span class='ocr_line' id='line_1_92' title="bbox 1912 3576 3520 3636; baseline 0.001 -3"><span class='ocrx_word' id='word_1_637' title='bbox 1912 3576 2118 3633; x_wconf 88' lang='lat' dir='ltr'>lictum.</span> <span class='ocrx_word' id='word_1_638' title='bbox 2149 3576 2402 3633; x_wconf 84' lang='lat' dir='ltr'>indocilis</span> <span class='ocrx_word' id='word_1_639' title='bbox 2429 3587 2514 3634; x_wconf 91' lang='lat' dir='ltr'>est</span> <span class='ocrx_word' id='word_1_640' title='bbox 2541 3579 2707 3634; x_wconf 89' lang='lat' dir='ltr'>animi</span> <span class='ocrx_word' id='word_1_641' title='bbox 2737 3578 2805 3634; x_wconf 89' lang='lat' dir='ltr'>ad</span> <span class='ocrx_word' id='word_1_642' title='bbox 2831 3579 2960 3634; x_wconf 91' lang='lat' dir='ltr'>vitia</span> <span class='ocrx_word' id='word_1_643' title='bbox 2991 3579 3148 3635; x_wconf 91' lang='lat' dir='ltr'>trahi.</span> <span class='ocrx_word' id='word_1_644' title='bbox 3200 3577 3520 3636; x_wconf 70' lang='lat' dir='ltr'>IEdilicatus</span> 
     </span>
    </p>
   </div>
   <div class='ocr_carea' id='block_1_93' title="bbox 1914 3669 3522 3744">
    <p class='ocr_par' dir='ltr' id='par_1_93' title="bbox 1914 3669 3522 3744">
     <span class='ocr_line' id='line_1_93' title="bbox 1914 3669 3522 3744; baseline 0.002 -19"><span class='ocrx_word' id='word_1_645' title='bbox 1914 3669 2068 3726; x_wconf 91' lang='lat' dir='ltr'>libris</span> <span class='ocrx_word' id='word_1_646' title='bbox 2118 3671 2298 3727; x_wconf 88' lang='lat' dir='ltr'>locum</span> <span class='ocrx_word' id='word_1_647' title='bbox 2348 3688 2457 3728; x_wconf 89' lang='lat' dir='ltr'>non</span> <span class='ocrx_word' id='word_1_648' title='bbox 2504 3671 2759 3744; x_wconf 86' lang='lat' dir='ltr'>relinquit</span> <span class='ocrx_word' id='word_1_649' title='bbox 2800 3672 3006 3743; x_wconf 88' lang='lat' dir='ltr'>injuriis</span> <span class='ocrx_word' id='word_1_650' title='bbox 3042 3691 3054 3726; x_wconf 92' lang='lat'>:</span> <span class='ocrx_word' id='word_1_651' title='bbox 3101 3673 3189 3728; x_wconf 79' lang='lat' dir='ltr'>ubi</span> <span class='ocrx_word' id='word_1_652' title='bbox 3229 3674 3282 3728; x_wconf 92' lang='lat' dir='ltr'>in</span> <span class='ocrx_word' id='word_1_653' title='bbox 3320 3673 3522 3730; x_wconf 90' lang='lat' dir='ltr'>teneris</span> 
     </span>
    </p>
   </div>
   <div class='ocr_carea' id='block_1_94' title="bbox 1915 3765 3520 3837">
    <p class='ocr_par' dir='ltr' id='par_1_94' title="bbox 1915 3765 3520 3837">
     <span class='ocr_line' id='line_1_94' title="bbox 1915 3765 3520 3837; baseline 0.001 -17"><span class='ocrx_word' id='word_1_654' title='bbox 1915 3765 2072 3822; x_wconf 88' lang='lat' dir='ltr'>annis</span> <span class='ocrx_word' id='word_1_655' title='bbox 2120 3765 2438 3837; x_wconf 89' lang='lat' dir='ltr'>acquiritur,</span> <span class='ocrx_word' id='word_1_656' title='bbox 2483 3766 2628 3836; x_wconf 89' lang='lat' dir='ltr'>quod</span> <span class='ocrx_word' id='word_1_657' title='bbox 2677 3778 2889 3822; x_wconf 88' lang='lat' dir='ltr'>matura</span> <span class='ocrx_word' id='word_1_658' title='bbox 2919 3775 3081 3824; x_wconf 78' lang='lat' dir='ltr'>aetate</span> <span class='ocrx_word' id='word_1_659' title='bbox 3125 3775 3388 3824; x_wconf 88' lang='lat' dir='ltr'>servetur.</span> <span class='ocrx_word' id='word_1_660' title='bbox 3439 3766 3520 3822; x_wconf 89' lang='lat' dir='ltr'>Ad</span> 
     </span>
    </p>
   </div>
   <div class='ocr_carea' id='block_1_95' title="bbox 1911 3857 3516 3922">
    <p class='ocr_par' dir='ltr' id='par_1_95' title="bbox 1911 3857 3516 3922">
     <span class='ocr_line' id='line_1_95' title="bbox 1911 3857 3516 3922; baseline 0.001 -12"><span class='ocrx_word' id='word_1_661' title='bbox 1911 3857 2187 3912; x_wconf 88' lang='lat' dir='ltr'>tramitem</span> <span class='ocrx_word' id='word_1_662' title='bbox 2221 3858 2360 3914; x_wconf 88' lang='lat' dir='ltr'>recti</span> <span class='ocrx_word' id='word_1_663' title='bbox 2391 3857 2676 3913; x_wconf 89' lang='lat' dir='ltr'>hortentur</span> <span class='ocrx_word' id='word_1_664' title='bbox 2720 3868 2772 3915; x_wconf 88' lang='lat' dir='ltr'>te</span> <span class='ocrx_word' id='word_1_665' title='bbox 2802 3868 3020 3916; x_wconf 91' lang='lat' dir='ltr'>tuorum</span> <span class='ocrx_word' id='word_1_666' title='bbox 3048 3859 3191 3914; x_wconf 82' lang='lat' dir='ltr'>facta</span> <span class='ocrx_word' id='word_1_667' title='bbox 3221 3860 3516 3922; x_wconf 90' lang='lat' dir='ltr'>seniorum,</span> 
     </span>
    </p>
   </div>
   <div class='ocr_carea' id='block_1_96' title="bbox 1914 3950 3520 4021">
    <p class='ocr_par' dir='ltr' id='par_1_96' title="bbox 1914 3950 3520 4021">
     <span class='ocr_line' id='line_1_96' title="bbox 1914 3950 3520 4021; baseline -0.001 -15"><span class='ocrx_word' id='word_1_668' title='bbox 1914 3951 2209 4006; x_wconf 85' lang='lat' dir='ltr'>admoneat</span> <span class='ocrx_word' id='word_1_669' title='bbox 2257 3952 2508 4008; x_wconf 90' lang='lat' dir='ltr'>lectionis</span> <span class='ocrx_word' id='word_1_670' title='bbox 2537 3954 2863 4019; x_wconf 87' lang='lat' dir='ltr'>auctoritas,</span> <span class='ocrx_word' id='word_1_671' title='bbox 2912 3951 3106 4009; x_wconf 91' lang='lat' dir='ltr'>deinde</span> <span class='ocrx_word' id='word_1_672' title='bbox 3127 3950 3318 4021; x_wconf 90' lang='lat' dir='ltr'>judicii</span> <span class='ocrx_word' id='word_1_673' title='bbox 3348 3950 3520 4006; x_wconf 90' lang='lat' dir='ltr'>nostri</span> 
     </span>
    </p>
   </div>
   <div class='ocr_carea' id='block_1_97' title="bbox 1916 4043 3515 4116">
    <p class='ocr_par' dir='ltr' id='par_1_97' title="bbox 1916 4043 3515 4116">
     <span class='ocr_line' id='line_1_97' title="bbox 1916 4043 3515 4116; baseline 0.001 -18"><span class='ocrx_word' id='word_1_674' title='bbox 1916 4043 2116 4101; x_wconf 88' lang='lat' dir='ltr'>electio</span> <span class='ocrx_word' id='word_1_675' title='bbox 2145 4044 2381 4114; x_wconf 88' lang='lat' dir='ltr'>gloriosa</span> <span class='ocrx_word' id='word_1_676' title='bbox 2411 4063 2426 4112; x_wconf 91' lang='lat'>;</span> <span class='ocrx_word' id='word_1_677' title='bbox 2467 4053 2528 4101; x_wconf 89' lang='lat' dir='ltr'>ut</span> <span class='ocrx_word' id='word_1_678' title='bbox 2554 4046 2765 4116; x_wconf 88' lang='lat' dir='ltr'>majora</span> <span class='ocrx_word' id='word_1_679' title='bbox 2795 4046 2864 4101; x_wconf 92' lang='lat' dir='ltr'>de</span> <span class='ocrx_word' id='word_1_680' title='bbox 2893 4045 3049 4100; x_wconf 90' lang='lat' dir='ltr'>nobis</span> <span class='ocrx_word' id='word_1_681' title='bbox 3077 4058 3292 4103; x_wconf 83' lang='lat' dir='ltr'>sumere</span> <span class='ocrx_word' id='word_1_682' title='bbox 3321 4043 3515 4114; x_wconf 89' lang='lat' dir='ltr'>possis,</span> 
     </span>
    </p>
   </div>
   <div class='ocr_carea' id='block_1_98' title="bbox 1915 4135 3382 4207">
    <p class='ocr_par' dir='ltr' id='par_1_98' title="bbox 1915 4135 3382 4207">
     <span class='ocr_line' id='line_1_98' title="bbox 1915 4135 3382 4207; baseline -0.002 -15"><span class='ocrx_word' id='word_1_683' title='bbox 1915 4150 2040 4192; x_wconf 89' lang='lat' dir='ltr'>cum</span> <span class='ocrx_word' id='word_1_684' title='bbox 2070 4147 2123 4193; x_wconf 91' lang='lat' dir='ltr'>te</span> <span class='ocrx_word' id='word_1_685' title='bbox 2149 4151 2213 4194; x_wconf 89' lang='lat' dir='ltr'>ea</span> <span class='ocrx_word' id='word_1_686' title='bbox 2239 4152 2361 4207; x_wconf 59' lang='lat' dir='ltr'>qua;</span> <span class='ocrx_word' id='word_1_687' title='bbox 2390 4138 2763 4193; x_wconf 90' lang='lat' dir='ltr'>commisimus</span> <span class='ocrx_word' id='word_1_688' title='bbox 2788 4137 3013 4206; x_wconf 88' lang='lat' dir='ltr'>implere</span> <span class='ocrx_word' id='word_1_689' title='bbox 3041 4135 3382 4204; x_wconf 85' lang='lat' dir='ltr'>cognoveris.</span> 
     </span>
    </p>
   </div>
   <div class='ocr_carea' id='block_1_99' title="bbox 2490 4247 2966 4306">
    <p class='ocr_par' dir='ltr' id='par_1_99' title="bbox 2490 4247 2966 4306">
     <span class='ocr_line' id='line_1_99' title="bbox 2490 4247 2966 4306; baseline 0 -2"><span class='ocrx_word' id='word_1_690' title='bbox 2490 4247 2830 4306; x_wconf 83' lang='lat' dir='ltr'>EPISTOLA</span> <span class='ocrx_word' id='word_1_691' title='bbox 2851 4247 2966 4305; x_wconf 85' lang='grc' dir='ltr'>ΧΠ.</span> 
     </span>
    </p>
   </div>
   <div class='ocr_carea' id='block_1_100' title="bbox 2145 4358 3292 4402">
    <p class='ocr_par' dir='ltr' id='par_1_100' title="bbox 2145 4358 3292 4402">
     <span class='ocr_line' id='line_1_100' title="bbox 2145 4358 3292 4402; baseline 0.001 -3"><span class='ocrx_word' id='word_1_692' title='bbox 2145 4358 2372 4399; x_wconf 77' lang='lat' dir='ltr'>SENATUI</span> <span class='ocrx_word' id='word_1_693' title='bbox 2401 4358 2552 4399; x_wconf 74' lang='lat' dir='ltr'><strong>URBIS</strong></span> <span class='ocrx_word' id='word_1_694' title='bbox 2581 4359 2740 4399; x_wconf 69' lang='grc' dir='ltr'>ιιοιηε</span> <span class='ocrx_word' id='word_1_695' title='bbox 2771 4358 3140 4402; x_wconf 73' lang='lat' dir='ltr'>THEODORICUS</span> <span class='ocrx_word' id='word_1_696' title='bbox 3164 4359 3292 4400; x_wconf 72' lang='lat' dir='ltr'><strong>REX.</strong></span> 
     </span>
    </p>
   </div>
   <div class='ocr_carea' id='block_1_101' title="bbox 1917 4434 3522 4506">
    <p class='ocr_par' dir='ltr' id='par_1_101' title="bbox 1917 4434 3522 4506">
     <span class='ocr_line' id='line_1_101' title="bbox 1917 4434 3522 4506; baseline 0.001 -18"><span class='ocrx_word' id='word_1_697' title='bbox 1917 4436 2217 4506; x_wconf 80' lang='lat' dir='ltr'>Argolicum</span> <span class='ocrx_word' id='word_1_698' title='bbox 2245 4451 2361 4488; x_wconf 88' lang='lat' dir='ltr'>cum</span> <span class='ocrx_word' id='word_1_699' title='bbox 2390 4434 2691 4503; x_wconf 84' lang='lat' dir='ltr'>parentibus</span> <span class='ocrx_word' id='word_1_700' title='bbox 2725 4435 2900 4490; x_wconf 82' lang='lat' dir='ltr'>multis</span> <span class='ocrx_word' id='word_1_701' title='bbox 2929 4435 3170 4490; x_wconf 80' lang='lat' dir='ltr'>laudibus</span> <span class='ocrx_word' id='word_1_702' title='bbox 3197 4441 3440 4503; x_wconf 68' lang='lat' dir='ltr'>atumat,</span> <span class='ocrx_word' id='word_1_703' title='bbox 3471 4443 3522 4490; x_wconf 78' lang='lat' dir='ltr'>el</span> 
     </span>
    </p>
   </div>
   <div class='ocr_carea' id='block_1_102' title="bbox 1990 4505 3522 4589">
    <p class='ocr_par' dir='ltr' id='par_1_102' title="bbox 1990 4505 3522 4589">
     <span class='ocr_line' id='line_1_102' title="bbox 1990 4505 3522 4589; baseline 0.002 -30"><span class='ocrx_word' id='word_1_704' title='bbox 1990 4505 2333 4589; x_wconf 63' lang='lat' dir='ltr'>approbatum</span> <span class='ocrx_word' id='word_1_705' title='bbox 2353 4521 2383 4558; x_wconf 85' lang='grc' dir='ltr'>α</span> <span class='ocrx_word' id='word_1_706' title='bbox 2402 4515 2586 4559; x_wconf 82' lang='lat' dir='ltr'>senatu</span> <span class='ocrx_word' id='word_1_707' title='bbox 2609 4507 2720 4576; x_wconf 84' lang='lat' dir='ltr'>ejus</span> <span class='ocrx_word' id='word_1_708' title='bbox 2745 4507 2801 4561; x_wconf 79' lang='lat' dir='ltr'>in</span> <span class='ocrx_word' id='word_1_709' title='bbox 2821 4510 3124 4581; x_wconf 77' lang='lat' dir='ltr'>prwfectum</span> <span class='ocrx_word' id='word_1_710' title='bbox 3151 4509 3292 4563; x_wconf 87' lang='lat' dir='ltr'>urbis</span> <span class='ocrx_word' id='word_1_711' title='bbox 3313 4507 3522 4563; x_wconf 80' lang='lat' dir='ltr'>eiectio-</span> 
     </span>
    </p>
   </div>
   <div class='ocr_carea' id='block_1_103' title="bbox 1990 4587 2289 4648">
    <p class='ocr_par' dir='ltr' id='par_1_103' title="bbox 1990 4587 2289 4648">
     <span class='ocr_line' id='line_1_103' title="bbox 1990 4587 2289 4648; baseline 0 -17"><span class='ocrx_word' id='word_1_712' title='bbox 1990 4594 2108 4632; x_wconf 85' lang='lat' dir='ltr'>nem</span> <span class='ocrx_word' id='word_1_713' title='bbox 2128 4587 2289 4648; x_wconf 83' lang='lat' dir='ltr'>cupit.</span> 
     </span>
    </p>
   </div>
   <div class='ocr_carea' id='block_1_104' title="bbox 1836 4661 3522 4742">
    <p class='ocr_par' dir='ltr' id='par_1_104' title="bbox 1836 4661 3522 4742">
     <span class='ocr_line' id='line_1_104' title="bbox 1836 4661 3522 4742; baseline 0.003 -19"><span class='ocrx_word' id='word_1_714' title='bbox 1836 4661 1893 4723; x_wconf 88' lang='lat' dir='ltr'><strong><em>D</em></strong></span> <span class='ocrx_word' id='word_1_715' title='bbox 1990 4669 2268 4739; x_wconf 86' lang='lat' dir='ltr'>Amamus,</span> <span class='ocrx_word' id='word_1_716' title='bbox 2300 4668 2490 4726; x_wconf 89' lang='lat' dir='ltr'>Patres</span> <span class='ocrx_word' id='word_1_717' title='bbox 2518 4669 2847 4742; x_wconf 86' lang='lat' dir='ltr'>Conscripti,</span> <span class='ocrx_word' id='word_1_718' title='bbox 2878 4669 3171 4741; x_wconf 87' lang='lat' dir='ltr'>dignitates</span> <span class='ocrx_word' id='word_1_719' title='bbox 3201 4672 3430 4729; x_wconf 77' lang='lat' dir='ltr'>eximias</span> <span class='ocrx_word' id='word_1_720' title='bbox 3454 4671 3522 4728; x_wconf 92' lang='lat' dir='ltr'>de</span> 
     </span>
    </p>
   </div>
   <div class='ocr_carea' id='block_1_105' title="bbox 1915 4763 3522 4834">
    <p class='ocr_par' dir='ltr' id='par_1_105' title="bbox 1915 4763 3522 4834">
     <span class='ocr_line' id='line_1_105' title="bbox 1915 4763 3522 4834; baseline 0.001 -14"><span class='ocrx_word' id='word_1_721' title='bbox 1915 4772 2102 4820; x_wconf 89' lang='lat' dir='ltr'>nostra</span> <span class='ocrx_word' id='word_1_722' title='bbox 2132 4763 2468 4834; x_wconf 86' lang='lat' dir='ltr'>benignitate</span> <span class='ocrx_word' id='word_1_723' title='bbox 2516 4773 2824 4823; x_wconf 89' lang='lat' dir='ltr'>nascentes.</span> <span class='ocrx_word' id='word_1_724' title='bbox 2872 4764 3080 4822; x_wconf 90' lang='lat' dir='ltr'>Publici</span> <span class='ocrx_word' id='word_1_725' title='bbox 3119 4767 3264 4822; x_wconf 90' lang='lat' dir='ltr'>enim</span> <span class='ocrx_word' id='word_1_726' title='bbox 3310 4765 3522 4822; x_wconf 87' lang='lat' dir='ltr'>decoris</span> 
     </span>
    </p>
   </div>
   <div class='ocr_carea' id='block_1_106' title="bbox 1915 4858 3522 4928">
    <p class='ocr_par' dir='ltr' id='par_1_106' title="bbox 1915 4858 3522 4928">
     <span class='ocr_line' id='line_1_106' title="bbox 1915 4858 3522 4928; baseline 0.001 -16"><span class='ocrx_word' id='word_1_727' title='bbox 1915 4865 2206 4914; x_wconf 89' lang='lat' dir='ltr'>mater-est</span> <span class='ocrx_word' id='word_1_728' title='bbox 2229 4873 2382 4914; x_wconf 88' lang='lat' dir='ltr'>mens</span> <span class='ocrx_word' id='word_1_729' title='bbox 2412 4858 2690 4928; x_wconf 87' lang='lat' dir='ltr'>regentis;</span> <span class='ocrx_word' id='word_1_730' title='bbox 2735 4864 2790 4913; x_wconf 91' lang='lat' dir='ltr'>et</span> <span class='ocrx_word' id='word_1_731' title='bbox 2811 4858 2970 4927; x_wconf 90' lang='lat' dir='ltr'>quale</span> <span class='ocrx_word' id='word_1_732' title='bbox 3004 4859 3168 4915; x_wconf 86' lang='lat' dir='ltr'>fuerit</span> <span class='ocrx_word' id='word_1_733' title='bbox 3193 4858 3522 4914; x_wconf 85' lang='lat' dir='ltr'>dominantis</span> 
     </span>
    </p>
   </div>
   <div class='ocr_carea' id='block_1_107' title="bbox 1916 4947 3521 5022">
    <p class='ocr_par' dir='ltr' id='par_1_107' title="bbox 1916 4947 3521 5022">
     <span class='ocr_line' id='line_1_107' title="bbox 1916 4947 3521 5022; baseline -0.001 -18"><span class='ocrx_word' id='word_1_734' title='bbox 1916 4950 2217 5017; x_wconf 86' lang='lat' dir='ltr'>arbitrium,</span> <span class='ocrx_word' id='word_1_735' title='bbox 2251 4950 2414 5007; x_wconf 89' lang='lat' dir='ltr'>talem</span> <span class='ocrx_word' id='word_1_736' title='bbox 2461 4950 2605 5020; x_wconf 90' lang='lat' dir='ltr'>parit</span> <span class='ocrx_word' id='word_1_737' title='bbox 2642 4950 2908 5006; x_wconf 88' lang='lat' dir='ltr'>libertatis</span> <span class='ocrx_word' id='word_1_738' title='bbox 2935 4958 3235 5022; x_wconf 87' lang='lat' dir='ltr'>aspectum.</span> <span class='ocrx_word' id='word_1_739' title='bbox 3287 4947 3521 5004; x_wconf 88' lang='lat' dir='ltr'>Facilius</span> 
     </span>
    </p>
   </div>
   <div class='ocr_carea' id='block_1_108' title="bbox 1917 5041 3634 5120">
    <p class='ocr_par' dir='ltr' id='par_1_108' title="bbox 1917 5041 3634 5120">
     <span class='ocr_line' id='line_1_108' title="bbox 1917 5041 3634 5120; baseline -0.002 -23"><span class='ocrx_word' id='word_1_740' title='bbox 1917 5050 2002 5098; x_wconf 90' lang='lat' dir='ltr'>est</span> <span class='ocrx_word' id='word_1_741' title='bbox 2029 5044 2250 5114; x_wconf 89' lang='lat' dir='ltr'>quippe,</span> <span class='ocrx_word' id='word_1_742' title='bbox 2282 5042 2329 5097; x_wconf 92' lang='lat' dir='ltr'>si</span> <span class='ocrx_word' id='word_1_743' title='bbox 2347 5041 2537 5098; x_wconf 85' lang='lat' dir='ltr'>dicere</span> <span class='ocrx_word' id='word_1_744' title='bbox 2567 5041 2646 5097; x_wconf 86' lang='lat' dir='ltr'>fas</span> <span class='ocrx_word' id='word_1_745' title='bbox 2675 5049 2788 5109; x_wconf 90' lang='lat' dir='ltr'>est,</span> <span class='ocrx_word' id='word_1_746' title='bbox 2828 5057 3014 5098; x_wconf 90' lang='lat' dir='ltr'>errare</span> <span class='ocrx_word' id='word_1_747' title='bbox 3040 5049 3309 5107; x_wconf 88' lang='lat' dir='ltr'>naturam,</span> <span class='ocrx_word' id='word_1_748' title='bbox 3357 5053 3520 5108; x_wconf 87' lang='lat' dir='ltr'>quam</span> <span class='ocrx_word' id='word_1_749' title='bbox 3621 5099 3634 5120; x_wconf 47' lang='grc'><strong><em>⁸</em></strong></span> 
     </span>
    </p>
   </div>
   <div class='ocr_carea' id='block_1_109' title="bbox 1917 5129 3542 5205">
    <p class='ocr_par' dir='ltr' id='par_1_109' title="bbox 1917 5129 3542 5205">
     <span class='ocr_line' id='line_1_109' title="bbox 1917 5129 3542 5205; baseline -0.002 -16"><span class='ocrx_word' id='word_1_750' title='bbox 1917 5133 2237 5191; x_wconf 90' lang='lat' dir='ltr'>dissimilem</span> <span class='ocrx_word' id='word_1_751' title='bbox 2264 5134 2349 5188; x_wconf 91' lang='lat' dir='ltr'>sui</span> <span class='ocrx_word' id='word_1_752' title='bbox 2372 5133 2624 5204; x_wconf 91' lang='lat' dir='ltr'>princeps</span> <span class='ocrx_word' id='word_1_753' title='bbox 2650 5134 2824 5205; x_wconf 90' lang='lat' dir='ltr'>possit</span> <span class='ocrx_word' id='word_1_754' title='bbox 2854 5132 3088 5189; x_wconf 87' lang='lat' dir='ltr'>formare</span> <span class='ocrx_word' id='word_1_755' title='bbox 3114 5133 3363 5200; x_wconf 91' lang='lat' dir='ltr'>rempub.</span> <span class='ocrx_word' id='word_1_756' title='bbox 3383 5129 3542 5188; x_wconf 80' lang='lat' dir='ltr'>Hinc,</span> 
     </span>
    </p>
   </div>
   <div class='ocr_carea' id='block_1_110' title="bbox 1919 5221 3535 5298">
    <p class='ocr_par' dir='ltr' id='par_1_110' title="bbox 1919 5221 3535 5298">
     <span class='ocr_line' id='line_1_110' title="bbox 1919 5221 3535 5298; baseline -0.002 -18"><span class='ocrx_word' id='word_1_757' title='bbox 1919 5234 2002 5280; x_wconf 88' lang='lat' dir='ltr'>est</span> <span class='ocrx_word' id='word_1_758' title='bbox 2038 5223 2187 5295; x_wconf 88' lang='lat' dir='ltr'>quod</span> <span class='ocrx_word' id='word_1_759' title='bbox 2214 5225 2477 5293; x_wconf 91' lang='lat' dir='ltr'>cupimus,</span> <span class='ocrx_word' id='word_1_760' title='bbox 2509 5231 2568 5279; x_wconf 91' lang='lat' dir='ltr'>ut</span> <span class='ocrx_word' id='word_1_761' title='bbox 2597 5224 2872 5295; x_wconf 90' lang='lat' dir='ltr'>perpetuis</span> <span class='ocrx_word' id='word_1_762' title='bbox 2898 5223 3193 5278; x_wconf 88' lang='lat' dir='ltr'>honoribus</span> <span class='ocrx_word' id='word_1_763' title='bbox 3219 5221 3470 5291; x_wconf 84' lang='lat' dir='ltr'>fulgeatis</span> <span class='ocrx_word' id='word_1_764' title='bbox 3523 5276 3535 5298; x_wconf 38' lang='grc' dir='ltr'><em>θ</em></span> 
     </span>
    </p>
   </div>
   <div class='ocr_carea' id='block_1_111' title="bbox 1919 5306 3528 5391">
    <p class='ocr_par' dir='ltr' id='par_1_111' title="bbox 1919 5306 3528 5391">
     <span class='ocr_line' id='line_1_111' title="bbox 1919 5306 3528 5391; baseline -0.002 -17"><span class='ocrx_word' id='word_1_765' title='bbox 1919 5321 2042 5391; x_wconf 89' lang='lat' dir='ltr'>quia</span> <span class='ocrx_word' id='word_1_766' title='bbox 2078 5319 2338 5390; x_wconf 89' lang='lat' dir='ltr'>quidquid</span> <span class='ocrx_word' id='word_1_767' title='bbox 2365 5319 2432 5374; x_wconf 92' lang='lat' dir='ltr'>de</span> <span class='ocrx_word' id='word_1_768' title='bbox 2461 5319 2616 5374; x_wconf 90' lang='lat' dir='ltr'>vobis</span> <span class='ocrx_word' id='word_1_769' title='bbox 2661 5318 2804 5374; x_wconf 89' lang='lat' dir='ltr'>fama</span> <span class='ocrx_word' id='word_1_770' title='bbox 2833 5317 3093 5388; x_wconf 88' lang='lat' dir='ltr'>loquitur,</span> <span class='ocrx_word' id='word_1_771' title='bbox 3138 5317 3340 5372; x_wconf 88' lang='lat' dir='ltr'>nostris</span> <span class='ocrx_word' id='word_1_772' title='bbox 3367 5306 3528 5372; x_wconf 52' lang='lat' dir='ltr'>iusti?</span> 
     </span>
    </p>
   </div>
   <div class='ocr_carea' id='block_1_112' title="bbox 1922 5409 3522 5484">
    <p class='ocr_par' dir='ltr' id='par_1_112' title="bbox 1922 5409 3522 5484">
     <span class='ocr_line' id='line_1_112' title="bbox 1922 5409 3522 5484; baseline -0.004 -14"><span class='ocrx_word' id='word_1_773' title='bbox 1922 5414 2223 5470; x_wconf 88' lang='lat' dir='ltr'>tutiouibus</span> <span class='ocrx_word' id='word_1_774' title='bbox 2251 5413 2570 5484; x_wconf 87' lang='lat' dir='ltr'>applicatur.</span> <span class='ocrx_word' id='word_1_775' title='bbox 2607 5412 2743 5467; x_wconf 85' lang='lat' dir='ltr'>Nam</span> <span class='ocrx_word' id='word_1_776' title='bbox 2774 5426 2901 5466; x_wconf 91' lang='lat' dir='ltr'>cum</span> <span class='ocrx_word' id='word_1_777' title='bbox 2930 5409 3112 5464; x_wconf 89' lang='lat' dir='ltr'>omnia</span> <span class='ocrx_word' id='word_1_778' title='bbox 3136 5409 3281 5464; x_wconf 90' lang='lat' dir='ltr'>celsa</span> <span class='ocrx_word' id='word_1_779' title='bbox 3307 5424 3522 5463; x_wconf 88' lang='lat' dir='ltr'>merea-</span> 
     </span>
    </p>
   </div>
   <div class='ocr_carea' id='block_1_113' title="bbox 1924 5484 3591 5576">
    <p class='ocr_par' dir='ltr' id='par_1_113' title="bbox 1924 5484 3591 5576">
     <span class='ocr_line' id='line_1_113' title="bbox 1924 5484 3591 5576; baseline -0.003 -13"><span class='ocrx_word' id='word_1_780' title='bbox 1924 5507 2076 5576; x_wconf 89' lang='lat' dir='ltr'>mini,</span> <span class='ocrx_word' id='word_1_781' title='bbox 2107 5512 2346 5562; x_wconf 90' lang='lat' dir='ltr'>nostram</span> <span class='ocrx_word' id='word_1_782' title='bbox 2379 5503 2632 5561; x_wconf 88' lang='lat' dir='ltr'>invidiam</span> <span class='ocrx_word' id='word_1_783' title='bbox 2663 5503 2851 5573; x_wconf 89' lang='lat' dir='ltr'>tangit,</span> <span class='ocrx_word' id='word_1_784' title='bbox 2883 5502 2928 5557; x_wconf 89' lang='lat' dir='ltr'>si</span> <span class='ocrx_word' id='word_1_785' title='bbox 2956 5501 3086 5572; x_wconf 91' lang='lat' dir='ltr'>quid</span> <span class='ocrx_word' id='word_1_786' title='bbox 3106 5501 3260 5558; x_wconf 90' lang='lat' dir='ltr'>vobis</span> <span class='ocrx_word' id='word_1_787' title='bbox 3289 5499 3520 5559; x_wconf 82' lang='lat' dir='ltr'>fortasse</span> <span class='ocrx_word' id='word_1_788' title='bbox 3574 5484 3591 5496; x_wconf 70' lang='grc'><em>’</em></span> 
     </span>
    </p>
   </div>
   <div class='ocr_carea' id='block_1_114' title="bbox 1921 5743 3518 5818">
    <p class='ocr_par' dir='ltr' id='par_1_114' title="bbox 1921 5743 3518 5818">
     <span class='ocr_line' id='line_1_114' title="bbox 1921 5743 3518 5818; baseline -0.003 -13"><span class='ocrx_word' id='word_1_789' title='bbox 1921 5759 1980 5805; x_wconf 92' lang='lat' dir='ltr'>ut</span> <span class='ocrx_word' id='word_1_790' title='bbox 1996 5749 2195 5805; x_wconf 83' lang='lat' dir='ltr'>indicat</span> <span class='ocrx_word' id='word_1_791' title='bbox 2219 5749 2369 5804; x_wconf 87' lang='lat' dir='ltr'>locus</span> <span class='ocrx_word' id='word_1_792' title='bbox 2390 5747 2556 5818; x_wconf 88' lang='lat' dir='ltr'>prisci</span> <span class='ocrx_word' id='word_1_793' title='bbox 2580 5748 2816 5802; x_wconf 86' lang='lat' dir='ltr'>auctoris</span> <span class='ocrx_word' id='word_1_794' title='bbox 2842 5747 2908 5802; x_wconf 89' lang='lat' dir='ltr'>de</span> <span class='ocrx_word' id='word_1_795' title='bbox 2925 5745 3264 5817; x_wconf 82' lang='lat' dir='ltr'>pontiﬁcibus</span> <span class='ocrx_word' id='word_1_796' title='bbox 3280 5743 3518 5818; x_wconf 53' lang='lat' dir='ltr'>Ronan,</span> 
     </span>
    </p>
   </div>
   <div class='ocr_carea' id='block_1_115' title="bbox 1922 5815 3520 5888">
    <p class='ocr_par' dir='ltr' id='par_1_115' title="bbox 1922 5815 3520 5888">
     <span class='ocr_line' id='line_1_115' title="bbox 1922 5815 3520 5888; baseline -0.001 -12"><span class='ocrx_word' id='word_1_797' title='bbox 1922 5824 1974 5876; x_wconf 91' lang='lat' dir='ltr'>in</span> <span class='ocrx_word' id='word_1_798' title='bbox 2025 5823 2134 5876; x_wconf 88' lang='lat' dir='ltr'>vita</span> <span class='ocrx_word' id='word_1_799' title='bbox 2173 5815 2409 5875; x_wconf 85' lang='lat' dir='ltr'>Marcelli</span> <span class='ocrx_word' id='word_1_800' title='bbox 2460 5833 2614 5888; x_wconf 75' lang='lat' dir='ltr'>papa:</span> <span class='ocrx_word' id='word_1_801' title='bbox 2663 5820 2805 5887; x_wconf 84' lang='lat' dir='ltr'>apud</span> <span class='ocrx_word' id='word_1_802' title='bbox 2847 5815 3142 5876; x_wconf 78' lang='lat' dir='ltr'>Baronium</span> <span class='ocrx_word' id='word_1_803' title='bbox 3170 5817 3228 5876; x_wconf 81' lang='lat' dir='ltr'>in</span> <span class='ocrx_word' id='word_1_804' title='bbox 3269 5816 3416 5876; x_wconf 79' lang='lat' dir='ltr'>notis</span> <span class='ocrx_word' id='word_1_805' title='bbox 3445 5815 3520 5874; x_wconf 80' lang='lat' dir='ltr'>ad</span> 
     </span>
    </p>
   </div>
   <div class='ocr_carea' id='block_1_116' title="bbox 1919 5888 3504 5968">
    <p class='ocr_par' dir='ltr' id='par_1_116' title="bbox 1919 5888 3504 5968">
     <span class='ocr_line' id='line_1_116' title="bbox 1919 5888 3504 5968; baseline -0.002 -18"><span class='ocrx_word' id='word_1_806' title='bbox 1919 5891 2203 5968; x_wconf 81' lang='lat' dir='ltr'>Martyrol.</span> <span class='ocrx_word' id='word_1_807' title='bbox 2236 5891 2466 5948; x_wconf 75' lang='lat' dir='ltr'>Roman.</span> <span class='ocrx_word' id='word_1_808' title='bbox 2493 5889 2581 5946; x_wconf 85' lang='lat' dir='ltr'>die</span> <span class='ocrx_word' id='word_1_809' title='bbox 2608 5888 2674 5952; x_wconf 81' lang='grc'>16</span> <span class='ocrx_word' id='word_1_810' title='bbox 2697 5890 2820 5948; x_wconf 84' lang='lat' dir='ltr'>Jan.</span> <span class='ocrx_word' id='word_1_811' title='bbox 2850 5889 3048 5949; x_wconf 70' lang='lat' dir='ltr'>Junsr.</span> <span class='ocrx_word' id='word_1_812' title='bbox 3501 5921 3504 5924; x_wconf 85' lang='lat'><strong><em>~</em></strong></span> 
     </span>
    </p>
   </div>
  </div>
