3992 6456
481 341 593 399 58⁸5
1728 332 1799 388 Μ.
1842 327 2091 389 AUREL]

2207 320 2561 387 ASSIODORI

482 459 732 519 defuerit.
766 456 1018 526 Proinde,
1050 457 1199 529 quod
1226 456 1473 514 felicibus
1502 453 1778 511 sanciatur
1805 450 2077 521 auspiciis,
2109 457 2163 517 Α

482 553 741 608 illustrem
753 550 1064 619 Argolicum
1086 549 1421 620 praefectura:
1441 546 1659 601 urbante
1680 542 1941 612 dignitate
1960 555 2081 609 pro-

481 659 791 709 movemus;
823 650 884 697 ut
910 650 965 698 et
986 642 1079 701 ille
1110 651 1374 714 augeatur
1404 640 1656 703 fascibus,
1690 644 1746 692 et
1766 634 1921 690 vobis
1943 633 2080 687 tanti

476 736 672 809 judicis
688 735 910 791 minime
933 736 1285 791 subtrahatur
1307 741 1550 788 ornatus.
1575 729 1737 785 Scitis
1760 727 1923 791 enim,
1938 738 2082 794 srepe

482 846 549 887 ex
566 829 670 884 hac
690 827 895 883 familia
917 826 1063 882 viros
1084 826 1345 880 enituisse
1363 823 1681 894 praecipuos.
1701 815 2082 874 Recordamini

481 920 727 994 provecti
780 934 938 975 avum
988 917 1217 989 perfecti
1270 916 1538 985 dogmatis
1576 914 1787 969 honore
1829 911 2082 975 ditatum,

484 1015 639 1085 cujus
659 1012 937 1069 innoxiam
949 1010 1050 1084 [ert
1062 1051 1077 1077 ,
1093 1006 1410 1078 maximam]
1428 1004 1735 1062 facundiam
1753 1002 1868 1059 fora
1889 1003 2083 1057 mirata

485 1114 630 1162 sunt.
664 1104 880 1160 Studuit
919 1118 1071 1169 vero,
1114 1116 1239 1155 cum
1280 1099 1579 1154 abundaret
1613 1096 1855 1165 eloquio,
1880 1094 2078 1159 sciens,

3723 326 3860 385 634

2732 446 3061 504 EPISTOLA
3090 447 3228 503 XIV.

2185 560 2431 601 AURIGENI
2457 558 2580 600 V180
2606 559 2940 608 \‘ENEBABILI,
2960 557 3230 607 EPISCOPO,
3256 553 3662 596 THEODONCUS
3697 553 3847 594 REI.

2188 635 2383 691 Scribit
2412 636 2679 689 Juliamtm
2710 634 2951 705 conqueri
2982 650 3199 689 uxorem
3218 650 3389 696 suam,
3411 633 3492 685 vel
3514 648 3619 685 res
3647 648 3687 705 et
3717 632 3849 684 sub-

2257 708 2381 761 ditis
2401 706 2627 777 episcopi
2659 703 3164 776 fuisse’subtractas;
3186 712 3236 757 et
3256 706 3426 777 jubet,
3452 703 3716 756 simodo
3753 720 3847 756 re:

2257 781 2334 834 ita
2363 776 2700 841 sc'ltabuerit,
2732 785 2788 829 ut
2820 792 2936 831 reus
2958 778 3339 848 quamprimum
3361 776 3680 845 plectatur.

2264 892 2523 961 Quamvis
2559 892 2765 963 judicio
2790 900 2971 949 vestro
3010 891 3297 947 credamus
3330 890 3517 945 omnia
3550 889 3838 945 facinora

2191 986 2496 1056 displicere,
2530 985 2766 1042 maxime
2788 1000 2817 1039 a
2847 984 2999 1040 vobis
3040 982 3365 1039 confidimus
3393 981 3835 1037 exsecrandum

2195 1081 2315 1153 fuas.
2348 1082 2511 1147 Aud.,
2544 1079 2971 1150 obsecrandumj
3017 1079 3163 1151 quod
3203 1078 3536 1135 matrimonii
3570 1078 3831 1159 genialis

485 1197 699 1253 dicendi
728 1197 961 1267 peritum
1005 1193 1205 1249 debere
1231 1207 1351 1248 esse
1381 1191 1617 1262 puritate
1646 1189 2000 1259 conspicuum
2031 1195 2081 1241 ι.

485 1290 581 1346 His
610 1289 818 1345 meritis
848 1288 916 1343 ad
945 1287 1212 1344 honorum
1240 1286 1386 1341 celsa
1418 1284 1709 1355 perductus
1727 1324 1742 1349 ,
1775 1282 2091 1352 largitiones

485 1396 667 1438 sacras
688 1381 793 1435 fida
812 1379 1053 1451 protexit
1081 1377 1352 1445 custodia,
1371 1376 1602 1446 implens
1623 1375 1792 1431 etiam
1820 1372 2089 1441 doctrina,

487 1490 650 1544 quam
674 1481 992 1545 susceperat
1013 1472 1312 1542 magisterii
1342 1470 1663 1540 dignitatem
1683 1468 1712 1507 ι)
1736 1488 1748 1522 :
1768 1469 1841 1523 ita
1865 1468 1919 1523 in
1941 1476 2094 1523 utro-

488 1581 595 1635 que
623 1564 899 1631 laudatus,
952 1574 1011 1619 ut
1055 1564 1112 1619 in
1156 1563 1380 1633 singulis
1407 1561 1723 1617 crederetur
1752 1575 1872 1617 esse
1898 1560 2091 1632 praeci-

488 1673 644 1729 puus.
678 1656 898 1713 Accedit
926 1658 1093 1713 etiam
1122 1655 1365 1729 provecti
1394 1653 1762 1709 nobilissimus
1790 1661 1965 1723 pater,
1998 1652 2091 1721 qui

485 1749 755 1805 comitivze
783 1750 1114 1820 privatarum
1155 1747 1350 1803 infulas
1391 1746 1590 1802 nullius
1639 1746 1950 1802 acerbitate
2001 1760 2094 1800 ca-

2191 1176 2472 1246 impugnat
2496 1174 2768 1231 affectum.
2804 1176 3012 1242 Quibus
3040 1175 3185 1230 enim
3215 1176 3411 1233 animis
3438 1192 3473 1230 a
3502 1176 3827 1231 contineri-

2194 1270 2337 1324 tibus
2380 1269 2660 1339 accipitur,
2712 1267 2857 1339 quod
2904 1268 3070 1323 etiam
3116 1267 3379 1322 laicorum
3424 1268 3825 1323 detestatione

2194 1362 2515 1418 damnatur?
2536 1360 2781 1417 Julianus
2802 1361 2986 1431 itaque
3014 1360 3171 1417 nobis
3194 1361 3530 1433 lacrymabili
3551 1362 3823 1417 aditione

2195 1462 2526 1524 conquestus
2569 1462 2671 1520 est,
2701 1468 2927 1509 uxorem
2955 1468 3131 1519 suam,
3171 1453 3257 1508 vel
3285 1468 3374 1509 res
3408 1469 3439 1508 a
3469 1455 3688 1510 vestris
3718 1455 3823 1509 bo-

2192 1546 2427 1601 minibus
2448 1545 2645 1614 injusta
2672 1544 3019 1616 usurpatione
3048 1560 3320 1616 pervasas.
3357 1544 3509 1602 Unde
3540 1548 3589 1602 si
3618 1562 3820 1601 veram

2194 1640 2513 1713 petitionem
2537 1639 2892 1711 supplicantis
2920 1638 3231 1707 agnoscitis,
3276 1653 3378 1695 nec
3405 1655 3465 1695 se
3493 1640 3818 1695 rationabi~

2194 1735 2320 1790 liter
2334 1734 2576 1805 pulsatus
2600 1732 2851 1798 absolvit,
2874 1732 2931 1787 in
2942 1740 3221 1787 auctorem
3242 1729 3370 1787 facti
3391 1731 3509 1788 sine
3538 1734 3816 1789 tarditate

487 1841 705 1897 lumnia:
744 1841 1085 1913 profanavit,
1152 1840 1247 1911 qui
1285 1836 1546 1895 affectans
1586 1837 1742 1893 fama:
1778 1836 2086 1903 commoda,
2118 1834 2166 1897 Β
2195 1828 2374 1898 aliqua
2402 1835 2663 1882 resecato.
2696 1824 2896 1879 Malum
2924 1823 3069 1878 enim
3098 1839 3222 1879 cum
3247 1835 3599 1894 perseverat,
3640 1840 3812 1895 auge-

486 1933 730 2004 pecuniae
758 1931 998 2002 neglexit
1023 1937 1346 2003 augmenta;
1374 1937 1449 1995 et,
1481 1928 1629 1998 quod
1658 1942 1842 1983 rarum
1871 1925 2087 1981 virtutis

486 2023 796 2093 exemplum
826 2031 944 2091 est,
988 2023 1074 2079 his
1103 2022 1216 2091 egit
1243 2037 1302 2078 se
1331 2021 1669 2091 temporibus
1689 2020 2085 2088 continentem,

486 2115 683 2184 quibus
712 2115 917 2170 crimen
960 2115 1190 2169 avaritia
1216 2130 1327 2169 non
1356 2113 1610 2169 habebat.
1647 2110 1913 2182 Principis
1942 2110 2087 2165 enim

487 2210 829 2280 propositum
860 2208 1010 2276 facit,
1061 2217 1155 2265 aut
1212 2208 1491 2278 negligere
1510 2206 1738 2277 judices,
1773 2213 1864 2259 aut
1904 2220 2089 2261 amare

487 2302 736 2357 virtutes.
786 2300 889 2357 Tot
931 2303 1096 2371 igitur
1124 2301 1349 2370 originis
1386 2300 1713 2354 documenta
1756 2298 2093 2369 praemittens

489 2390 617 2465 [ed.,
638 2392 1001 2463 promittens],
1029 2391 1311 2448 credamus
1334 2392 1476 2445 bona
1500 2389 1567 2444 de
1596 2389 1761 2444 nobili
1788 2406 1800 2442 :
1829 2389 1954 2461 quia
1975 2388 2091 2441 lau-

488 2485 683 2541 dabilis
702 2501 842 2541 vena
871 2493 1053 2542 servat
1081 2485 1365 2553 originem,
1390 2492 1443 2538 et
1466 2481 1695 2537 fideliter
1713 2481 1946 2552 posteris
1976 2490 2088 2536 tra-

489 2575 606 2641 dit,
656 2590 776 2644 quae
826 2575 883 2629 in
929 2590 988 2630 se
1034 2574 1270 2644 gloriosa
1310 2574 1719 2629 transmissione
1766 2572 2085 2643 promeruit.

490 2665 693 2722 Favete
720 2680 881 2737 ergo,
915 2666 977 2721 P.
1008 2665 1071 2722 Ο.
1090 2705 1105 2732 ,
1137 2667 1334 2724 vestris
1364 2666 1716 2735 dignitatibus
1744 2674 2088 2734 consecrato,

491 2768 552 2814 ut
577 2760 645 2814 ad
673 2761 883 2830 majora
910 2762 1169 2818 virtutum
1200 2762 1469 2818 desideria
1510 2762 1799 2818 concitetis
1825 2776 1962 2832 quos
1990 2773 2094 2817 nos

493 2865 777 2909 munerum
807 2852 980 2927 [mss.,
1016 2854 1290 2927 nimirum]
1326 2870 1688 2927 provocamus
1716 2853 2002 2925 exemplis.

1034 2988 1373 3046 EPISTOLA
1403 2988 1536 3044 Xlll.

642 3098 935 3141 SUNHIVADO
965 3101 1091 3141 VlBO
1116 3100 1377 3140 SENATORI
1409 3098 1776 3139 THEODORICUS
1805 3098 1929 3137 REX.

490 3176 649 3236 Illum
670 3180 873 3246 laudat,
902 3190 951 3233 et
970 3180 1116 3250 jubet
1140 3188 1194 3233 ut
1216 3188 1355 3250 petat
1380 3178 1674 3244 Samnium,
1694 3178 1876 3249 jurgia
1894 3175 2089 3231 Roma-

815 3268 998 3306 norum
1019 3267 1134 3305 cum
1163 3250 1345 3304 Gothis
1368 3252 1767 3321 compositurus.

567 3363 837 3418 Laborum
868 3373 1082 3420 tuorum
1106 3365 1267 3433 longa
1295 3364 1537 3430 servitia,
1570 3373 1626 3420 et
1655 3363 1949 3433 exploratae
1971 3361 2092 3417 fidei

496 3456 664 3512 multa
690 3456 1014 3512 documenta
1031 3457 1139 3512 hoc
1167 3457 1323 3512 nobis
1348 3456 1610 3526 judicium
1641 3454 1884 3521 tradunt,
1916 3464 1976 3509 ut
2003 3454 2096 3525 qui

495 3555 619 3603 tuos
645 3547 857 3602 animos
886 3547 1197 3603 moderatus
1226 3562 1305 3613 es,
1334 3563 1475 3601 nunc
1505 3546 1613 3619 45
1639 3546 1827 3601 alienis
1856 3546 2097 3601 moribus

496 3639 841 3709 pneferaris;
883 3648 937 3694 et
966 3647 1192 3709 przestes
1222 3638 1366 3709 lina,
1398 3638 1561 3707 Aud.,
1594 3636 1775 3709 pares]
1806 3638 2098 3708 prov'mciae

497 3728 858 3800 disciplinam,
909 3733 1003 3800 qui
1044 3731 1287 3803 privatus
1336 3732 1529 3787 amasti
1584 3732 1995 3788 continentiam.
2048 3733 2098 3787 ls

499 3822 643 3877 enim
674 3831 857 3893 potest
898 3824 1034 3881 alios
1082 3825 1224 3881 bene
1252 3840 1470 3895 regere,
1522 3826 1614 3895 qui
1658 3840 1718 3881 se
1765 3824 1969 3879 studuit
1998 3826 2098 3883 sub

499 3913 698 3970 decore
744 3922 996 3971 tractare.
1056 3915 1423 3971 Samnitarum
1473 3917 1656 3985 itaque
1706 3915 2100 3985 supplicatione

499 4005 756 4073 permoti,
790 4005 895 4060 hoc
921 4005 1164 4061 remedio
1193 4007 1466 4061 credimus
1496 4006 1870 4061 laborantibus
1902 4007 2102 4063 subve-

500 4094 631 4162 niri,
674 4096 720 4151 si
769 4096 1225 4166 spectabilitatem
1258 4106 1406 4152 tuam
1430 4097 1746 4167 juberemus
1777 4098 1845 4154 ad
1872 4099 2103 4155 finienda

495 4186 671 4259 jurgia
698 4189 837 4263 [alii,
871 4190 1134 4246 sumenda
1167 4189 1412 4263 negotia]
1445 4191 1738 4263 proficisci.
1774 4189 1931 4247 Unde
1963 4208 2105 4247 nunc

501 4282 727 4349 enitere,
756 4289 814 4335 ut
843 4292 953 4337 tam
980 4282 1124 4339 bono
1144 4282 1350 4352 judicio
1375 4282 1631 4338 laudabili
1659 4284 1992 4354 respondeas
2021 4286 2103 4339 in-

502 4372 691 4429 stituto
728 4392 741 4426 :
772 4383 1066 4445 aptumque
1094 4376 1294 4431 nostris
1318 4377 1499 4446 praebe
1522 4374 1817 4441 mandatis,
1853 4377 1945 4446 qui
1972 4377 2102 4432 hac-

504 4469 662 4518 tenus
708 4466 925 4535 propria
968 4478 1164 4537 sponte
1193 4468 1463 4537 placuisti.
1500 4467 1644 4523 Intra
1674 4469 1854 4538 itaque
1880 4470 2102 4539 provin-

504 4555 643 4611 ciam
670 4557 891 4611 Samnii.
926 4558 983 4613 Si
1011 4559 1154 4629 quod
1184 4561 1460 4630 negotium
1485 4559 1732 4616 Romano
1760 4578 1883 4616 cum
1912 4560 2105 4617 Gothis

506 4656 611 4715 est,
629 4656 721 4703 aut
741 4647 920 4705 Gotho
944 4652 1228 4707 emerserit
1251 4652 1472 4721 aliquod
1495 4670 1615 4707 cum
1630 4654 1907 4721 Romanis,
1925 4655 2103 4725 legum

506 4738 943 4797 consideratione
973 4742 1197 4798 definies
1222 4760 1237 4809 ;
1285 4759 1387 4798 nec
1415 4743 1780 4813 permittimus
1810 4746 2103 4801 indiscrete

501 4827 624 4899 jure
653 4830 837 4887 vivere
864 4848 1003 4903 quos
1031 4849 1141 4889 uno
1170 4841 1299 4890 voto
1326 4834 1578 4890 volumus
1614 4836 1909 4891 vindicare.
1955 4836 2101 4893 Cen-

505 4922 649 4980 scbis
676 4938 805 4993 ergo
856 4926 910 4981 in
953 4943 1261 4997 commune,
1310 4944 1432 4999 quae
1477 4938 1603 4985 sunt
1631 4929 1805 4984 amica
1828 4929 2097 4999 justitim:

506 5015 631 5085 quia
662 5018 835 5073 nescit
880 5032 1141 5090 personas
1188 5020 1491 5090 respicere,
1522 5023 1615 5092 qui
1656 5036 1866 5079 meram
1896 5024 2100 5094 cogitat

504 5108 835 5177 :equitatem.
1081 5119 1084 5123 '

581 5280 605 5305 η
638 5268 959 5347 Eloquentia
990 5272 1299 5347 innocentia
1327 5282 1430 5329 est.
1462 5273 1722 5345 Apuleius
1749 5274 1907 5347 Apol.
1941 5275 2003 5344 l;
2045 5283 2101 5333 et

505 5341 599 5397 lib.
632 5357 743 5413 vin,
775 5356 861 5413 ep.
900 5342 984 5397 12.
1017 5341 1210 5397 Juner.

577 5413 604 5451 δ
631 5412 941 5486 Magisteria
966 5413 1215 5483 dignitas.
1244 5414 1322 5468 De
1344 5417 1442 5470 hac
1466 5425 1588 5486 post
1617 5417 1710 5471 lib.
1736 5433 1790 5483 χ,
1821 5418 1980 5485 epist.
2005 5417 2095 5473 55.

505 5483 758 5557 Magister
786 5482 1086 5557 officiorum
1105 5526 1119 5549 ,
1152 5486 1244 5557 qui
1270 5482 1526 5542 militibus
1550 5482 1887 5556 prmtorianis
1918 5489 2094 5557 praefi-

506 5554 767 5619 ciehatur,
788 5554 1032 5610 Zosimus
1058 5556 1367 5613 lib.llistor.
1394 5554 1640 5627 Cujacius
1663 5560 1716 5612 in
1749 5568 1857 5613 tres
1882 5554 2094 5628 postre-

508 5640 624 5679 mos
653 5626 867 5681 Codicis
892 5626 1077 5683 libros.
1111 5627 1279 5683 Fons.

508 5640 624 5679 mos
653 5640 867 5681 LOGICIS
892 5640 1077 5683 nbros.
1111 5640 1279 5683 r'omv.

586 5706 606 5732 ε
643 5694 739 5749 llic
772 5708 957 5781 postcma
999 5713 1221 5781 regnum
1266 5699 1924 5781 Gothorpmpdeptus'est
1968 5719 1979 5753 :
2026 5702 2091 5758 ad

507 5780 668 5838 quem
700 5777 874 5821 exsuat
896 5768 1217 5825 Theoderici
1248 5770 1405 5838 epist.
1435 5768 1523 5835 59,
1549 5769 1643 5824 lib.
1677 5768 1793 5839 seq.
1822 5770 1987 5827 Fons.

583 5834 625 5911 d_
641 5833 1009 5911 Theodericus
1023 5839 1224 5911 Gallias
1243 5840 1569 5893 Francorum
1592 5842 1941 5911 oppressione
1966 5845 2091 5900 libe-

513 5906 672 5975 ravit,
708 5905 969 5967 Vcaantio
998 5920 1052 5967 et
1078 5909 1388 5983 importuno
1417 5925 1580 5983 coss,
1613 5905 1839 5971 ut'idcm
1880 5914 2093 5977 Cassio-

2130 4620 2185 4680 Β

2196 1928 2305 1985 tur,
2335 1928 2390 1973 et
2419 1915 2767 1972 remediabile
2795 1915 2997 1973 bonum
3024 1923 3108 1972 est
3152 1914 3207 1971 in
3234 1925 3553 1987 peccatum,
3583 1918 3811 1975 accele-

2195 2017 2316 2066 rata
2336 2009 2625 2067 correctio.

2753 2152 3091 2211 EPlSTOLA
3114 2156 3231 2213 XV.

2287 2262 2645 2303 THEODABLDO
2678 2256 2702 2285 c
2734 2262 2857 2303 VIRO
2883 2262 3144 2304 SENATOIU
3175 2262 3550 2306 τηεουοιιιεῦε
3577 2267 3713 2306 κεί.

2198 2341 2546 2398 Committitur
2575 2340 2686 2411 ejus
2704 2340 3329 2465 judiciodexleminundua,
3352 2344 3441 2413 qui
3467 2343 3631 2399 Some
3649 2346 3799 2415 judi-

2728 2428 2865 2465 caum
2932 2428 2986 2465 ec
3009 2422 3261 2465 tnaverat.

2728 2428 2865 2465 etum
2894 2422 3261 2467 decttnaverat.

2264 2506 2465 2577 lnjuria
2490 2504 2707 2575 quidem
2736 2512 2923 2561 nostra
2949 2516 3032 2562 est
3059 2506 3184 2562 lzesa
3209 2507 3444 2577 justitia,
3474 2510 3606 2579 quia
3628 2510 3799 2566 viola-

2195 2602 2372 2657 tiones
2415 2614 2600 2655 carum
2650 2614 2830 2655 rerum
2876 2600 3069 2655 merito
3100 2600 3167 2656 ad
3208 2616 3307 2657 nos
3354 2602 3622 2659 trahimus
3667 2620 3799 2673 quas

2195 2706 2460 2747 amamus.
2494 2689 2647 2745 Unde
2688 2690 2819 2744 illud
2846 2690 3082 2745 maxime
3110 2690 3338 2745 inultum
3368 2707 3490 2747 esse
3519 2708 3632 2747 non
3663 2694 3800 2763 patio

2194 2800 2349 2849 mur,
2396 2782 2541 2853 quod
2587 2782 2644 2838 in
2670 2791 3043 2852 contemptum
3073 2791 3272 2838 nostra:
3293 2782 3559 2853 jussionis
3586 2794 3798 2840 constat

2198 2880 2514 2937 admissum.
2544 2878 2674 2945 Quae
2704 2878 2850 2933 enim
2872 2878 3220 2949 prtesumptio
3249 2877 3534 2947 plectenda
3565 2895 3675 2933 non
3702 2895 3796 2933 au-

2197 2976 2342 3042 deat,
2374 2974 2420 3028 si
2449 2988 2617 3029 sacra:
2640 2972 2898 3041 jussionis
2925 2971 3222 3027 reverenda
3250 2973 3617 3027 contemnat?
3644 2971 3793 3027 Ideo-

2197 3083 2306 3138 que
2350 3066 2539 3134 illum,
2571 3080 2732 3135 quem
2762 3065 2963 3121 dudum
2993 3065 3063 3120 ad
3087 3065 3189 3119 viri
3220 3065 3446 3120 illustris
3477 3064 3641 3121 Some
3662 3068 3795 3136 judi-

2198 3159 2343 3215 cium
2375 3158 2713 3214 decrevimus
2739 3157 3060 3222 convenire,
3113 3158 3205 3228 qui
3235 3172 3294 3213 se
3336 3158 3641 3213 inveterata
3688 3158 3791 3231 [ed.

2122 3220 2170 3286 θ
2201 3253 2321 3320 Ac.,
2353 3248 2603 3320 inventa]
2654 3249 2952 3305 calliditate
2994 3220 3281 3314 subtraxit,
3334 3250 3576 3305 examini
3624 3220 3794 3304 vestro

2202 3342 2588 3400 committimus
2618 3339 2946 3395 audiendum
2971 3358 2985 3405 ;
3019 3347 3077 3395 ut
3108 3338 3270 3396 finem
3301 3341 3441 3396 detis
3477 3340 3655 3409 iurgio
3684 3340 3793 3410 ple-

2203 3436 2371 3492 ctibili
2400 3434 2802 3489 machinatione
2823 3433 3010 3488 dilato.
3031 3432 3288 3489 Prtestate
3310 3435 3493 3504 itaque
3518 3435 3793 3489 audientie

2204 3546 2413 3599 curam,
2448 3538 2505 3584 ut
2527 3528 2752 3599 justitia:
2790 3527 2945 3583 vobis
2975 3536 3186 3583 crescat
3216 3528 3422 3598 opinio,
3453 3528 3671 3599 quando
3702 3544 3791 3597 pro

2205 3622 2451 3677 remedio
2499 3620 2840 3678 causantium
2889 3620 3301 3676 committuntur
3346 3619 3499 3677 vobis
3554 3621 3791 3689 ambigua

2202 3714 2523 3787 jurgiorum.
2551 3719 2559 3785 ί

2752 3849 3088 3906 EPISTOLA
3120 3849 3257 3905 XVI.

2378 3961 2628 4001 ϐεκειιο
2658 3961 2780 4001 γικο
2809 3960 3069 4003 SENATOBI
3101 3958 3465 4000 THEODORICUS
3494 3960 3624 3999 REX.

2208 4040 2440 4098 Mittitur
2480 4042 2536 4094 in
2566 4038 2768 4093 Gallias
2798 4040 2962 4109 oﬁicio
2991 4038 3171 4091 vicarii
3198 4039 3563 4108 praefectorum
3597 4039 3792 4107 [uitetu-

2393 4128 2500 4175 rus,
2525 4120 2575 4165 et
2600 4113 2645 4164 ei
2677 4110 2869 4163 dantur
2887 4110 3115 4179 plurima
3141 4118 3188 4162 et
3218 4110 3370 4163 utilia
3400 4110 3624 4163 monita.

2281 4204 2520 4259 Firmum
2549 4213 2633 4257 est
2658 4200 2917 4271 judicium
2941 4200 3094 4269 cujus
3117 4206 3330 4256 tenetur
3355 4201 3685 4271 exemplum,
3706 4216 3791 4255 nec

2209 4300 2363 4355 locus
2392 4296 2729 4365 ambiguitati
2755 4295 3109 4364 relinquitur,
3156 4296 3247 4350 ubi
3277 4296 3652 4365 experimenta
3681 4312 3793 4366 pro-

2207 4393 2407 4449 babilia
2455 4390 2835 4459 suﬂ'ragantur.
2885 4390 3301 4462 Exploravimus
3328 4392 3628 4449 efficaciam
3658 4403 3793 4448 tuam

2209 4502 2306 4557 per
2327 4486 2569 4541 diversos
2592 4483 2865 4538 industriae
2885 4482 3109 4553 gradus;
3137 4484 3234 4538 sed
3262 4498 3368 4538 non
3393 4483 3656 4553 imparem
3688 4499 3793 4540 me-

2209 4579 2361 4634 ruisti
2391 4578 2618 4647 gratiam
2636 4618 2652 4645 ,
2704 4575 2868 4630 variis
2897 4575 3201 4631 actionibus
3228 4576 3509 4645 aequaliter
3538 4577 3791 4646 approba

2210 4680 2316 4726 tus.
2352 4670 2489 4725 llinc
2520 4677 2603 4724 est
2632 4667 2777 4738 quod
2808 4668 3061 4737 praesenti
3092 4676 3337 4738 tempore
3359 4668 3412 4723 in
3441 4666 3646 4723 Gallias
3666 4667 3692 4707 ἀ
3714 4686 3794 4725 ne

2207 4761 2308 4826 bis,
2333 4759 2446 4815 Deo
2475 4758 2799 4825 auxiliante,
2850 4757 3164 4826 subjugatas
3193 4757 3325 4830 [ed.,
3358 4756 3651 4827 subiectas.
3692 4757 3793 4814 Ηε.

2208 4852 2302 4921 IL,
2331 4847 2682 4920 substitutas]
2702 4890 2717 4916 ,
2767 4848 3026 4905 vicarium
3058 4857 3111 4903 te
3149 4849 3530 4919 praefectorum
3562 4860 3585 4888 ο
3616 4862 3793 4906 nostra

2204 4945 2367 5001 mittit
2397 4945 2709 4999 auctoritas.
2746 4941 2898 4998 Unde
2921 4943 3197 5013 perpende
3225 4944 3404 5013 qualia
3433 4944 3499 5000 de
3529 4952 3587 5001 te
3613 4945 3793 5001 videa-

2202 5053 2326 5093 mur
2353 5037 2554 5092 habcre
2577 5035 2799 5106 judicia,
2831 5035 3047 5105 quando
3071 5036 3141 5093 ad
3169 5036 3291 5093 illos
3313 5037 3545 5108 populos
3573 5039 3794 5095 mitteris

2206 5128 2578 5199 corrigendos,
2610 5143 2749 5199 quos
2778 5128 2981 5185 nostris
3004 5128 3253 5186 laudibus
3282 5130 3597 5201 specialiter
3625 5132 3791 5188 credi-

2204 5282 2368 5337 dorus
2394 5288 2577 5335 noster
2602 5278 2657 5333 in
2682 5276 2856 5334 Fastis
2883 5278 3255 5335 consularibus
3283 5279 3491 5335 scribit.
3520 5279 3757 5337 Foussn.

2278 5363 2301 5390 θ
2333 5351 2578 5422 Vicarins
2608 5358 2690 5404 est
2717 5350 2804 5418 qui
2852 5358 2905 5403 et
2947 5350 2999 5403 in
3031 5350 3252 5405 historia
3285 5350 3431 5405 beati
3472 5350 3792 5422 Apollinaris

2202 5423 2454 5493 martyris
2472 5420 3085 5493 judexatqueivicarius
3109 5422 3447 5490 prtefecturte
3469 5420 3787 5487 nominatur.

2203 5491 2492 5564 propterea
2519 5491 2682 5561 quod,
2720 5500 2778 5546 ut
2805 5492 2955 5564 aiunt
2980 5492 3015 5564 l.
3042 5492 3062 5543 l
3088 5531 3101 5557 ,
3131 5509 3180 5547 c.
3216 5494 3278 5547 de
3307 5494 3400 5563 o/I‘.
3429 5496 3563 5558 vic.;
3598 5495 3633 5548 l.
3668 5495 3717 5559 1,
3742 5512 3787 5551 c.

2204 5565 2269 5617 de
2311 5563 2546 5635 proxim.
2604 5578 2741 5615 διιεῖ.
2786 5563 2944 5635 scrin.
2998 5563 3087 5635 lib.
3136 5580 3229 5628 xu,
3284 5566 3643 5635 imperatores
3697 5582 3789 5635 pro

2201 5635 2454 5705 praefecto
2485 5633 2745 5705 dimceses
2775 5632 3149 5705 sibicrcditns
3195 5632 3521 5703 temperant,
3569 5647 3623 5689 et
3672 5632 3789 5693 ideo

2202 5704 2455 5760 vicariam
2482 5704 2858 5774 praefecturam
2883 5704 2933 5757 in
2963 5704 3335 5774 inscriptione,
3360 5707 3396 5760 l.
3431 5707 3466 5759 5
3494 5706 3556 5761 C.
3585 5706 3782 5764 Theod.

2200 5776 2266 5831 de
2295 5772 2533 5844 sponsal.
2555 5818 2569 5841 ,
2602 5784 2658 5829 et
2687 5775 2721 5828 l.
2752 5774 2787 5828 ὖ
2809 5772 2870 5827 C.
2917 5772 3224 5830 Theodfde
3268 5777 3396 5831 lam.
3425 5777 3518 5832 lib.
3562 5787 3619 5833 et
3645 5778 3786 5835 vices

2237 5846 2433 5902 nefecti
2472 5846 2725 5916 prtulOI‘iO
2774 5860 2934 5912 agerc
2978 5844 3028 5899 in
3083 5846 3465 5921 inscriptione,
3506 5848 3544 5907 l.
3591 5848 3619 5905 1
3650 5847 3777 5907 Cod.

2196 5862 2401 5979 g'heod.
2436 5916 2502 5976 de
2530 5916 2728 5979 usuris.
2760 5915 2974 5974 dicitur.
3005 5916 3193 5976 Baoss.

2246 5917 2401 5979 heod.
2436 5915 2502 5976 de
2530 5916 2728 5983 usuris,
2760 5915 2974 5974 dicitur.
3005 5916 3193 5976 Baoss.
