3958 6452
157 329 292 394 889
548 329 566 339 ’⁷
1483 331 1845 393 VARIARUM

1879 330 2083 389 LIBER
2109 329 2197 391 III.
3368 334 3476 394 δυο

154 451 649 511 consuetudinem
678 467 1003 525 perversam,
1034 452 1331 510 Gothorum
1360 448 1533 522 possis
1556 449 1783 505 demon-
1811 451 1867 512 Α
1888 445 2070 502 vivere
2091 486 2108 514 ,
2149 446 2605 517 quemadmodum
2656 460 2910 522 parentes
2955 460 3194 523 nostros,
3246 452 3473 515 Domino

156 552 376 603 strare
418 545 682 616 justitiam
708 556 734 585 η
761 564 774 602 :
798 548 890 616 qui
929 548 1009 603 sic
1031 559 1247 617 semper
1274 544 1489 600 fuerunt
1517 542 1583 597 in
1611 540 1788 599 laudis

156 637 386 693 medio
424 638 722 706 constituti,
754 646 815 693 ut
842 646 898 694 et
923 637 1285 694 Romanorum
1330 639 1671 709 prudentiam
1696 652 1791 693 ca-

158 734 425 797 perent,
467 735 524 783 et
566 728 819 785 virtutem
857 729 1097 797 gentium
1143 729 1499 800 possiderent.
1549 728 1789 785 Remove

158 819 622 881 mammas
660 820 1038 885 abeminanter
1081 822 1297 885 inclitas
1339 823 1475 897 lolii,
1513 822 1785 885 inoblitas.

160 908 313 975 Alii,
350 910 578 984 inditas]
607 910 637 952 δ
669 913 890 969 :verbis
920 914 995 970 ibi
1042 915 1240 985 potius,
1292 930 1403 971 non
1440 915 1604 971 armis
1629 930 1791 973 causa

163 1004 501 1056 tractetur:
532 1016 641 1058 non
666 1002 740 1059 sit
765 1004 1072 1059 convicium
1099 1004 1369 1075 negotium
1395 1004 1641 1075 perdere,
1665 1022 1792 1069 cum

162 1106 285 1161 pro
318 1107 393 1149 re
419 1091 698 1165 abjurator
718 1095 894 1152 aliena
922 1096 1056 1169 [αιεῆ
1078 1098 1296 1169 proprie
1317 1097 1591 1167 abjurator
1606 1100 1790 1172 alieni]

164 1185 423 1256 furtum,
453 1204 563 1251 non
584 1190 819 1245 animam
846 1190 1036 1246 reddat
1061 1208 1075 1245 :
1098 1206 1167 1246 ne
1193 1192 1313 1263 plus
1358 1192 1586 1248 intentio
1620 1192 1793 1251 civilis

165 1274 375 1351 rapiat
401 1292 565 1350 quam
610 1279 753 1336 bella
797 1289 1137 1338 consumant.
1178 1280 1341 1338 Scuta
1380 1283 1435 1337 in
1476 1283 1662 1339 hostes
1686 1284 1793 1339 eri-

166 1354 353 1447 gant,
384 1384 497 1431 non
517 1370 573 1431 in
604 1379 875 1445 parentes.
906 1370 972 1427 Et
998 1388 1068 1429 ne
1108 1388 1269 1446 quem
1297 1372 1437 1431 forte
1468 1375 1536 1431 ad
1562 1384 1794 1433 mortem

171 1459 456 1527 videatur
501 1462 839 1537 praecipitare
880 1474 1198 1543 paupertas,
1245 1466 1411 1525 redde
1455 1484 1554 1539 pro
1600 1469 1795 1526 talibus

168 1550 503 1631 gloriosum
550 1554 710 1633 plane
756 1554 1029 1613 damnum.
1073 1554 1335 1613 Lecturus
1359 1573 1391 1613 a
1419 1559 1573 1614 nobis
1612 1560 1796 1629 gratiae

171 1643 540 1700 uberrimum
564 1644 817 1713 fructum,
868 1648 912 1703 si
952 1648 1109 1704 civile
1153 1648 1229 1705 ibi
1267 1651 1505 1721 potueris
1550 1650 1797 1721 plantare

170 1736 577 1807 propositum;
620 1744 676 1792 et
702 1739 900 1797 nostris
926 1753 1055 1795 vere
1089 1739 1303 1813 judiciis
1329 1740 1567 1810 dignum,
1603 1741 1650 1795 si
1689 1740 1797 1796 dis-

1890 547 2200 612 praestante,
2230 542 2452 599 cernitis
2480 540 2746 601 floruisse.

2422 658 2756 716 EPISTOLA
2788 661 2952 719 XXV.
3318 720 3320 723 ,

1973 765 2183 808 δῐὶίΕΟΝῐ
2209 767 2331 808 γιιιο
2359 767 2623 819 ILLUSTBI,
2649 769 2852 822 COMITI,
2885 772 3248 816 TIIBODOBICUS
3274 776 3402 819 REX.

1893 840 1987 925 Illi
2014 846 2284 925 committit
2325 863 2417 925 per
2455 845 2780 925 Dalmatiam
2812 849 3108 925 siliquutici
3157 854 3378 925 titulum,
3428 866 3481 919 et

1957 914 2461 1040 abeunt/errario:
2488 932 2643 971 venas
2678 914 2937 990 inquirat,‘
2972 919 3198 993 [en-ique
3233 914 3478 982 utitiiates

2029 1000 2128 1039 seri
2209 1025 2224 1040 .

2029 1000 2224 1040 867w“.

1967 1077 2223 1132 Amamus
2247 1078 2478 1148 publicis
2497 1079 2801 1137 actionibus
2820 1095 3083 1152 personas
3107 1083 3348 1142 inserere
3365 1101 3482 1143 mo-

1896 1183 2016 1224 rum
2041 1169 2314 1238 probitate
2338 1170 2677 1240 conspicuas,
2727 1179 2786 1226 ut
2832 1188 2931 1243 per
2958 1174 3216 1245 obsequia
3245 1174 3482 1234 fidelium

1898 1261 2053 1317 nobis
2080 1268 2289 1317 crescat
2315 1261 2557 1319 utilitatis
2584 1271 2951 1334 augmentum.
2999 1265 3233 1323 Proinde
3258 1267 3485 1325 sinceri-

1899 1356 2065 1407 tatem
2107 1352 2271 1407 animi
2318 1352 2397 1407 tui
2442 1367 2537 1423 per
2576 1354 2838 1423 praeclara
2884 1355 3003 1429 [ηις.
3033 1358 3126 1426 ᾼ.,
3175 1358 3486 1416 sinceritate

1899 1443 2062 1497 animi
2092 1444 2167 1497 tui
2207 1441 2488 1512 praeclara,
2515 1442 2637 1515 ete.]
2666 1444 2988 1503 documenta
3018 1458 3326 1515 noscentes,
3373 1450 3486 1507 sili-

1898 1531 2100 1600 quatici
2129 1531 2343 1587 titulum
2390 1546 2552 1601 quem
2596 1533 2700 1589 fide
2729 1534 3088 1593 dominicatus
3112 1539 3232 1607 jure
3259 1539 3486 1596 dedera-

1899 1636 2021 1677 mus
2047 1621 2378 1679 discussione
2400 1621 2713 1681 Indictionis
2739 1626 2949 1695 primm,
2974 1628 3239 1695 secundae,
3268 1631 3355 1686 vel
3377 1639 3486 1687 ter-

1903 1711 1994 1767 tia:
2022 1713 2100 1783 (id
2127 1720 2203 1767 est
2227 1730 2316 1769 an.
2346 1712 2467 1769 Chr.
2503 1713 2626 1782 508,
2659 1714 2782 1784 509,
2810 1715 2961 1789 510),
3012 1734 3109 1789 per
3154 1723 3487 1790 provinciam

172 1802 465 1905 pen—dium
494 1802 661 1903 judex
687 1829 901 1897 subeat,
938 1837 998 1884 ut
1026 1802 1190 1893 vitam
1218 1802 1488 1903 periturus
1532 1802 1796 1902 acquirat.
1830 1842 1879 1905 Β
1904 1802 2225 1905 Pf‘lm‘fuam
2251 1805 2519 1905 ordinati?
2547 1807 2644 1862 ubi
2672 1816 2855 1905 "ﬁt"
2900 1812 3224 1905 φπηηίίίίίξ
3267 1822 3327 1868 ut
3353 1829 3490 1884 quo'

176 1913 551 1989 Quapropter
571 1920 907 1975 consuetudo
923 1930 1109 1978 nostra
1137 1922 1266 1979 feris
1291 1923 1563 1980 mentibus
1591 1925 1799 1980 insera-

176 2013 302 2077 tur,
358 2007 538 2075 douec
568 2011 905 2072 truculentus
932 2014 1143 2070 animus
1179 2014 1319 2071 velle
1346 2014 1530 2072 vivere
1567 2031 1798 2072 consue-

176 2107 342 2167 δεδι.

264 2179 269 2183 ’
734 2194 1067 2259 EPISTOLA
1094 2196 1281 2256 XXIV.

179 2319 481 2373 ιιιιινειιειε
503 2321 772 2378 metuis,
796 2326 865 2366 Ετ
892 2325 1116 2375 BOIANIS
1146 2328 1248 2369 PER
1274 2326 1569 2371 ΡΔΗΝΟΝῙΔΗ
1589 2329 1802 2381 CONSU-

656 2396 811 2436 TU'I‘IS
841 2397 1206 2440 THEODOBICUS
1233 2400 1360 2440 REX.

187 2486 467 2559 Praecipit
487 2498 543 2555 ut
565 2489 823 2569 Gulosst
850 2492 1116 2569 obedient,
1132 2501 1183 2550 et
1202 2494 1431 2553 duellum
1447 2506 1800 2569 exsecrentur,

607 2560 888 2621 Gothorum
913 2560 1204 2639 exemplum
1230 2569 1413 2621 secuti.

265 2670 591 2741 Institutum
614 2691 771 2739 suum
808 2678 1147 2749 providentia
1188 2689 1375 2738 nostra
1422 2697 1533 2741 non
1579 2684 1801 2754 deserit,

191 2778 332 2831 cum
361 2765 619 2837 subjectis
644 2782 859 2840 semper
880 2768 1110 2836 intenta,
1139 2769 1422 2841 profutura
1448 2772 1716 2843 disponit;
1744 2781 1804 2831 ut

194 2858 272 2917 ad
302 2860 575 2931 majorem
601 2860 944 2921 devotionem
971 2863 1313 2927 concitentur
1348 2864 1468 2939 [ιιιε.
1501 2867 1661 2933 Aud.,
1692 2867 1805 2924 dis-

191 2950 538 3021 positionem
572 2952 959 3024 conferantur],
985 2955 1078 3025 qui
1111 2956 1196 3011 sui
1214 2970 1403 3013 curam
1424 2972 1525 3019 nos
1552 2958 1805 3021 habuisse

194 3049 569 3112 cognoscunt.
620 3040 756 3107 Hinc
791 3052 877 3107 est
922 3045 1069 3117 quod
1107 3045 1383 3114 Calussam
1429 3049 1545 3107 viro
1590 3049 1804 3119 illustri,

194 3135 442 3197 nomine
481 3134 793 3206 viribusque
838 3140 1191 3209 pnepoteuti,
1228 3142 1674 3209 gubernationem
1710 3158 1805 3199 ve-

196 3233 388 3290 stram
410 3266 430 3296 ,
477 3225 952 3298 defensionemque
998 3231 1399 3301 commisimus;
1460 3244 1520 3290 ut
1557 3236 1649 3304 qui
1692 3250 1804 3299 suae
1830 3218 1878 3284 ο

198 3318 480 3385 hactenus
507 3320 677 3387 multa
703 3318 853 3386 dedit
877 3323 1246 3393 experimenta
1278 3326 1507 3393 virtutis,
1544 3336 1803 3395 augeatur

202 3407 398 3477 potius
426 3408 482 3463 in
508 3407 718 3465 futuris.
749 3410 925 3483 Atque
954 3413 1075 3468 ideo
1104 3416 1424 3484 parientiam
1453 3418 1529 3491 [id
1568 3428 1644 3475 est
1671 3419 1804 3479 obey

206 3496 509 3567 dientiam;
539 3498 643 3557 Ed.
672 3502 790 3571 Ac.,
815 3504 1153 3577 patientiam]
1181 3518 1202 3551 ο
1235 3516 1467 3571 vestram
1489 3511 1684 3580 sacpius
1711 3526 1806 3582 ap-

112 3655 120 3661 ,
206 3588 527 3675 probatam,
556 3607 699 3648 nunc
724 3607 941 3665 quoque
967 3597 1158 3651 eodem
1185 3607 1449 3669 praesente
1476 3610 1802 3671 monstrate;

209 3689 488 3749 quatenus
515 3682 570 3737 in
596 3683 680 3739 his
706 3699 825 3754 quae
852 3701 951 3756 pro
996 3688 1148 3757 regni
1176 3691 1352 3745 nostri
1382 3690 1613 3749 utilitate
1640 3695 1806 3749 ratio-

209 3770 474 3827 nabiliter
494 3773 699 3859 agenda
719 3777 1052 3855 praeceperit,
1072 3777 1358 3845 devotione
1383 3783 1648 3855 probabili
1668 3800 1810 3845 com-

211 3861 511 3930 pleantur:
548 3866 673 3934 quia
699 3864 859 3925 ﬁdem
884 3870 1184 3927 constantia
1222 3874 1433 3941 probat,
1466 3882 1522 3929 et
1548 3876 1636 3931 ille
1663 3877 1807 3933 inte-

210 3954 474 4023 gritatem
501 3956 737 4029 propria:
763 3958 955 4019 asserit
981 3963 1195 4033 mentis,
1221 3965 1311 4033 qui
1329 3964 1545 4035 jugibus
1570 3970 1812 4038 persistit

214 4046 521 4116 obsequiis.
544 4046 680 4109 Illud
706 4059 968 4123 praeterea
998 4069 1094 4108 vos
1123 4056 1389 4113 credimus
1417 4057 1805 4129 admonendos,

213 4143 275 4201 ut
302 4152 422 4191 non
452 4136 507 4193 in
550 4154 665 4209 vos,
696 4141 793 4197 sed
836 4143 889 4197 in
918 4143 1130 4199 hostem
1175 4146 1362 4205 saevire
1406 4151 1653 4220 cupiatis.
1704 4153 1808 4211 Res

218 4240 394 4299 parva
415 4242 527 4284 non
550 4244 648 4285 vos
669 4230 831 4287 ducat
855 4233 923 4288 ad
949 4241 1191 4291 extrema
1219 4238 1545 4295 discrimina.
1580 4242 1811 4312 Aequic-

218 4318 354 4377 scite
380 4318 621 4390 iustitiae,
665 4336 773 4393 qua
814 4326 1044 4382 mundus
1089 4328 1318 4386 laetatur.
1362 4330 1471 4387 Cur
1518 4334 1587 4389 ad
1617 4352 1810 4393 mono-

222 4411 496 4475 uiachiam
518 4414 815 4480 recurritis,
845 4417 937 4487 qui
977 4420 1222 4475 venalem
1244 4421 1482 4492 judicem
1509 4440 1619 4481 non
1646 4428 1813 4484 liabe-

224 4501 329 4563 tis?
388 4503 651 4576 Deponite
691 4506 912 4575 ferrum,
961 4512 1051 4581 qui
1100 4526 1208 4566 non
1253 4514 1465 4571 habetis
1513 4518 1806 4576 inimicum.

226 4592 469 4667 Pessime
488 4608 679 4659 contra
718 4610 969 4672 parentes
992 4605 1198 4675 erigitis
1234 4610 1530 4679 brachium,
1560 4628 1661 4682 pro
1688 4615 1811 4683 qui-
1840 4597 1894 4659 1)

227 4686 323 4744 bus
358 4696 571 4749 constat
598 4692 832 4761 gloriose
871 4695 1231 4754 moriendum.
1263 4698 1401 4766 Quid
1443 4717 1578 4772 opus
1604 4713 1687 4761 est
1710 4706 1810 4763 bo-

229 4779 363 4841 mini
407 4781 607 4855 lingua,
651 4785 699 4840 si
743 4799 961 4849 causam
1003 4802 1194 4846 manus
1240 4798 1368 4861 agat
1414 4798 1662 4851 armata?
1706 4798 1815 4854 Aut

234 4872 375 4933 unde
420 4889 528 4946 pax
574 4890 695 4934 esse
736 4877 994 4947 creditur,
1023 4881 1072 4941 si
1096 4882 1195 4937 sub
1232 4883 1489 4942 civilitate
1512 4889 1814 4958 pugnetur?

233 4960 516 5020 lmitamini
559 4975 707 5023 certe
756 4969 963 5027 Gothos
1009 4982 1242 5043 nostros,
1297 4976 1386 5047 qui
1434 4978 1564 5037 foris
1607 4983 1810 5053 praelia,

236 5051 376 5110 intus
402 5066 603 5113 norunt
631 5074 887 5118 exercere
912 5063 1252 5143 modestiam.
1299 5065 1391 5123 Sic
1420 5085 1519 5126 vos
1566 5051 1813 5133 volumus

305 5264 330 5290 α
377 5254 677 5344 Gothorum
723 5266 903 5344 tamen
951 5269 1166 5344 gentem
1211 5266 1521 5344 perﬁdam,
1554 5280 1611 5327 at
1654 5276 1811 5344 pudi-

240 5336 369 5413 eam,
402 5328 479 5383 ait
506 5326 741 5413 Salvian.
772 5326 977 5413 “Elii:
996 5333 1062 5388 de
1089 5326 1431 5413 Providentia
1463 5326 1811 5413 g'inter'un—os

242 5396 365 5514 ἓιέιιί
403 5406 747 5465 scortatores,
798 5400 931 5457 nulli
955 5402 1210 5473 impudici
1253 5408 1377 5475 sint,
1424 5410 1525 5467 nisi
1556 5396 1802 5477 ιιόιηὶιῖιῐ

316 5482 400 5514 RN-

282 5480 400 5521 οιιιι.

307 5540 414 5611 48
440 5539 464 5578 ι’
490 5539 922 5621 consuetudines
946 5544 1182 5621 inclitas,
1201 5547 1324 5604 infr.
1342 5549 1435 5605 lib.
1450 5568 1543 5621 vu,
1561 5553 1716 5611 form.
1749 5558 1802 5612 2.

241 5601 490 5686 ειξιῖρτιι
519 5613 610 5667 lib.
643 5628 681 5686 ι,
711 5614 868 5686 epist.
903 5615 986 5669 ιθ.
1017 5601 1433 5676 Consuetudinis
1463 5601 1806 5686 imitans;

242 5679 412 5757 tellige
441 5682 493 5735 id
521 5679 831 5757 quodso'lct
858 5687 1036 5753 pendi,
1078 5689 1324 5746 videlicet
1374 5679 1676 5750 tributum.—
1698 5679 1803 5757 SS-

243 5744 429 5810 lcmnia
458 5744 733 5823 vectigalia
763 5744 937 5825 vocat,
971 5744 1091 5828 ι.’1,
1142 5759 1204 5816 D.
1237 5744 1306 5820 de
1331 5744 1677 5824 ιιέίιὶῖθὶίὖῗὸι
1698 5744 1804 5828 Ῑιῖιὲ

1906 1897 2038 1953 libet
2065 1897 2319 1954 damnum
2347 1899 2549 1955 fraudis
2574 1902 2801 1972 vestigio
2824 1903 3097 1973 publicum
3122 1912 3176 1960 te
3205 1904 3363 1961 fuerit
3389 1922 3488 1969 ex-

1903 1988 2151 2060 plorante
2174 1998 2473 2060 repertum,
2493 1994 2683 2061 procul
2708 1993 2869 2051 dubio
2897 1997 3097 2057 nostris
3122 1998 3327 2054 terariis
3349 1998 3490 2057 infe-

1903 2086 2059 2136 ratur
2085 2096 2100 2135 :
2126 2080 2251 2149 quia
2298 2096 2405 2136 non
2434 2090 2640 2139 tantum
2668 2085 2819 2141 lucra
2866 2089 3177 2158 quaerimus,
3229 2099 3488 2162 quantum

1904 2183 2089 2227 mores
2123 2172 2487 2241 subjectorum
2532 2174 2937 2245 deprehendere
2982 2179 3315 2235 festinamus.
3344 2181 3491 2237 Prm-

1904 2266 2052 2317 terea
2080 2259 2333 2321 ferrariae
2360 2279 2526 2321 venas
2551 2265 2821 2335 prmdictat
2847 2267 3124 2325 Dalmatiae
3156 2271 3406 2328 cuniculo
3436 2282 3492 2330 te

1903 2355 2147 2411 veritatis
2163 2356 2414 2426 jubemus
2437 2358 2729 2431 inquirere,
2746 2361 2837 2416 ubi
2860 2363 3090 2431 rigorem
3113 2362 3239 2421 ferri
3260 2367 3491 2435 parturit

1905 2452 2120 2503 terrena
2147 2448 2416 2517 mollities,
2450 2459 2505 2507 et
2530 2452 2654 2521 igne
2682 2453 3017 2525 decoquitur,
3069 2465 3129 2511 ut
3154 2456 3211 2513 in
3238 2458 3488 2513 duritiem

1906 2537 2278 2596 transferatur.
2327 2540 2484 2609 Hinc,
2536 2545 2829 2601 auxiliante
2855 2546 2986 2613 Deo,
3037 2548 3275 2604 defensio
3305 2550 3493 2620 patria

1905 2629 2090 2697 venit;
2120 2630 2246 2687 hinc
2272 2644 2522 2700 agrorum
2548 2636 2753 2692 utilitas
2783 2647 3127 2707 procuratur,
3171 2648 3227 2695 et
3263 2641 3317 2696 in
3360 2657 3492 2701 usus

1906 2718 2157 2779 humanae
2211 2721 2335 2777 vitae
2389 2724 2673 2794 multiplici
2731 2727 3120 2783 commoditate
3171 2730 3488 2799 porrigitur.

1908 2812 2056 2868 Auro
2085 2814 2188 2883 ipsi
2215 2815 2461 2886 imperat,
2487 2826 2543 2873 et
2564 2821 2767 2875 servire
2795 2822 2940 2891 cogit
2968 2822 3263 2892 locupletes
3285 2840 3492 2895 paupe-

1907 2902 2055 2959 ribus
2083 2913 2395 2961 constanter
2422 2909 2660 2963 armatis.
2694 2907 2958 2964 Convenit
2989 2913 3171 2981 itaque
3198 2913 3338 2969 hanc
3365 2930 3488 2984 spe—

1908 2992 2045 3049 ciem
2069 2992 2311 3062 diligenti
2341 2995 2680 3065 indagatione
2704 2998 2905 3066 rimari,
2937 3014 3034 3070 per
3060 3016 3220 3070 quam
3250 3010 3305 3056 et
3331 3003 3488 3059 nobis

1908 3082 2060 3139 lucra
2102 3092 2456 3154 generantur,
2510 3094 2566 3141 et
2610 3088 2852 3143 hostibus
2899 3098 3255 3160 procurantur
3301 3092 3486 3147 exitia.

1908 3170 2038 3229 Esto
2066 3189 2196 3244 ergo
2222 3175 2289 3229 de
2313 3174 2549 3231 antefata
2578 3176 2805 3251 [ms.A.,
2838 3178 3127 3252 antefactaj
3150 3182 3482 3239 discussione

1911 3266 2197 3335 sollicitus,
2247 3266 2380 3321 etin
2407 3266 2634 3337 publicis
2663 3268 2976 3325 utilitatibus
3026 3279 3383 3343 temperatus;
3432 3282 3492 3329 ut

1910 3362 2157 3412 nostrum
2187 3355 2507 3411 rationabile
2535 3359 2909 3428 compendium
2936 3363 3215 3418 crescendi
3244 3364 3341 3419 tibi
3374 3380 3490 3435 pos-

1907 3448 1980 3503 sit
2002 3462 2296 3518 proeurare
2325 3458 2689 3520 augmentum.

2427 3561 2759 3619 EPISTOLA
2787 3564 2971 3623 XXVI.

2014 3660 2165 3708 'osuut
2190 3668 2311 3709 vmo
2339 3670 2605 3723 iLLUSTRI,
2635 3672 2835 3726 conm,
2870 3675 3230 3719 rusonomcus
3258 3678 3384 3719 nux.

1912 3742 2062 3797 Jubet
2089 3753 2147 3797 ut
2168 3744 2371 3826 .solatiu
2402 3745 2635 3826 Simeoui
2674 3750 2741 3801 ad
2769 3766 2828 3802 ea
2868 3769 2960 3826 pro
2991 3754 3170 3826 quibus
3195 3757 3249 3809 in
3273 3756 3492 3813 Panno-

2124 3816 2267 3868 nium
2287 3817 2470 3869 missus
2502 3819 2618 3888 fuit,
2656 3816 2948 3875 necessaria
2977 3816 3079 3876 rion
3108 3833 3272 3894 neget.

1983 3905 2238 3972 Quamvis
2265 3908 2563 3978 prudentiae
2605 3917 2707 3965 tua:
2733 3912 2804 3967 sit
2826 3914 3044 3968 utilitati
3071 3916 3296 3985 publica:
3325 3917 3493 3988 depu-

1910 3998 2039 4053 tatis
2084 3998 2225 4054 ferre
2254 4002 2583 4072 praesidium,
2631 4011 2810 4059 tamen
2864 4006 3158 4061 admonitio
3205 4016 3390 4063 nostra
3436 4025 3497 4065 se

1912 4091 2168 4156 cumulat,
2206 4097 2265 4145 ut
2294 4096 2535 4150 securius
2564 4095 2674 4160 ﬂat,
2723 4096 2810 4151 ubi
2838 4111 2896 4150 se
2945 4097 3246 4152 reverentia
3297 4108 3495 4155 nostric

1909 4181 2165 4252 jussionis
2193 4188 2583 4241 accommodat.
2618 4185 2923 4242 Simeonem
2973 4189 3155 4257 itaque
3180 4190 3354 4246 virum
3382 4192 3494 4246 cla-

1913 4273 2204 4340 rissimum,
2236 4275 2386 4343 cujus
2416 4275 2550 4332 ﬁdes
2579 4278 2706 4333 olim
2736 4278 2890 4333 nobis
2917 4287 3000 4334 est
3043 4280 3256 4348 cognita
3286 4282 3369 4337 vel
3399 4281 3493 4337 de-

1913 4367 2062 4424 votio
2092 4367 2460 4438 comprobata,
2510 4369 2576 4422 ad
2619 4370 3015 4426 ordinationem
3059 4372 3361 4443 siliquatici,
3395 4389 3497 4430 nec

1912 4471 2024 4511 non
2075 4456 2438 4525 ferrariamm,
2489 4458 2555 4512 ad
2582 4460 2915 4529 provinciam
2961 4462 3277 4518 Dalmatiam
3309 4473 3496 4522 nostra

1917 4547 2259 4604 ordinatione
2286 4549 2598 4605 direximus.
2629 4549 2729 4605 Cui
2758 4553 2990 4622 expetita
3025 4555 3215 4611 solatia
3258 4572 3365 4613 non
3394 4573 3493 4614 ne-

1916 4640 2072 4711 getis,
2089 4647 2157 4695 ut
2174 4640 2473 4696 sublimitas
2497 4650 2588 4697 tua
2610 4644 2763 4698 nobis
2790 4647 3214 4703 commendatior
3239 4647 3355 4719 fiat,
3374 4663 3497 4706 cum

1918 4730 2127 4787 actibus
2148 4746 2206 4788 se
2230 4732 2456 4803 publicis
2486 4734 2723 4805 praebere
2747 4734 2981 4792 festinat.

2422 4846 2753 4904 EPISTOLA
2777 4847 2989 4906 XXVII.

1915 4949 2094 4992 JOANNI
2116 4952 2241 4993 VIBO
2271 4952 2549 5005 SENATORI,
2580 4954 2867 4995 CONSULABI
2894 4957 3189 5009 CAIPANIE,
3207 4957 3500 4999 ’1⁸1180υοΒί-

2588 5024 2682 5064 CUS
2709 5026 2834 5064 REX.

1920 5098 2079 5155 Illum
2118 5101 2261 5157 varia
2296 5117 2414 5171 1am
2439 5104 2789 5172 persecutione
2806 5104 3065 5177 jactutum
3109 5112 3276 5161 matr
3302 5121 3336 5160 α
3360 5121 3498 5176 ρων-

1919 5294 2101 5374 norib’.‘
2132 5290 2417 5374 Iustinian.
2460 5296 2555 5357 τὰς
2590 5300 2873 5374 ὡρισμένας
2920 5300 3180 5362 συνηθείας
3217 5298 3353 5357 NOV.
3400 5300 3502 5363 125

1918 5374 1972 5419 et
2002 5362 2121 5417 1°28.
2149 5362 2315 5419 FouN.

1996 5443 2017 5507 γ’
2050 5432 2391 5507 Parientiam,
2434 5443 2494 5507 ut
2524 5435 2645 5507 infr.
2678 5437 2770 5491 lib.
2799 5453 2891 5503 vii,
2939 5440 3094 5493 form.
3128 5439 3228 5507 27;
3278 5442 3316 5494 l.
3364 5441 3414 5507 l,
3447 5457 3495 5497 c.

1918 5504 2002 5574 qui
2031 5519 2124 5581 p_ro
2172 5521 2269 5581 sua
2303 5504 2892 5581 jurisdaParientiamA
2920 5518 3097 5581 autem
3144 5504 3305 5579 paulo
3356 5504 3500 5581 post,

1916 5582 1969 5651 et
2016 5574 2269 5651 obsequia
2299 5574 2396 5651 pro
2427 5575 2617 5651 eodem
2649 5579 2939 5651 usurpavit.
2973 5579 3087 5651 Non
3114 5574 3272 5651 neuio
3304 5574 3498 5651 paron;

1913 5643 2044 5715 tiam
2070 5643 2213 5713 legit,
2238 5643 2351 5698 dil.
2379 5660 2492 5707 un.,
2511 5643 3118 5715 ubivnlgopriticntiam,
3153 5658 3210 5704 ut
3241 5643 3327 5706 hic
3350 5668 3502 5706 mcu-

1912 5714 2224 5792 dosenprius
2253 5716 2514 5792 scriptum
2563 5712 2745 5767 Jacobi
2768 5712 2993 5792 ⁵ζὶιιλειῡίι
3045 5712 3299 5792 εόὸτοχὶα
3346 5722 3502 5778 resti-

1912 5784 2011 5837 tuit
2037 5782 2126 5841 lib.
2161 5802 2196 5851 ι,
2222 5801 2340 5855 cap.
2374 5786 2423 5851 ti,
2456 5782 2736 5841 Obscrvat.
2764 5782 2927 5847 Foliis.
