  <div class='ocr_page' id='page_1' title='image "/cluster/home/n/w/nwhite01/storage/ocr_20150623/69/hvd.32044015469349/303.png"; bbox 0 0 4018 6348; ppageno 0'>
   <div class='ocr_carea' id='block_1_1' title="bbox 1261 235 1347 248">
    <p class='ocr_par' dir='ltr' id='par_1_1' title="bbox 1261 235 1347 248">
     <span class='ocr_line' id='line_1_1' title="bbox 1261 235 1347 248; baseline 0 -9"><span class='ocrx_word' id='word_1_1' title='bbox 1261 235 1347 248; x_wconf 47' lang='grc' dir='ltr'><strong>ν...</strong></span> 
     </span>
    </p>
   </div>
   <div class='ocr_carea' id='block_1_2' title="bbox 477 280 579 341">
    <p class='ocr_par' dir='ltr' id='par_1_2' title="bbox 477 280 579 341">
     <span class='ocr_line' id='line_1_2' title="bbox 477 280 579 341; baseline -0.01 -1"><span class='ocrx_word' id='word_1_2' title='bbox 477 280 579 341; x_wconf 74' lang='grc'><strong>591</strong></span> 
     </span>
    </p>
   </div>
   <div class='ocr_carea' id='block_1_3' title="bbox 1709 268 2538 353">
    <p class='ocr_par' dir='ltr' id='par_1_3' title="bbox 1709 268 2538 353">
     <span class='ocr_line' id='line_1_3' title="bbox 1709 268 2538 353; baseline -0.005 -22"><span class='ocrx_word' id='word_1_3' title='bbox 1709 274 1784 334; x_wconf 86' lang='lat' dir='ltr'><strong>M.</strong></span> <span class='ocrx_word' id='word_1_4' title='bbox 1822 271 2101 332; x_wconf 79' lang='lat' dir='ltr'><strong>AURELII</strong></span> <span class='ocrx_word' id='word_1_5' title='bbox 2132 268 2538 353; x_wconf 78' lang='lat' dir='ltr'><strong>CASSIODORI</strong></span> 
     </span>
    </p>
   </div>
   <div class='ocr_carea' id='block_1_4' title="bbox 3651 266 3769 325">
    <p class='ocr_par' dir='ltr' id='par_1_4' title="bbox 3651 266 3769 325">
     <span class='ocr_line' id='line_1_4' title="bbox 3651 266 3769 325; baseline 0 0"><span class='ocrx_word' id='word_1_6' title='bbox 3651 266 3769 325; x_wconf 71' lang='lat'><strong>592</strong></span> 
     </span>
    </p>
   </div>
   <div class='ocr_carea' id='block_1_5' title="bbox 547 364 3766 479">
    <p class='ocr_par' dir='ltr' id='par_1_5' title="bbox 547 364 3766 479">
     <span class='ocr_line' id='line_1_5' title="bbox 547 364 3766 479; baseline -0.007 -28"><span class='ocrx_word' id='word_1_7' title='bbox 547 398 684 479; x_wconf 70' lang='lat' dir='ltr'><strong>{ceto</strong></span> <span class='ocrx_word' id='word_1_8' title='bbox 696 364 964 479; x_wconf 42' lang='lat' dir='ltr'><strong>praetorio,</strong></span> <span class='ocrx_word' id='word_1_9' title='bbox 996 410 1090 450; x_wconf 84' lang='lat' dir='ltr'><strong>nec</strong></span> <span class='ocrx_word' id='word_1_10' title='bbox 1118 411 1223 452; x_wconf 85' lang='lat' dir='ltr'><strong>non</strong></span> <span class='ocrx_word' id='word_1_11' title='bbox 1238 401 1303 479; x_wconf 28' lang='lat' dir='ltr'><strong>“et.</strong></span> <span class='ocrx_word' id='word_1_12' title='bbox 1330 393 1568 479; x_wconf 66' lang='lat' dir='ltr'><strong>hortatur</strong></span> <span class='ocrx_word' id='word_1_13' title='bbox 1608 400 1667 448; x_wconf 85' lang='lat' dir='ltr'><strong>ut</strong></span> <span class='ocrx_word' id='word_1_14' title='bbox 1693 393 1915 463; x_wconf 66' lang='lat' dir='ltr'><strong>cilicium</strong></span> <span class='ocrx_word' id='word_1_15' title='bbox 1941 409 2064 449; x_wconf 83' lang='lat' dir='ltr'><strong>con-</strong></span> <span class='ocrx_word' id='word_1_16' title='bbox 2087 395 2139 457; x_wconf 76' lang='grc' dir='ltr'><strong>Α</strong></span> <span class='ocrx_word' id='word_1_17' title='bbox 2165 398 2219 447; x_wconf 91' lang='lat' dir='ltr'><strong>te</strong></span> <span class='ocrx_word' id='word_1_18' title='bbox 2262 389 2456 479; x_wconf 86' lang='lat' dir='ltr'><strong>ctiam,</strong></span> <span class='ocrx_word' id='word_1_19' title='bbox 2488 383 2690 479; x_wconf 87' lang='lat' dir='ltr'><strong>palatio</strong></span> <span class='ocrx_word' id='word_1_20' title='bbox 2717 389 2875 479; x_wconf 80' lang='lat' dir='ltr'><strong>teste,</strong></span> <span class='ocrx_word' id='word_1_21' title='bbox 2916 377 3268 479; x_wconf 79' lang='lat' dir='ltr'><strong>laudavimus.</strong></span> <span class='ocrx_word' id='word_1_22' title='bbox 3306 376 3493 479; x_wconf 76' lang='lat' dir='ltr'><strong>Tende</strong></span> <span class='ocrx_word' id='word_1_23' title='bbox 3538 375 3766 479; x_wconf 76' lang='lat' dir='ltr'><strong>gradus,</strong></span> 
     </span>
    </p>
   </div>
   <div class='ocr_carea' id='block_1_6' title="bbox 545 466 1529 538">
    <p class='ocr_par' dir='ltr' id='par_1_6' title="bbox 545 466 1529 538">
     <span class='ocr_line' id='line_1_6' title="bbox 545 466 1529 538; baseline -0.002 -17"><span class='ocrx_word' id='word_1_24' title='bbox 545 466 831 522; x_wconf 72' lang='lat' dir='ltr'><strong>saturitatis</strong></span> <span class='ocrx_word' id='word_1_25' title='bbox 854 483 1055 521; x_wconf 80' lang='lat' dir='ltr'><strong>summa</strong></span> <span class='ocrx_word' id='word_1_26' title='bbox 1082 483 1198 521; x_wconf 87' lang='lat' dir='ltr'><strong>cum</strong></span> <span class='ocrx_word' id='word_1_27' title='bbox 1226 467 1332 538; x_wconf 82' lang='lat' dir='ltr'><strong>ﬁde</strong></span> <span class='ocrx_word' id='word_1_28' title='bbox 1360 466 1529 521; x_wconf 85' lang='lat' dir='ltr'><strong>obeat.</strong></span> 
     </span>
    </p>
   </div>
   <div class='ocr_carea' id='block_1_7' title="bbox 2162 467 3771 537">
    <p class='ocr_par' dir='ltr' id='par_1_7' title="bbox 2162 467 3771 537">
     <span class='ocr_line' id='line_1_7' title="bbox 2162 467 3771 537; baseline -0.01 0"><span class='ocrx_word' id='word_1_29' title='bbox 2162 480 2404 537; x_wconf 83' lang='lat' dir='ltr'><strong>accelera</strong></span> <span class='ocrx_word' id='word_1_30' title='bbox 2434 477 2659 533; x_wconf 80' lang='lat' dir='ltr'><strong>festinus</strong></span> <span class='ocrx_word' id='word_1_31' title='bbox 2682 477 2990 533; x_wconf 77' lang='lat' dir='ltr'><strong>adventum.</strong></span> <span class='ocrx_word' id='word_1_32' title='bbox 3014 473 3265 528; x_wconf 78' lang='lat' dir='ltr'><strong>Alacrem</strong></span> <span class='ocrx_word' id='word_1_33' title='bbox 3289 470 3475 527; x_wconf 77' lang='lat' dir='ltr'><strong>venire</strong></span> <span class='ocrx_word' id='word_1_34' title='bbox 3504 467 3771 526; x_wconf 87' lang='lat' dir='ltr'><strong>convenit</strong></span> 
     </span>
    </p>
   </div>
   <div class='ocr_carea' id='block_1_8' title="bbox 544 563 3431 650">
    <p class='ocr_par' dir='ltr' id='par_1_8' title="bbox 544 563 3431 650">
     <span class='ocr_line' id='line_1_8' title="bbox 544 563 3431 650; baseline -0.005 -18"><span class='ocrx_word' id='word_1_35' title='bbox 544 576 892 649; x_wconf 77' lang='lat' dir='ltr'><strong>Propositum</strong></span> <span class='ocrx_word' id='word_1_36' title='bbox 923 586 1006 634; x_wconf 88' lang='lat' dir='ltr'><strong>est</strong></span> <span class='ocrx_word' id='word_1_37' title='bbox 1034 578 1252 650; x_wconf 89' lang='lat' dir='ltr'><strong>pietatis</strong></span> <span class='ocrx_word' id='word_1_38' title='bbox 1279 578 1441 649; x_wconf 66' lang='lat' dir='ltr'><strong>regite</strong></span> <span class='ocrx_word' id='word_1_39' title='bbox 1468 577 1652 633; x_wconf 92' lang='lat' dir='ltr'><strong>locum</strong></span> <span class='ocrx_word' id='word_1_40' title='bbox 1679 575 1894 647; x_wconf 89' lang='lat' dir='ltr'><strong>iniustis</strong></span> <span class='ocrx_word' id='word_1_41' title='bbox 1924 574 2063 630; x_wconf 88' lang='lat' dir='ltr'><strong>odiis</strong></span> <span class='ocrx_word' id='word_1_42' title='bbox 2160 575 2253 648; x_wconf 88' lang='lat' dir='ltr'><strong>qui</strong></span> <span class='ocrx_word' id='word_1_43' title='bbox 2271 589 2331 631; x_wconf 90' lang='lat' dir='ltr'><strong>se</strong></span> <span class='ocrx_word' id='word_1_44' title='bbox 2350 588 2381 629; x_wconf 92' lang='lat' dir='ltr'><strong>a</strong></span> <span class='ocrx_word' id='word_1_45' title='bbox 2406 572 2650 645; x_wconf 81' lang='lat' dir='ltr'><strong>principe</strong></span> <span class='ocrx_word' id='word_1_46' title='bbox 2673 569 2927 628; x_wconf 75' lang='lat' dir='ltr'><strong>sustineri</strong></span> <span class='ocrx_word' id='word_1_47' title='bbox 2954 581 3114 640; x_wconf 86' lang='lat' dir='ltr'><strong>posse</strong></span> <span class='ocrx_word' id='word_1_48' title='bbox 3135 563 3431 635; x_wconf 89' lang='lat' dir='ltr'><strong>cognoscit.</strong></span> 
     </span>
    </p>
   </div>
   <div class='ocr_carea' id='block_1_9' title="bbox 475 666 2065 741">
    <p class='ocr_par' dir='ltr' id='par_1_9' title="bbox 475 666 2065 741">
     <span class='ocr_line' id='line_1_9' title="bbox 475 666 2065 741; baseline -0.004 -15"><span class='ocrx_word' id='word_1_49' title='bbox 475 678 760 740; x_wconf 82' lang='lat' dir='ltr'><strong>amputare</strong></span> <span class='ocrx_word' id='word_1_50' title='bbox 783 678 839 725; x_wconf 91' lang='lat' dir='ltr'><strong>et</strong></span> <span class='ocrx_word' id='word_1_51' title='bbox 867 670 1155 741; x_wconf 84' lang='lat' dir='ltr'><strong>potestatis</strong></span> <span class='ocrx_word' id='word_1_52' title='bbox 1175 677 1396 725; x_wconf 61' lang='lat' dir='ltr'><strong>armatae</strong></span> <span class='ocrx_word' id='word_1_53' title='bbox 1419 668 1770 741; x_wconf 86' lang='lat' dir='ltr'><strong>supercilium</strong></span> <span class='ocrx_word' id='word_1_54' title='bbox 1809 666 2065 723; x_wconf 86' lang='lat' dir='ltr'><strong>cohibere</strong></span> 
     </span>
    </p>
   </div>
   <div class='ocr_carea' id='block_1_10' title="bbox 475 757 2066 830">
    <p class='ocr_par' dir='ltr' id='par_1_10' title="bbox 475 757 2066 830">
     <span class='ocr_line' id='line_1_10' title="bbox 475 757 2066 830; baseline -0.002 -15"><span class='ocrx_word' id='word_1_55' title='bbox 475 758 779 815; x_wconf 88' lang='lat' dir='ltr'><strong>reverentia</strong></span> <span class='ocrx_word' id='word_1_56' title='bbox 802 759 1123 830; x_wconf 90' lang='lat' dir='ltr'><strong>iussionum.</strong></span> <span class='ocrx_word' id='word_1_57' title='bbox 1138 758 1347 821; x_wconf 76' lang='lat' dir='ltr'><strong>Infesta</strong></span> <span class='ocrx_word' id='word_1_58' title='bbox 1374 766 1460 817; x_wconf 91' lang='lat' dir='ltr'><strong>est</strong></span> <span class='ocrx_word' id='word_1_59' title='bbox 1480 758 1745 829; x_wconf 88' lang='lat' dir='ltr'><strong>siquidem</strong></span> <span class='ocrx_word' id='word_1_60' title='bbox 1772 757 2066 812; x_wconf 84' lang='lat' dir='ltr'><strong>humilibus</strong></span> 
     </span>
    </p>
   </div>
   <div class='ocr_carea' id='block_1_11' title="bbox 474 850 2065 923">
    <p class='ocr_par' dir='ltr' id='par_1_11' title="bbox 474 850 2065 923">
     <span class='ocr_line' id='line_1_11' title="bbox 474 850 2065 923; baseline -0.004 -14"><span class='ocrx_word' id='word_1_61' title='bbox 474 853 771 923; x_wconf 86' lang='lat' dir='ltr'><strong>superioris</strong></span> <span class='ocrx_word' id='word_1_62' title='bbox 801 850 1007 909; x_wconf 75' lang='lat' dir='ltr'><strong>offensa</strong></span> <span class='ocrx_word' id='word_1_63' title='bbox 1030 892 1046 919; x_wconf 89' lang='lat'><strong>,</strong></span> <span class='ocrx_word' id='word_1_64' title='bbox 1092 868 1217 909; x_wconf 89' lang='lat' dir='ltr'><strong>cum</strong></span> <span class='ocrx_word' id='word_1_65' title='bbox 1244 852 1312 908; x_wconf 90' lang='lat' dir='ltr'><strong>ad</strong></span> <span class='ocrx_word' id='word_1_66' title='bbox 1338 852 1550 908; x_wconf 90' lang='lat' dir='ltr'><strong>laudem</strong></span> <span class='ocrx_word' id='word_1_67' title='bbox 1582 851 1841 918; x_wconf 83' lang='lat' dir='ltr'><strong>trahitur,</strong></span> <span class='ocrx_word' id='word_1_68' title='bbox 1872 850 1918 905; x_wconf 91' lang='lat' dir='ltr'><strong>si</strong></span> <span class='ocrx_word' id='word_1_69' title='bbox 1944 850 2065 905; x_wconf 83' lang='lat' dir='ltr'><strong>vin-</strong></span> 
     </span>
    </p>
   </div>
   <div class='ocr_carea' id='block_1_12' title="bbox 474 928 2067 1013">
    <p class='ocr_par' dir='ltr' id='par_1_12' title="bbox 474 928 2067 1013">
     <span class='ocr_line' id='line_1_12' title="bbox 474 928 2067 1013; baseline -0.003 -15"><span class='ocrx_word' id='word_1_70' title='bbox 474 941 621 999; x_wconf 86' lang='lat' dir='ltr'><strong>dicta</strong></span> <span class='ocrx_word' id='word_1_71' title='bbox 642 943 711 998; x_wconf 89' lang='lat' dir='ltr'><strong>de</strong></span> <span class='ocrx_word' id='word_1_72' title='bbox 731 928 1097 1000; x_wconf 88' lang='lat' dir='ltr'><strong>mediocribus</strong></span> <span class='ocrx_word' id='word_1_73' title='bbox 1116 944 1449 1013; x_wconf 86' lang='lat' dir='ltr'><strong>acquiratur.</strong></span> <span class='ocrx_word' id='word_1_74' title='bbox 1474 941 1710 998; x_wconf 84' lang='lat' dir='ltr'><strong>Proinde</strong></span> <span class='ocrx_word' id='word_1_75' title='bbox 1730 941 1823 997; x_wconf 92' lang='lat' dir='ltr'><strong>diu</strong></span> <span class='ocrx_word' id='word_1_76' title='bbox 1842 948 1899 997; x_wconf 92' lang='lat' dir='ltr'><strong>et</strong></span> <span class='ocrx_word' id='word_1_77' title='bbox 1917 938 2067 995; x_wconf 88' lang='lat' dir='ltr'><strong>varia</strong></span> 
     </span>
    </p>
   </div>
   <div class='ocr_carea' id='block_1_13' title="bbox 474 1031 2066 1108">
    <p class='ocr_par' dir='ltr' id='par_1_13' title="bbox 474 1031 2066 1108">
     <span class='ocr_line' id='line_1_13' title="bbox 474 1031 2066 1108; baseline -0.003 -16"><span class='ocrx_word' id='word_1_78' title='bbox 474 1036 857 1107; x_wconf 83' lang='lat' dir='ltr'><strong>persecutione</strong></span> <span class='ocrx_word' id='word_1_79' title='bbox 905 1038 1163 1107; x_wconf 88' lang='lat' dir='ltr'><strong>iactatus,</strong></span> <span class='ocrx_word' id='word_1_80' title='bbox 1209 1036 1280 1094; x_wconf 88' lang='lat' dir='ltr'><strong>ad</strong></span> <span class='ocrx_word' id='word_1_81' title='bbox 1325 1037 1543 1108; x_wconf 87' lang='lat' dir='ltr'><strong>pietatis</strong></span> <span class='ocrx_word' id='word_1_82' title='bbox 1586 1043 1787 1093; x_wconf 80' lang='lat' dir='ltr'><strong>nostrae</strong></span> <span class='ocrx_word' id='word_1_83' title='bbox 1824 1031 2066 1090; x_wconf 88' lang='lat' dir='ltr'><strong>remedia</strong></span> 
     </span>
    </p>
   </div>
   <div class='ocr_carea' id='block_1_14' title="bbox 475 1125 2068 1184">
    <p class='ocr_par' dir='ltr' id='par_1_14' title="bbox 475 1125 2068 1184">
     <span class='ocr_line' id='line_1_14' title="bbox 475 1125 2068 1184; baseline -0.002 -2"><span class='ocrx_word' id='word_1_84' title='bbox 475 1125 625 1182; x_wconf 85' lang='lat' dir='ltr'><strong>haud</strong></span> <span class='ocrx_word' id='word_1_85' title='bbox 678 1125 830 1182; x_wconf 89' lang='lat' dir='ltr'><strong>irrite</strong></span> <span class='ocrx_word' id='word_1_86' title='bbox 882 1127 1221 1183; x_wconf 89' lang='lat' dir='ltr'><strong>convolasti:</strong></span> <span class='ocrx_word' id='word_1_87' title='bbox 1280 1141 1533 1184; x_wconf 74' lang='lat' dir='ltr'><strong>asserens</strong></span> <span class='ocrx_word' id='word_1_88' title='bbox 1585 1125 2068 1183; x_wconf 90' lang='lat' dir='ltr'><strong>eminentissimam</strong></span> 
     </span>
    </p>
   </div>
   <div class='ocr_carea' id='block_1_15' title="bbox 476 1217 2071 1294">
    <p class='ocr_par' dir='ltr' id='par_1_15' title="bbox 476 1217 2071 1294">
     <span class='ocr_line' id='line_1_15' title="bbox 476 1217 2071 1294; baseline -0.003 -18"><span class='ocrx_word' id='word_1_89' title='bbox 476 1220 853 1294; x_wconf 68' lang='lat' dir='ltr'><strong>praefecturam</strong></span> <span class='ocrx_word' id='word_1_90' title='bbox 898 1221 1113 1279; x_wconf 85' lang='lat' dir='ltr'><strong>tibimet</strong></span> <span class='ocrx_word' id='word_1_91' title='bbox 1163 1236 1283 1278; x_wconf 90' lang='lat' dir='ltr'><strong>esse</strong></span> <span class='ocrx_word' id='word_1_92' title='bbox 1327 1221 1549 1289; x_wconf 89' lang='lat' dir='ltr'><strong>terrori,</strong></span> <span class='ocrx_word' id='word_1_93' title='bbox 1580 1235 1651 1276; x_wconf 92' lang='lat' dir='ltr'><strong>ne</strong></span> <span class='ocrx_word' id='word_1_94' title='bbox 1674 1220 1884 1292; x_wconf 83' lang='lat' dir='ltr'><strong>privata</strong></span> <span class='ocrx_word' id='word_1_95' title='bbox 1913 1217 1968 1273; x_wconf 93' lang='lat' dir='ltr'><strong>in</strong></span> <span class='ocrx_word' id='word_1_96' title='bbox 2013 1225 2071 1273; x_wconf 89' lang='lat' dir='ltr'><strong>te</strong></span> 
     </span>
    </p>
   </div>
   <div class='ocr_carea' id='block_1_16' title="bbox 475 1308 2070 1388">
    <p class='ocr_par' dir='ltr' id='par_1_16' title="bbox 475 1308 2070 1388">
     <span class='ocr_line' id='line_1_16' title="bbox 475 1308 2070 1388; baseline -0.004 -17"><span class='ocrx_word' id='word_1_97' title='bbox 475 1313 600 1371; x_wconf 88' lang='lat' dir='ltr'><strong>odia</strong></span> <span class='ocrx_word' id='word_1_98' title='bbox 646 1314 972 1372; x_wconf 89' lang='lat' dir='ltr'><strong>satiarentur</strong></span> <span class='ocrx_word' id='word_1_99' title='bbox 1000 1313 1108 1388; x_wconf 77' lang='grc' dir='ltr'><strong>[οά.</strong></span> <span class='ocrx_word' id='word_1_100' title='bbox 1139 1310 1503 1383; x_wconf 84' lang='lat' dir='ltr'><strong>sociarentur]</strong></span> <span class='ocrx_word' id='word_1_101' title='bbox 1547 1326 1645 1382; x_wconf 88' lang='lat' dir='ltr'><strong>per</strong></span> <span class='ocrx_word' id='word_1_102' title='bbox 1683 1309 1954 1382; x_wconf 87' lang='lat' dir='ltr'><strong>publicam</strong></span> <span class='ocrx_word' id='word_1_103' title='bbox 1985 1308 2070 1364; x_wconf 87' lang='lat' dir='ltr'><strong>di-</strong></span> 
     </span>
    </p>
   </div>
   <div class='ocr_carea' id='block_1_17' title="bbox 472 1400 2069 1476">
    <p class='ocr_par' dir='ltr' id='par_1_17' title="bbox 472 1400 2069 1476">
     <span class='ocr_line' id='line_1_17' title="bbox 472 1400 2069 1476; baseline -0.004 -15"><span class='ocrx_word' id='word_1_104' title='bbox 472 1405 781 1476; x_wconf 88' lang='lat' dir='ltr'><strong>sciplinam.</strong></span> <span class='ocrx_word' id='word_1_105' title='bbox 813 1405 922 1462; x_wconf 88' lang='lat' dir='ltr'><strong>Sed</strong></span> <span class='ocrx_word' id='word_1_106' title='bbox 963 1421 1068 1462; x_wconf 91' lang='lat' dir='ltr'><strong>nos</strong></span> <span class='ocrx_word' id='word_1_107' title='bbox 1090 1445 1105 1471; x_wconf 93' lang='lat'><strong>,</strong></span> <span class='ocrx_word' id='word_1_108' title='bbox 1136 1406 1230 1475; x_wconf 87' lang='lat' dir='ltr'><strong>qui</strong></span> <span class='ocrx_word' id='word_1_109' title='bbox 1257 1404 1489 1461; x_wconf 88' lang='lat' dir='ltr'><strong>donatas</strong></span> <span class='ocrx_word' id='word_1_110' title='bbox 1516 1403 1805 1473; x_wconf 79' lang='lat' dir='ltr'><strong>dignitates</strong></span> <span class='ocrx_word' id='word_1_111' title='bbox 1842 1400 2069 1473; x_wconf 66' lang='lat' dir='ltr'><strong>iustitiae</strong></span> 
     </span>
    </p>
   </div>
   <div class='ocr_carea' id='block_1_18' title="bbox 475 1495 2072 1569">
    <p class='ocr_par' dir='ltr' id='par_1_18' title="bbox 475 1495 2072 1569">
     <span class='ocr_line' id='line_1_18' title="bbox 475 1495 2072 1569; baseline -0.003 -15"><span class='ocrx_word' id='word_1_112' title='bbox 475 1512 671 1569; x_wconf 88' lang='lat' dir='ltr'><strong>parere</strong></span> <span class='ocrx_word' id='word_1_113' title='bbox 688 1497 954 1569; x_wconf 90' lang='lat' dir='ltr'><strong>cupimus,</strong></span> <span class='ocrx_word' id='word_1_114' title='bbox 978 1512 1088 1553; x_wconf 91' lang='lat' dir='ltr'><strong>non</strong></span> <span class='ocrx_word' id='word_1_115' title='bbox 1109 1495 1312 1565; x_wconf 89' lang='lat' dir='ltr'><strong>dolori,</strong></span> <span class='ocrx_word' id='word_1_116' title='bbox 1335 1504 1527 1553; x_wconf 91' lang='lat' dir='ltr'><strong>contra</strong></span> <span class='ocrx_word' id='word_1_117' title='bbox 1548 1495 1766 1553; x_wconf 89' lang='lat' dir='ltr'><strong>illicitas</strong></span> <span class='ocrx_word' id='word_1_118' title='bbox 1784 1507 2072 1566; x_wconf 65' lang='lat' dir='ltr'><strong>praesump-</strong></span> 
     </span>
    </p>
   </div>
   <div class='ocr_carea' id='block_1_19' title="bbox 476 1585 2072 1657">
    <p class='ocr_par' dir='ltr' id='par_1_19' title="bbox 476 1585 2072 1657">
     <span class='ocr_line' id='line_1_19' title="bbox 476 1585 2072 1657; baseline -0.003 -14"><span class='ocrx_word' id='word_1_119' title='bbox 476 1588 656 1645; x_wconf 90' lang='lat' dir='ltr'><strong>tiones</strong></span> <span class='ocrx_word' id='word_1_120' title='bbox 675 1597 860 1645; x_wconf 88' lang='lat' dir='ltr'><strong>nostra</strong></span> <span class='ocrx_word' id='word_1_121' title='bbox 885 1598 938 1644; x_wconf 92' lang='lat' dir='ltr'><strong>te</strong></span> <span class='ocrx_word' id='word_1_122' title='bbox 958 1588 1189 1644; x_wconf 91' lang='lat' dir='ltr'><strong>tuitione</strong></span> <span class='ocrx_word' id='word_1_123' title='bbox 1210 1588 1496 1655; x_wconf 86' lang='lat' dir='ltr'><strong>vallamus,</strong></span> <span class='ocrx_word' id='word_1_124' title='bbox 1510 1594 1573 1643; x_wconf 92' lang='lat' dir='ltr'><strong>ut</strong></span> <span class='ocrx_word' id='word_1_125' title='bbox 1593 1588 1755 1657; x_wconf 88' lang='lat' dir='ltr'><strong>regiae</strong></span> <span class='ocrx_word' id='word_1_126' title='bbox 1775 1585 2072 1655; x_wconf 88' lang='lat' dir='ltr'><strong>maiestatis</strong></span> 
     </span>
    </p>
   </div>
   <div class='ocr_carea' id='block_1_20' title="bbox 477 1676 2072 1747">
    <p class='ocr_par' dir='ltr' id='par_1_20' title="bbox 477 1676 2072 1747">
     <span class='ocr_line' id='line_1_20' title="bbox 477 1676 2072 1747; baseline -0.003 -12"><span class='ocrx_word' id='word_1_127' title='bbox 477 1678 699 1747; x_wconf 90' lang='lat' dir='ltr'><strong>obiectu</strong></span> <span class='ocrx_word' id='word_1_128' title='bbox 735 1677 1059 1734; x_wconf 79' lang='lat' dir='ltr'><strong>ferventium</strong></span> <span class='ocrx_word' id='word_1_129' title='bbox 1085 1679 1238 1734; x_wconf 83' lang='lat' dir='ltr'><strong>furor</strong></span> <span class='ocrx_word' id='word_1_130' title='bbox 1266 1679 1572 1733; x_wconf 88' lang='lat' dir='ltr'><strong>animorum</strong></span> <span class='ocrx_word' id='word_1_131' title='bbox 1600 1678 1656 1733; x_wconf 95' lang='lat' dir='ltr'><strong>in</strong></span> <span class='ocrx_word' id='word_1_132' title='bbox 1684 1678 1797 1733; x_wconf 92' lang='lat' dir='ltr'><strong>suis</strong></span> <span class='ocrx_word' id='word_1_133' title='bbox 1825 1676 2072 1732; x_wconf 90' lang='lat' dir='ltr'><strong>cautibus</strong></span> 
     </span>
    </p>
   </div>
   <div class='ocr_carea' id='block_1_21' title="bbox 2677 699 3237 761">
    <p class='ocr_par' dir='ltr' id='par_1_21' title="bbox 2677 699 3237 761">
     <span class='ocr_line' id='line_1_21' title="bbox 2677 699 3237 761; baseline -0.009 -2"><span class='ocrx_word' id='word_1_134' title='bbox 2677 701 3009 761; x_wconf 83' lang='lat' dir='ltr'><strong>EPISTOLA</strong></span> <span class='ocrx_word' id='word_1_135' title='bbox 3044 699 3237 759; x_wconf 77' lang='lat' dir='ltr'><strong>XXIX.</strong></span> 
     </span>
    </p>
   </div>
   <div class='ocr_carea' id='block_1_22' title="bbox 2164 802 3773 863">
    <p class='ocr_par' dir='ltr' id='par_1_22' title="bbox 2164 802 3773 863">
     <span class='ocr_line' id='line_1_22' title="bbox 2164 802 3773 863; baseline -0.009 -4"><span class='ocrx_word' id='word_1_136' title='bbox 2164 813 2426 859; x_wconf 70' lang='lat' dir='ltr'><strong>ARGOLICO</strong></span> <span class='ocrx_word' id='word_1_137' title='bbox 2446 814 2572 857; x_wconf 72' lang='grc' dir='ltr'><strong>νικο</strong></span> <span class='ocrx_word' id='word_1_138' title='bbox 2598 811 2842 857; x_wconf 79' lang='lat' dir='ltr'><strong>ILLUS&#39;I‘RI</strong></span> <span class='ocrx_word' id='word_1_139' title='bbox 2856 835 2874 863; x_wconf 77' lang='lat'><strong>,</strong></span> <span class='ocrx_word' id='word_1_140' title='bbox 2896 807 3191 851; x_wconf 67' lang='lat' dir='ltr'><strong>PREPECTO</strong></span> <span class='ocrx_word' id='word_1_141' title='bbox 3213 803 3366 847; x_wconf 71' lang='lat' dir='ltr'><strong>URBIS</strong></span> <span class='ocrx_word' id='word_1_142' title='bbox 3387 802 3773 846; x_wconf 70' lang='grc' dir='ltr'><strong>τηεοιιοιιαυε</strong></span> 
     </span>
    </p>
   </div>
   <div class='ocr_carea' id='block_1_23' title="bbox 2912 882 3040 923">
    <p class='ocr_par' dir='ltr' id='par_1_23' title="bbox 2912 882 3040 923">
     <span class='ocr_line' id='line_1_23' title="bbox 2912 882 3040 923; baseline -0.039 0"><span class='ocrx_word' id='word_1_143' title='bbox 2912 882 3040 923; x_wconf 68' lang='lat' dir='ltr'><strong>REX.</strong></span> 
     </span>
    </p>
   </div>
   <div class='ocr_carea' id='block_1_24' title="bbox 2167 955 3771 1033">
    <p class='ocr_par' dir='ltr' id='par_1_24' title="bbox 2167 955 3771 1033">
     <span class='ocr_line' id='line_1_24' title="bbox 2167 955 3771 1033; baseline -0.01 -10"><span class='ocrx_word' id='word_1_144' title='bbox 2167 965 2362 1025; x_wconf 82' lang='lat' dir='ltr'><strong>Scribit</strong></span> <span class='ocrx_word' id='word_1_145' title='bbox 2385 982 2442 1021; x_wconf 79' lang='lat' dir='ltr'><strong>se</strong></span> <span class='ocrx_word' id='word_1_146' title='bbox 2467 962 2697 1018; x_wconf 78' lang='lat' dir='ltr'><strong>Paulino</strong></span> <span class='ocrx_word' id='word_1_147' title='bbox 2723 961 2943 1033; x_wconf 74' lang='lat' dir='ltr'><strong>patricio</strong></span> <span class='ocrx_word' id='word_1_148' title='bbox 2981 959 3169 1033; x_wconf 72' lang='lat' dir='ltr'><strong>horrea</strong></span> <span class='ocrx_word' id='word_1_149' title='bbox 3193 962 3445 1011; x_wconf 81' lang='lat' dir='ltr'><strong>vetustate</strong></span> <span class='ocrx_word' id='word_1_150' title='bbox 3468 955 3771 1018; x_wconf 74' lang='lat' dir='ltr'><strong>destructa,</strong></span> 
     </span>
    </p>
   </div>
   <div class='ocr_carea' id='block_1_25' title="bbox 2234 1029 3776 1104">
    <p class='ocr_par' dir='ltr' id='par_1_25' title="bbox 2234 1029 3776 1104">
     <span class='ocr_line' id='line_1_25' title="bbox 2234 1029 3776 1104; baseline -0.01 -12"><span class='ocrx_word' id='word_1_151' title='bbox 2234 1046 2290 1092; x_wconf 89' lang='lat' dir='ltr'><strong>ut</strong></span> <span class='ocrx_word' id='word_1_152' title='bbox 2318 1054 2383 1091; x_wconf 87' lang='lat' dir='ltr'><strong>ea</strong></span> <span class='ocrx_word' id='word_1_153' title='bbox 2404 1029 2790 1104; x_wconf 54' lang='lat' dir='ltr'><strong>rewdiﬁcet,&#39;et</strong></span> <span class='ocrx_word' id='word_1_154' title='bbox 2818 1031 2873 1086; x_wconf 83' lang='lat' dir='ltr'><strong>in</strong></span> <span class='ocrx_word' id='word_1_155' title='bbox 2899 1029 3138 1101; x_wconf 80' lang='lat' dir='ltr'><strong>proprios</strong></span> <span class='ocrx_word' id='word_1_156' title='bbox 3164 1044 3289 1082; x_wconf 80' lang='lat' dir='ltr'><strong>usus</strong></span> <span class='ocrx_word' id='word_1_157' title='bbox 3308 1034 3613 1091; x_wconf 78' lang='lat' dir='ltr'><strong>convertat,</strong></span> <span class='ocrx_word' id='word_1_158' title='bbox 3648 1040 3776 1079; x_wconf 55' lang='lat' dir='ltr'><strong>con-</strong></span> 
     </span>
    </p>
   </div>
   <div class='ocr_carea' id='block_1_26' title="bbox 2244 1123 2477 1163">
    <p class='ocr_par' dir='ltr' id='par_1_26' title="bbox 2244 1123 2477 1163">
     <span class='ocr_line' id='line_1_26' title="bbox 2244 1123 2477 1163; baseline -0.017 0"><span class='ocrx_word' id='word_1_159' title='bbox 2244 1123 2477 1163; x_wconf 72' lang='grc'><strong>08881888.</strong></span> 
     </span>
    </p>
   </div>
   <div class='ocr_carea' id='block_1_27' title="bbox 2238 1185 3776 1267">
    <p class='ocr_par' dir='ltr' id='par_1_27' title="bbox 2238 1185 3776 1267">
     <span class='ocr_line' id='line_1_27' title="bbox 2238 1185 3776 1267; baseline -0.008 -14"><span class='ocrx_word' id='word_1_160' title='bbox 2238 1197 2370 1266; x_wconf 83' lang='lat' dir='ltr'><strong>Quis</strong></span> <span class='ocrx_word' id='word_1_161' title='bbox 2396 1195 2605 1252; x_wconf 89' lang='lat' dir='ltr'><strong>nesciat</strong></span> <span class='ocrx_word' id='word_1_162' title='bbox 2628 1199 2872 1264; x_wconf 84' lang='lat' dir='ltr'><strong>nostrum</strong></span> <span class='ocrx_word' id='word_1_163' title='bbox 2899 1204 3021 1247; x_wconf 89' lang='lat' dir='ltr'><strong>esse</strong></span> <span class='ocrx_word' id='word_1_164' title='bbox 3045 1188 3388 1245; x_wconf 90' lang='lat' dir='ltr'><strong>commodum</strong></span> <span class='ocrx_word' id='word_1_165' title='bbox 3414 1185 3776 1267; x_wconf 80' lang='lat' dir='ltr'><strong>supplicantis</strong></span> 
     </span>
    </p>
   </div>
   <div class='ocr_carea' id='block_1_28' title="bbox 2173 1280 3777 1359">
    <p class='ocr_par' dir='ltr' id='par_1_28' title="bbox 2173 1280 3777 1359">
     <span class='ocr_line' id='line_1_28' title="bbox 2173 1280 3777 1359; baseline -0.008 -13"><span class='ocrx_word' id='word_1_166' title='bbox 2173 1289 2243 1346; x_wconf 90' lang='lat' dir='ltr'><strong>ad</strong></span> <span class='ocrx_word' id='word_1_167' title='bbox 2290 1295 2588 1359; x_wconf 83' lang='lat' dir='ltr'><strong>quaestum,</strong></span> <span class='ocrx_word' id='word_1_168' title='bbox 2630 1293 2686 1341; x_wconf 87' lang='lat' dir='ltr'><strong>et</strong></span> <span class='ocrx_word' id='word_1_169' title='bbox 2733 1283 2866 1339; x_wconf 89' lang='lat' dir='ltr'><strong>illud</strong></span> <span class='ocrx_word' id='word_1_170' title='bbox 2908 1282 3068 1339; x_wconf 89' lang='lat' dir='ltr'><strong>bonis</strong></span> <span class='ocrx_word' id='word_1_171' title='bbox 3119 1280 3451 1353; x_wconf 89' lang='lat' dir='ltr'><strong>principibus</strong></span> <span class='ocrx_word' id='word_1_172' title='bbox 3484 1292 3777 1357; x_wconf 84' lang='lat' dir='ltr'><strong>crescere,</strong></span> 
     </span>
    </p>
   </div>
   <div class='ocr_carea' id='block_1_29' title="bbox 2173 1370 3777 1453">
    <p class='ocr_par' dir='ltr' id='par_1_29' title="bbox 2173 1370 3777 1453">
     <span class='ocr_line' id='line_1_29' title="bbox 2173 1370 3777 1453; baseline -0.007 -17"><span class='ocrx_word' id='word_1_173' title='bbox 2173 1379 2320 1453; x_wconf 89' lang='lat' dir='ltr'><strong>quod</strong></span> <span class='ocrx_word' id='word_1_174' title='bbox 2348 1379 2579 1448; x_wconf 88' lang='lat' dir='ltr'><strong>benigna</strong></span> <span class='ocrx_word' id='word_1_175' title='bbox 2624 1381 2853 1448; x_wconf 91' lang='lat' dir='ltr'><strong>possunt</strong></span> <span class='ocrx_word' id='word_1_176' title='bbox 2878 1373 3130 1445; x_wconf 81' lang='lat' dir='ltr'><strong>largitate</strong></span> <span class='ocrx_word' id='word_1_177' title='bbox 3170 1372 3463 1444; x_wconf 58' lang='lat' dir='ltr'><strong>praestare?</strong></span> <span class='ocrx_word' id='word_1_178' title='bbox 3505 1370 3628 1427; x_wconf 81' lang='lat' dir='ltr'><strong>Hoc</strong></span> <span class='ocrx_word' id='word_1_179' title='bbox 3655 1378 3777 1426; x_wconf 90' lang='lat' dir='ltr'><strong>sunt</strong></span> 
     </span>
    </p>
   </div>
   <div class='ocr_carea' id='block_1_30' title="bbox 2172 1464 3777 1543">
    <p class='ocr_par' dir='ltr' id='par_1_30' title="bbox 2172 1464 3777 1543">
     <span class='ocr_line' id='line_1_30' title="bbox 2172 1464 3777 1543; baseline -0.007 -14"><span class='ocrx_word' id='word_1_180' title='bbox 2172 1472 2318 1530; x_wconf 90' lang='lat' dir='ltr'><strong>enim</strong></span> <span class='ocrx_word' id='word_1_181' title='bbox 2347 1471 2496 1543; x_wconf 88' lang='lat' dir='ltr'><strong>regia</strong></span> <span class='ocrx_word' id='word_1_182' title='bbox 2543 1470 2714 1537; x_wconf 92' lang='lat' dir='ltr'><strong>dona,</strong></span> <span class='ocrx_word' id='word_1_183' title='bbox 2745 1467 2893 1539; x_wconf 91' lang='lat' dir='ltr'><strong>quod</strong></span> <span class='ocrx_word' id='word_1_184' title='bbox 2918 1467 3125 1523; x_wconf 87' lang='lat' dir='ltr'><strong>semina</strong></span> <span class='ocrx_word' id='word_1_185' title='bbox 3151 1482 3165 1520; x_wconf 92' lang='lat'><strong>:</strong></span> <span class='ocrx_word' id='word_1_186' title='bbox 3198 1479 3413 1536; x_wconf 89' lang='lat' dir='ltr'><strong>sparsa,</strong></span> <span class='ocrx_word' id='word_1_187' title='bbox 3440 1464 3498 1520; x_wconf 93' lang='lat' dir='ltr'><strong>in</strong></span> <span class='ocrx_word' id='word_1_188' title='bbox 3536 1470 3777 1534; x_wconf 75' lang='lat' dir='ltr'><strong>segetem</strong></span> 
     </span>
    </p>
   </div>
   <div class='ocr_carea' id='block_1_31' title="bbox 2174 1553 3778 1629">
    <p class='ocr_par' dir='ltr' id='par_1_31' title="bbox 2174 1553 3778 1629">
     <span class='ocr_line' id='line_1_31' title="bbox 2174 1553 3778 1629; baseline -0.005 -9"><span class='ocrx_word' id='word_1_189' title='bbox 2174 1563 2523 1629; x_wconf 89' lang='lat' dir='ltr'><strong>coalescunt;</strong></span> <span class='ocrx_word' id='word_1_190' title='bbox 2567 1561 2626 1616; x_wconf 90' lang='lat' dir='ltr'><strong>in</strong></span> <span class='ocrx_word' id='word_1_191' title='bbox 2667 1575 2832 1616; x_wconf 87' lang='lat' dir='ltr'><strong>unum</strong></span> <span class='ocrx_word' id='word_1_192' title='bbox 2879 1566 3097 1625; x_wconf 91' lang='lat' dir='ltr'><strong>coacta,</strong></span> <span class='ocrx_word' id='word_1_193' title='bbox 3140 1558 3463 1629; x_wconf 89' lang='lat' dir='ltr'><strong>depereunt.</strong></span> <span class='ocrx_word' id='word_1_194' title='bbox 3513 1553 3778 1627; x_wconf 82' lang='lat' dir='ltr'><strong>Optamus</strong></span> 
     </span>
    </p>
   </div>
   <div class='ocr_carea' id='block_1_32' title="bbox 2172 1647 3777 1726">
    <p class='ocr_par' dir='ltr' id='par_1_32' title="bbox 2172 1647 3777 1726">
     <span class='ocr_line' id='line_1_32' title="bbox 2172 1647 3777 1726; baseline -0.006 -14"><span class='ocrx_word' id='word_1_195' title='bbox 2172 1670 2303 1726; x_wconf 89' lang='lat' dir='ltr'><strong>ergo</strong></span> <span class='ocrx_word' id='word_1_196' title='bbox 2333 1670 2559 1711; x_wconf 89' lang='lat' dir='ltr'><strong>munera</strong></span> <span class='ocrx_word' id='word_1_197' title='bbox 2587 1653 2773 1710; x_wconf 90' lang='lat' dir='ltr'><strong>multis</strong></span> <span class='ocrx_word' id='word_1_198' title='bbox 2800 1652 2999 1710; x_wconf 91' lang='lat' dir='ltr'><strong>collata</strong></span> <span class='ocrx_word' id='word_1_199' title='bbox 3024 1650 3283 1714; x_wconf 82' lang='lat' dir='ltr'><strong>dividere,</strong></span> <span class='ocrx_word' id='word_1_200' title='bbox 3316 1657 3376 1704; x_wconf 92' lang='lat' dir='ltr'><strong>ut</strong></span> <span class='ocrx_word' id='word_1_201' title='bbox 3416 1647 3634 1719; x_wconf 90' lang='lat' dir='ltr'><strong>possint</strong></span> <span class='ocrx_word' id='word_1_202' title='bbox 3659 1647 3777 1703; x_wconf 89' lang='lat' dir='ltr'><strong>ubi-</strong></span> 
     </span>
    </p>
   </div>
   <div class='ocr_carea' id='block_1_33' title="bbox 476 1737 3775 1847">
    <p class='ocr_par' dir='ltr' id='par_1_33' title="bbox 476 1737 3775 1847">
     <span class='ocr_line' id='line_1_33' title="bbox 476 1737 3775 1847; baseline -0.01 -24"><span class='ocrx_word' id='word_1_203' title='bbox 476 1737 730 1836; x_wconf 75' lang='lat' dir='ltr'><strong>elidatur,</strong></span> <span class='ocrx_word' id='word_1_204' title='bbox 759 1776 816 1824; x_wconf 93' lang='lat' dir='ltr'><strong>et</strong></span> <span class='ocrx_word' id='word_1_205' title='bbox 839 1767 906 1823; x_wconf 92' lang='lat' dir='ltr'><strong>de</strong></span> <span class='ocrx_word' id='word_1_206' title='bbox 932 1784 993 1824; x_wconf 91' lang='lat' dir='ltr'><strong>se</strong></span> <span class='ocrx_word' id='word_1_207' title='bbox 1017 1769 1191 1840; x_wconf 86' lang='lat' dir='ltr'><strong>magis</strong></span> <span class='ocrx_word' id='word_1_208' title='bbox 1218 1777 1397 1824; x_wconf 88' lang='lat' dir='ltr'><strong>sumat</strong></span> <span class='ocrx_word' id='word_1_209' title='bbox 1418 1784 1607 1839; x_wconf 75' lang='lat' dir='ltr'><strong>pmnas</strong></span> <span class='ocrx_word' id='word_1_210' title='bbox 1628 1768 1922 1840; x_wconf 87' lang='lat' dir='ltr'><strong>protervia,</strong></span> <span class='ocrx_word' id='word_1_211' title='bbox 1939 1768 2069 1821; x_wconf 88' lang='lat' dir='ltr'><strong>dum</strong></span> <span class='ocrx_word' id='word_1_212' title='bbox 2098 1785 2148 1847; x_wconf 79' lang='grc' dir='ltr'><strong>Β</strong></span> <span class='ocrx_word' id='word_1_213' title='bbox 2174 1761 2281 1817; x_wconf 72' lang='lat' dir='ltr'><strong>que</strong></span> <span class='ocrx_word' id='word_1_214' title='bbox 2308 1740 3095 1847; x_wconf 29' lang='lat' dir='ltr'><strong>llgsil’ebfineﬁ-claPullulat?</strong></span> <span class='ocrx_word' id='word_1_215' title='bbox 3121 1739 3297 1847; x_wconf 72' lang='lat' dir='ltr'><strong>Atque</strong></span> <span class='ocrx_word' id='word_1_216' title='bbox 3325 1737 3775 1847; x_wconf 41' lang='lat' dir='ltr'><strong>ideo&#39;illustris‘et</strong></span> 
     </span>
    </p>
   </div>
   <div class='ocr_carea' id='block_1_34' title="bbox 475 1860 2072 1933">
    <p class='ocr_par' dir='ltr' id='par_1_34' title="bbox 475 1860 2072 1933">
     <span class='ocr_line' id='line_1_34' title="bbox 475 1860 2072 1933; baseline -0.002 -16"><span class='ocrx_word' id='word_1_217' title='bbox 475 1860 760 1917; x_wconf 86' lang='lat' dir='ltr'><strong>cohibetur</strong></span> <span class='ocrx_word' id='word_1_218' title='bbox 787 1860 1028 1918; x_wconf 79' lang='lat' dir='ltr'><strong>innoxia.</strong></span> <span class='ocrx_word' id='word_1_219' title='bbox 1054 1861 1267 1919; x_wconf 90' lang='lat' dir='ltr'><strong>Tandiu</strong></span> <span class='ocrx_word' id='word_1_220' title='bbox 1293 1863 1437 1919; x_wconf 91' lang='lat' dir='ltr'><strong>enim</strong></span> <span class='ocrx_word' id='word_1_221' title='bbox 1458 1862 1630 1933; x_wconf 81' lang='lat' dir='ltr'><strong>iudex</strong></span> <span class='ocrx_word' id='word_1_222' title='bbox 1659 1861 1874 1929; x_wconf 91' lang='lat' dir='ltr'><strong>dicitur,</strong></span> <span class='ocrx_word' id='word_1_223' title='bbox 1899 1875 2072 1930; x_wconf 82' lang='lat' dir='ltr'><strong>quan-</strong></span> 
     </span>
    </p>
   </div>
   <div class='ocr_carea' id='block_1_35' title="bbox 474 1949 2073 2025">
    <p class='ocr_par' dir='ltr' id='par_1_35' title="bbox 474 1949 2073 2025">
     <span class='ocr_line' id='line_1_35' title="bbox 474 1949 2073 2025; baseline 0.001 -18"><span class='ocrx_word' id='word_1_224' title='bbox 474 1949 571 2007; x_wconf 87' lang='lat' dir='ltr'><strong>diu</strong></span> <span class='ocrx_word' id='word_1_225' title='bbox 597 1960 654 2007; x_wconf 88' lang='lat' dir='ltr'><strong>et</strong></span> <span class='ocrx_word' id='word_1_226' title='bbox 674 1950 853 2020; x_wconf 86' lang='lat' dir='ltr'><strong>justus</strong></span> <span class='ocrx_word' id='word_1_227' title='bbox 881 1960 1134 2025; x_wconf 89' lang='lat' dir='ltr'><strong>putatur:</strong></span> <span class='ocrx_word' id='word_1_228' title='bbox 1167 1953 1297 2025; x_wconf 89' lang='lat' dir='ltr'><strong>quia</strong></span> <span class='ocrx_word' id='word_1_229' title='bbox 1324 1968 1525 2009; x_wconf 90' lang='lat' dir='ltr'><strong>nomen</strong></span> <span class='ocrx_word' id='word_1_230' title='bbox 1554 1953 1699 2022; x_wconf 89' lang='lat' dir='ltr'><strong>quod</strong></span> <span class='ocrx_word' id='word_1_231' title='bbox 1726 1953 1794 2008; x_wconf 91' lang='lat' dir='ltr'><strong>ab</strong></span> <span class='ocrx_word' id='word_1_232' title='bbox 1819 1952 2073 2021; x_wconf 83' lang='lat' dir='ltr'><strong>aequitate</strong></span> 
     </span>
    </p>
   </div>
   <div class='ocr_carea' id='block_1_36' title="bbox 473 2042 2073 2115">
    <p class='ocr_par' dir='ltr' id='par_1_36' title="bbox 473 2042 2073 2115">
     <span class='ocr_line' id='line_1_36' title="bbox 473 2042 2073 2115; baseline 0.003 -19"><span class='ocrx_word' id='word_1_233' title='bbox 473 2042 725 2109; x_wconf 87' lang='lat' dir='ltr'><strong>sumitur,</strong></span> <span class='ocrx_word' id='word_1_234' title='bbox 759 2058 858 2115; x_wconf 92' lang='lat' dir='ltr'><strong>per</strong></span> <span class='ocrx_word' id='word_1_235' title='bbox 886 2044 1196 2115; x_wconf 88' lang='lat' dir='ltr'><strong>superbiam</strong></span> <span class='ocrx_word' id='word_1_236' title='bbox 1246 2060 1356 2101; x_wconf 93' lang='lat' dir='ltr'><strong>non</strong></span> <span class='ocrx_word' id='word_1_237' title='bbox 1396 2053 1635 2101; x_wconf 91' lang='lat' dir='ltr'><strong>tenetur.</strong></span> <span class='ocrx_word' id='word_1_238' title='bbox 1696 2043 1888 2099; x_wconf 87' lang='lat' dir='ltr'><strong>Restat</strong></span> <span class='ocrx_word' id='word_1_239' title='bbox 1926 2058 2073 2100; x_wconf 89' lang='lat' dir='ltr'><strong>nunc</strong></span> 
     </span>
    </p>
   </div>
   <div class='ocr_carea' id='block_1_37' title="bbox 472 2134 2072 2206">
    <p class='ocr_par' dir='ltr' id='par_1_37' title="bbox 472 2134 2072 2206">
     <span class='ocr_line' id='line_1_37' title="bbox 472 2134 2072 2206; baseline 0.002 -18"><span class='ocrx_word' id='word_1_240' title='bbox 472 2140 539 2188; x_wconf 90' lang='lat' dir='ltr'><strong>ut</strong></span> <span class='ocrx_word' id='word_1_241' title='bbox 564 2143 907 2204; x_wconf 88' lang='lat' dir='ltr'><strong>assumptum</strong></span> <span class='ocrx_word' id='word_1_242' title='bbox 947 2136 1175 2206; x_wconf 89' lang='lat' dir='ltr'><strong>impleas</strong></span> <span class='ocrx_word' id='word_1_243' title='bbox 1200 2136 1603 2192; x_wconf 89' lang='lat' dir='ltr'><strong>consularitatis</strong></span> <span class='ocrx_word' id='word_1_244' title='bbox 1630 2134 1890 2200; x_wconf 75' lang='lat' dir='ltr'><strong>cilicium,</strong></span> <span class='ocrx_word' id='word_1_245' title='bbox 1923 2143 1979 2190; x_wconf 92' lang='lat' dir='ltr'><strong>et</strong></span> <span class='ocrx_word' id='word_1_246' title='bbox 2016 2144 2072 2191; x_wconf 89' lang='lat' dir='ltr'><strong>te</strong></span> 
     </span>
    </p>
   </div>
   <div class='ocr_carea' id='block_1_38' title="bbox 472 2226 2072 2298">
    <p class='ocr_par' dir='ltr' id='par_1_38' title="bbox 472 2226 2072 2298">
     <span class='ocr_line' id='line_1_38' title="bbox 472 2226 2072 2298; baseline 0.001 -18"><span class='ocrx_word' id='word_1_247' title='bbox 472 2226 585 2297; x_wconf 64' lang='grc'><strong>49</strong></span> <span class='ocrx_word' id='word_1_248' title='bbox 610 2227 934 2283; x_wconf 90' lang='lat' dir='ltr'><strong>utilitatibus</strong></span> <span class='ocrx_word' id='word_1_249' title='bbox 960 2228 1214 2298; x_wconf 85' lang='lat' dir='ltr'><strong>publicis,</strong></span> <span class='ocrx_word' id='word_1_250' title='bbox 1243 2243 1380 2298; x_wconf 92' lang='lat' dir='ltr'><strong>quas</strong></span> <span class='ocrx_word' id='word_1_251' title='bbox 1408 2230 1583 2297; x_wconf 89' lang='lat' dir='ltr'><strong>egisse</strong></span> <span class='ocrx_word' id='word_1_252' title='bbox 1611 2234 1735 2284; x_wconf 90' lang='lat' dir='ltr'><strong>tuos</strong></span> <span class='ocrx_word' id='word_1_253' title='bbox 1762 2226 2072 2284; x_wconf 88' lang='lat' dir='ltr'><strong>constiterit</strong></span> 
     </span>
    </p>
   </div>
   <div class='ocr_carea' id='block_1_39' title="bbox 476 2314 2072 2389">
    <p class='ocr_par' dir='ltr' id='par_1_39' title="bbox 476 2314 2072 2389">
     <span class='ocr_line' id='line_1_39' title="bbox 476 2314 2072 2389; baseline 0.001 -18"><span class='ocrx_word' id='word_1_254' title='bbox 476 2314 821 2385; x_wconf 88' lang='lat' dir='ltr'><strong>decessores,</strong></span> <span class='ocrx_word' id='word_1_255' title='bbox 846 2316 1069 2373; x_wconf 85' lang='lat' dir='ltr'><strong>sedulus</strong></span> <span class='ocrx_word' id='word_1_256' title='bbox 1097 2332 1162 2372; x_wconf 91' lang='lat' dir='ltr'><strong>ac</strong></span> <span class='ocrx_word' id='word_1_257' title='bbox 1185 2318 1416 2374; x_wconf 86' lang='lat' dir='ltr'><strong>devotus</strong></span> <span class='ocrx_word' id='word_1_258' title='bbox 1442 2318 1756 2389; x_wconf 88' lang='lat' dir='ltr'><strong>impendas;</strong></span> <span class='ocrx_word' id='word_1_259' title='bbox 1782 2326 2072 2389; x_wconf 86' lang='lat' dir='ltr'><strong>quantum-</strong></span> 
     </span>
    </p>
   </div>
   <div class='ocr_carea' id='block_1_40' title="bbox 472 2409 2073 2482">
    <p class='ocr_par' dir='ltr' id='par_1_40' title="bbox 472 2409 2073 2482">
     <span class='ocr_line' id='line_1_40' title="bbox 472 2409 2073 2482; baseline 0.002 -20"><span class='ocrx_word' id='word_1_260' title='bbox 472 2421 584 2478; x_wconf 89' lang='lat' dir='ltr'><strong>que</strong></span> <span class='ocrx_word' id='word_1_261' title='bbox 609 2423 641 2463; x_wconf 93' lang='lat' dir='ltr'><strong>a</strong></span> <span class='ocrx_word' id='word_1_262' title='bbox 670 2409 828 2465; x_wconf 91' lang='lat' dir='ltr'><strong>nobis</strong></span> <span class='ocrx_word' id='word_1_263' title='bbox 854 2410 1190 2481; x_wconf 89' lang='lat' dir='ltr'><strong>protegeris,</strong></span> <span class='ocrx_word' id='word_1_264' title='bbox 1229 2418 1440 2467; x_wconf 90' lang='lat' dir='ltr'><strong>tantum</strong></span> <span class='ocrx_word' id='word_1_265' title='bbox 1468 2409 1747 2467; x_wconf 63' lang='lat' dir='ltr'><strong>modestiae</strong></span> <span class='ocrx_word' id='word_1_266' title='bbox 1774 2425 1967 2482; x_wconf 86' lang='lat' dir='ltr'><strong>parere</strong></span> <span class='ocrx_word' id='word_1_267' title='bbox 1993 2410 2073 2466; x_wconf 89' lang='lat' dir='ltr'><strong>le-</strong></span> 
     </span>
    </p>
   </div>
   <div class='ocr_carea' id='block_1_41' title="bbox 472 2501 2071 2576">
    <p class='ocr_par' dir='ltr' id='par_1_41' title="bbox 472 2501 2071 2576">
     <span class='ocr_line' id='line_1_41' title="bbox 472 2501 2071 2576; baseline 0 -16"><span class='ocrx_word' id='word_1_268' title='bbox 472 2501 668 2560; x_wconf 89' lang='lat' dir='ltr'><strong>stines.</strong></span> <span class='ocrx_word' id='word_1_269' title='bbox 699 2501 833 2557; x_wconf 82' lang='lat' dir='ltr'><strong>Nam</strong></span> <span class='ocrx_word' id='word_1_270' title='bbox 854 2503 900 2558; x_wconf 93' lang='lat' dir='ltr'><strong>si</strong></span> <span class='ocrx_word' id='word_1_271' title='bbox 924 2504 1125 2574; x_wconf 91' lang='lat' dir='ltr'><strong>gaudio</strong></span> <span class='ocrx_word' id='word_1_272' title='bbox 1154 2504 1468 2576; x_wconf 81' lang='lat' dir='ltr'><strong>perfrueris,</strong></span> <span class='ocrx_word' id='word_1_273' title='bbox 1496 2503 1643 2574; x_wconf 90' lang='lat' dir='ltr'><strong>quod</strong></span> <span class='ocrx_word' id='word_1_274' title='bbox 1670 2520 1702 2560; x_wconf 89' lang='lat' dir='ltr'><strong>a</strong></span> <span class='ocrx_word' id='word_1_275' title='bbox 1730 2504 1951 2560; x_wconf 73' lang='lat' dir='ltr'><strong>ltesione</strong></span> <span class='ocrx_word' id='word_1_276' title='bbox 1981 2512 2071 2560; x_wconf 91' lang='lat' dir='ltr'><strong>tua</strong></span> 
     </span>
    </p>
   </div>
   <div class='ocr_carea' id='block_1_42' title="bbox 472 2594 2071 2667">
    <p class='ocr_par' dir='ltr' id='par_1_42' title="bbox 472 2594 2071 2667">
     <span class='ocr_line' id='line_1_42' title="bbox 472 2594 2071 2667; baseline 0.003 -18"><span class='ocrx_word' id='word_1_277' title='bbox 472 2594 759 2665; x_wconf 82' lang='lat' dir='ltr'><strong>praefectos</strong></span> <span class='ocrx_word' id='word_1_278' title='bbox 784 2597 1024 2667; x_wconf 83' lang='lat' dir='ltr'><strong>praetorii</strong></span> <span class='ocrx_word' id='word_1_279' title='bbox 1052 2604 1295 2653; x_wconf 83' lang='lat' dir='ltr'><strong>remotos</strong></span> <span class='ocrx_word' id='word_1_280' title='bbox 1338 2612 1459 2653; x_wconf 88' lang='lat' dir='ltr'><strong>esse</strong></span> <span class='ocrx_word' id='word_1_281' title='bbox 1499 2597 1816 2667; x_wconf 78' lang='lat' dir='ltr'><strong>cognoscis,</strong></span> <span class='ocrx_word' id='word_1_282' title='bbox 1848 2596 1941 2666; x_wconf 89' lang='lat' dir='ltr'><strong>qui</strong></span> <span class='ocrx_word' id='word_1_283' title='bbox 1971 2597 2071 2653; x_wconf 93' lang='lat' dir='ltr'><strong>sub</strong></span> 
     </span>
    </p>
   </div>
   <div class='ocr_carea' id='block_1_43' title="bbox 472 2686 2069 2763">
    <p class='ocr_par' dir='ltr' id='par_1_43' title="bbox 472 2686 2069 2763">
     <span class='ocr_line' id='line_1_43' title="bbox 472 2686 2069 2763; baseline 0.002 -20"><span class='ocrx_word' id='word_1_284' title='bbox 472 2687 566 2744; x_wconf 89' lang='lat' dir='ltr'><strong>illo</strong></span> <span class='ocrx_word' id='word_1_285' title='bbox 591 2704 712 2746; x_wconf 89' lang='lat' dir='ltr'><strong>esse</strong></span> <span class='ocrx_word' id='word_1_286' title='bbox 730 2690 1080 2758; x_wconf 87' lang='lat' dir='ltr'><strong>monstraris;</strong></span> <span class='ocrx_word' id='word_1_287' title='bbox 1110 2691 1241 2761; x_wconf 91' lang='lat' dir='ltr'><strong>quid</strong></span> <span class='ocrx_word' id='word_1_288' title='bbox 1270 2700 1324 2748; x_wconf 89' lang='lat' dir='ltr'><strong>te</strong></span> <span class='ocrx_word' id='word_1_289' title='bbox 1348 2692 1490 2748; x_wconf 88' lang='lat' dir='ltr'><strong>male</strong></span> <span class='ocrx_word' id='word_1_290' title='bbox 1510 2686 1762 2762; x_wconf 82' lang='lat' dir='ltr'><strong>agentem</strong></span> <span class='ocrx_word' id='word_1_291' title='bbox 1782 2705 2069 2763; x_wconf 84' lang='lat' dir='ltr'><strong>passurum</strong></span> 
     </span>
    </p>
   </div>
   <div class='ocr_carea' id='block_1_44' title="bbox 472 2785 1275 2853">
    <p class='ocr_par' dir='ltr' id='par_1_44' title="bbox 472 2785 1275 2853">
     <span class='ocr_line' id='line_1_44' title="bbox 472 2785 1275 2853; baseline 0 -15"><span class='ocrx_word' id='word_1_292' title='bbox 472 2793 595 2839; x_wconf 82' lang='lat' dir='ltr'><strong>esse</strong></span> <span class='ocrx_word' id='word_1_293' title='bbox 616 2785 903 2853; x_wconf 87' lang='lat' dir='ltr'><strong>cognoscis</strong></span> <span class='ocrx_word' id='word_1_294' title='bbox 924 2786 949 2839; x_wconf 85' lang='lat'><strong>?</strong></span> <span class='ocrx_word' id='word_1_295' title='bbox 1272 2786 1275 2787; x_wconf 67' lang='grc'><strong><em>⁷</em></strong></span> 
     </span>
    </p>
   </div>
   <div class='ocr_carea' id='block_1_45' title="bbox 976 2906 1583 3000">
    <p class='ocr_par' dir='ltr' id='par_1_45' title="bbox 976 2906 1583 3000">
     <span class='ocr_line' id='line_1_45' title="bbox 976 2906 1583 3000; baseline 0 -3"><span class='ocrx_word' id='word_1_296' title='bbox 976 2906 1308 3000; x_wconf 79' lang='lat' dir='ltr'><strong>EPISTOLA</strong></span> <span class='ocrx_word' id='word_1_297' title='bbox 1346 2940 1583 2998; x_wconf 84' lang='lat' dir='ltr'><strong>xxvm.</strong></span> 
     </span>
    </p>
   </div>
   <div class='ocr_carea' id='block_1_46' title="bbox 505 3044 2033 3101">
    <p class='ocr_par' dir='ltr' id='par_1_46' title="bbox 505 3044 2033 3101">
     <span class='ocr_line' id='line_1_46' title="bbox 505 3044 2033 3101; baseline 0 -14"><span class='ocrx_word' id='word_1_298' title='bbox 505 3044 820 3089; x_wconf 71' lang='lat' dir='ltr'><strong>CASSIODORO</strong></span> <span class='ocrx_word' id='word_1_299' title='bbox 856 3045 981 3088; x_wconf 74' lang='grc' dir='ltr'><strong>νηιο</strong></span> <span class='ocrx_word' id='word_1_300' title='bbox 1012 3048 1293 3101; x_wconf 67' lang='grc' dir='ltr'><strong>ιιιῠετιιι,</strong></span> <span class='ocrx_word' id='word_1_301' title='bbox 1335 3046 1616 3099; x_wconf 70' lang='grc' dir='ltr'><strong>ΡΑτιιιαῐο,</strong></span> <span class='ocrx_word' id='word_1_302' title='bbox 1664 3044 2033 3088; x_wconf 68' lang='lat' dir='ltr'><strong>THEODORICUS</strong></span> 
     </span>
    </p>
   </div>
   <div class='ocr_carea' id='block_1_47' title="bbox 1206 3120 1333 3159">
    <p class='ocr_par' dir='ltr' id='par_1_47' title="bbox 1206 3120 1333 3159">
     <span class='ocr_line' id='line_1_47' title="bbox 1206 3120 1333 3159; baseline 0 0"><span class='ocrx_word' id='word_1_303' title='bbox 1206 3120 1333 3159; x_wconf 74' lang='lat' dir='ltr'><strong>REX.</strong></span> 
     </span>
    </p>
   </div>
   <div class='ocr_carea' id='block_1_48' title="bbox 2172 1830 3777 1907">
    <p class='ocr_par' dir='ltr' id='par_1_48' title="bbox 2172 1830 3777 1907">
     <span class='ocr_line' id='line_1_48' title="bbox 2172 1830 3777 1907; baseline -0.005 -14"><span class='ocrx_word' id='word_1_304' title='bbox 2172 1837 2440 1907; x_wconf 82' lang='lat' dir='ltr'><strong>magniﬁci</strong></span> <span class='ocrx_word' id='word_1_305' title='bbox 2467 1836 2569 1891; x_wconf 89' lang='lat' dir='ltr'><strong>viri</strong></span> <span class='ocrx_word' id='word_1_306' title='bbox 2617 1835 2831 1907; x_wconf 86' lang='lat' dir='ltr'><strong>patricii</strong></span> <span class='ocrx_word' id='word_1_307' title='bbox 2868 1832 3081 1888; x_wconf 88' lang='lat' dir='ltr'><strong>Paulini</strong></span> <span class='ocrx_word' id='word_1_308' title='bbox 3119 1840 3362 1887; x_wconf 86' lang='lat' dir='ltr'><strong>actorum</strong></span> <span class='ocrx_word' id='word_1_309' title='bbox 3394 1830 3538 1905; x_wconf 85' lang='lat' dir='ltr'><strong>[alii,</strong></span> <span class='ocrx_word' id='word_1_310' title='bbox 3586 1837 3777 1886; x_wconf 92' lang='lat' dir='ltr'><strong>aucto-</strong></span> 
     </span>
    </p>
   </div>
   <div class='ocr_carea' id='block_1_49' title="bbox 2169 1923 3776 1997">
    <p class='ocr_par' dir='ltr' id='par_1_49' title="bbox 2169 1923 3776 1997">
     <span class='ocr_line' id='line_1_49' title="bbox 2169 1923 3776 1997; baseline -0.006 -12"><span class='ocrx_word' id='word_1_311' title='bbox 2169 1945 2321 1997; x_wconf 90' lang='lat' dir='ltr'><strong>rum,</strong></span> <span class='ocrx_word' id='word_1_312' title='bbox 2365 1928 2490 1996; x_wconf 83' lang='lat' dir='ltr'><strong>alii,</strong></span> <span class='ocrx_word' id='word_1_313' title='bbox 2529 1942 2594 1983; x_wconf 90' lang='lat' dir='ltr'><strong>ac</strong></span> <span class='ocrx_word' id='word_1_314' title='bbox 2639 1923 2851 1997; x_wconf 91' lang='lat' dir='ltr'><strong>eorum]</strong></span> <span class='ocrx_word' id='word_1_315' title='bbox 2899 1924 3289 1996; x_wconf 87' lang='lat' dir='ltr'><strong>supplicatione</strong></span> <span class='ocrx_word' id='word_1_316' title='bbox 3337 1930 3627 1993; x_wconf 89' lang='lat' dir='ltr'><strong>suscepta,</strong></span> <span class='ocrx_word' id='word_1_317' title='bbox 3661 1936 3776 1990; x_wconf 81' lang='lat' dir='ltr'><strong>qua:</strong></span> 
     </span>
    </p>
   </div>
   <div class='ocr_carea' id='block_1_50' title="bbox 2172 2016 3777 2089">
    <p class='ocr_par' dir='ltr' id='par_1_50' title="bbox 2172 2016 3777 2089">
     <span class='ocr_line' id='line_1_50' title="bbox 2172 2016 3777 2089; baseline -0.006 -10"><span class='ocrx_word' id='word_1_318' title='bbox 2172 2024 2440 2079; x_wconf 88' lang='lat' dir='ltr'><strong>habentur</strong></span> <span class='ocrx_word' id='word_1_319' title='bbox 2474 2022 2527 2077; x_wconf 93' lang='lat' dir='ltr'><strong>in</strong></span> <span class='ocrx_word' id='word_1_320' title='bbox 2556 2019 2784 2077; x_wconf 89' lang='lat' dir='ltr'><strong>subditis</strong></span> <span class='ocrx_word' id='word_1_321' title='bbox 2810 2019 3007 2075; x_wconf 92' lang='lat' dir='ltr'><strong>horrea</strong></span> <span class='ocrx_word' id='word_1_322' title='bbox 3032 2018 3179 2089; x_wconf 91' lang='lat' dir='ltr'><strong>longi</strong></span> <span class='ocrx_word' id='word_1_323' title='bbox 3217 2016 3478 2087; x_wconf 90' lang='lat' dir='ltr'><strong>temporis</strong></span> <span class='ocrx_word' id='word_1_324' title='bbox 3505 2022 3777 2072; x_wconf 79' lang='lat' dir='ltr'><strong>vetustate</strong></span> 
     </span>
    </p>
   </div>
   <div class='ocr_carea' id='block_1_51' title="bbox 2169 2110 3774 2187">
    <p class='ocr_par' dir='ltr' id='par_1_51' title="bbox 2169 2110 3774 2187">
     <span class='ocr_line' id='line_1_51' title="bbox 2169 2110 3774 2187; baseline -0.006 -15"><span class='ocrx_word' id='word_1_325' title='bbox 2169 2116 2448 2172; x_wconf 90' lang='lat' dir='ltr'><strong>destructa</strong></span> <span class='ocrx_word' id='word_1_326' title='bbox 2484 2114 2705 2187; x_wconf 86' lang='lat' dir='ltr'><strong>(quibus</strong></span> <span class='ocrx_word' id='word_1_327' title='bbox 2750 2112 2882 2169; x_wconf 91' lang='lat' dir='ltr'><strong>illud</strong></span> <span class='ocrx_word' id='word_1_328' title='bbox 2910 2118 3075 2184; x_wconf 88' lang='lat' dir='ltr'><strong>atque</strong></span> <span class='ocrx_word' id='word_1_329' title='bbox 3103 2111 3235 2168; x_wconf 89' lang='lat' dir='ltr'><strong>illud</strong></span> <span class='ocrx_word' id='word_1_330' title='bbox 3261 2110 3588 2167; x_wconf 67' lang='lat' dir='ltr'><strong>vocabula!)</strong></span> <span class='ocrx_word' id='word_1_331' title='bbox 3639 2122 3774 2179; x_wconf 76' lang='lat' dir='ltr'><strong>prte-</strong></span> 
     </span>
    </p>
   </div>
   <div class='ocr_carea' id='block_1_52' title="bbox 2171 2203 3778 2279">
    <p class='ocr_par' dir='ltr' id='par_1_52' title="bbox 2171 2203 3778 2279">
     <span class='ocr_line' id='line_1_52' title="bbox 2171 2203 3778 2279; baseline -0.003 -15"><span class='ocrx_word' id='word_1_332' title='bbox 2171 2209 2286 2264; x_wconf 81' lang='lat' dir='ltr'><strong>tixit</strong></span> <span class='ocrx_word' id='word_1_333' title='bbox 2312 2207 2649 2279; x_wconf 88' lang='lat' dir='ltr'><strong>antiquitas),</strong></span> <span class='ocrx_word' id='word_1_334' title='bbox 2692 2206 2738 2263; x_wconf 90' lang='lat' dir='ltr'><strong>si</strong></span> <span class='ocrx_word' id='word_1_335' title='bbox 2767 2222 2910 2263; x_wconf 89' lang='lat' dir='ltr'><strong>nunc</strong></span> <span class='ocrx_word' id='word_1_336' title='bbox 2939 2206 3056 2262; x_wconf 92' lang='lat' dir='ltr'><strong>usui</strong></span> <span class='ocrx_word' id='word_1_337' title='bbox 3084 2204 3301 2277; x_wconf 91' lang='lat' dir='ltr'><strong>publico</strong></span> <span class='ocrx_word' id='word_1_338' title='bbox 3328 2203 3555 2259; x_wconf 89' lang='lat' dir='ltr'><strong>minime</strong></span> <span class='ocrx_word' id='word_1_339' title='bbox 3593 2217 3778 2259; x_wconf 79' lang='lat' dir='ltr'><strong>neces-</strong></span> 
     </span>
    </p>
   </div>
   <div class='ocr_carea' id='block_1_53' title="bbox 2172 2293 3777 2368">
    <p class='ocr_par' dir='ltr' id='par_1_53' title="bbox 2172 2293 3777 2368">
     <span class='ocr_line' id='line_1_53' title="bbox 2172 2293 3777 2368; baseline -0.003 -13"><span class='ocrx_word' id='word_1_340' title='bbox 2172 2299 2312 2355; x_wconf 87' lang='lat' dir='ltr'><strong>saria</strong></span> <span class='ocrx_word' id='word_1_341' title='bbox 2341 2312 2461 2355; x_wconf 87' lang='lat' dir='ltr'><strong>esse</strong></span> <span class='ocrx_word' id='word_1_342' title='bbox 2503 2304 2896 2363; x_wconf 88' lang='lat' dir='ltr'><strong>monstrantur,</strong></span> <span class='ocrx_word' id='word_1_343' title='bbox 2940 2311 3043 2352; x_wconf 91' lang='lat' dir='ltr'><strong>nec</strong></span> <span class='ocrx_word' id='word_1_344' title='bbox 3070 2295 3250 2368; x_wconf 88' lang='lat' dir='ltr'><strong>aliqua</strong></span> <span class='ocrx_word' id='word_1_345' title='bbox 3292 2293 3492 2350; x_wconf 90' lang='lat' dir='ltr'><strong>ibidem</strong></span> <span class='ocrx_word' id='word_1_346' title='bbox 3524 2300 3614 2349; x_wconf 87' lang='lat' dir='ltr'><strong>cst</strong></span> <span class='ocrx_word' id='word_1_347' title='bbox 3660 2309 3777 2364; x_wconf 87' lang='lat' dir='ltr'><strong>spe-</strong></span> 
     </span>
    </p>
   </div>
   <div class='ocr_carea' id='block_1_54' title="bbox 2171 2384 3777 2459">
    <p class='ocr_par' dir='ltr' id='par_1_54' title="bbox 2171 2384 3777 2459">
     <span class='ocr_line' id='line_1_54' title="bbox 2171 2384 3777 2459; baseline -0.004 -14"><span class='ocrx_word' id='word_1_348' title='bbox 2171 2388 2302 2455; x_wconf 87' lang='lat' dir='ltr'><strong>cies,</strong></span> <span class='ocrx_word' id='word_1_349' title='bbox 2326 2402 2447 2458; x_wconf 73' lang='lat' dir='ltr'><strong>quae</strong></span> <span class='ocrx_word' id='word_1_350' title='bbox 2467 2387 2535 2443; x_wconf 91' lang='lat' dir='ltr'><strong>ad</strong></span> <span class='ocrx_word' id='word_1_351' title='bbox 2561 2385 2751 2444; x_wconf 82' lang='lat' dir='ltr'><strong>ﬁscum</strong></span> <span class='ocrx_word' id='word_1_352' title='bbox 2775 2386 3012 2459; x_wconf 85' lang='lat' dir='ltr'><strong>pertinet</strong></span> <span class='ocrx_word' id='word_1_353' title='bbox 3031 2392 3385 2457; x_wconf 86' lang='lat' dir='ltr'><strong>congregata,</strong></span> <span class='ocrx_word' id='word_1_354' title='bbox 3414 2384 3642 2457; x_wconf 63' lang='lat' dir='ltr'><strong>praefato</strong></span> <span class='ocrx_word' id='word_1_355' title='bbox 3665 2385 3777 2440; x_wconf 85' lang='lat' dir='ltr'><strong>viro</strong></span> 
     </span>
    </p>
   </div>
   <div class='ocr_carea' id='block_1_55' title="bbox 2171 2476 3778 2552">
    <p class='ocr_par' dir='ltr' id='par_1_55' title="bbox 2171 2476 3778 2552">
     <span class='ocr_line' id='line_1_55' title="bbox 2171 2476 3778 2552; baseline -0.004 -17"><span class='ocrx_word' id='word_1_356' title='bbox 2171 2494 2297 2535; x_wconf 87' lang='lat' dir='ltr'><strong>cum</strong></span> <span class='ocrx_word' id='word_1_357' title='bbox 2327 2479 2575 2536; x_wconf 91' lang='lat' dir='ltr'><strong>omnibus</strong></span> <span class='ocrx_word' id='word_1_358' title='bbox 2601 2479 2670 2534; x_wconf 91' lang='lat' dir='ltr'><strong>ad</strong></span> <span class='ocrx_word' id='word_1_359' title='bbox 2696 2494 2758 2536; x_wconf 92' lang='lat' dir='ltr'><strong>se</strong></span> <span class='ocrx_word' id='word_1_360' title='bbox 2802 2478 3199 2552; x_wconf 80' lang='lat' dir='ltr'><strong>pertinentibus</strong></span> <span class='ocrx_word' id='word_1_361' title='bbox 3248 2477 3495 2533; x_wconf 89' lang='lat' dir='ltr'><strong>absoluta</strong></span> <span class='ocrx_word' id='word_1_362' title='bbox 3538 2476 3778 2531; x_wconf 89' lang='lat' dir='ltr'><strong>liberali-</strong></span> 
     </span>
    </p>
   </div>
   <div class='ocr_carea' id='block_1_56' title="bbox 2170 2569 3778 2641">
    <p class='ocr_par' dir='ltr' id='par_1_56' title="bbox 2170 2569 3778 2641">
     <span class='ocr_line' id='line_1_56' title="bbox 2170 2569 3778 2641; baseline -0.004 -14"><span class='ocrx_word' id='word_1_363' title='bbox 2170 2579 2283 2627; x_wconf 91' lang='lat' dir='ltr'><strong>tate</strong></span> <span class='ocrx_word' id='word_1_364' title='bbox 2305 2571 2685 2638; x_wconf 88' lang='lat' dir='ltr'><strong>concedimus;</strong></span> <span class='ocrx_word' id='word_1_365' title='bbox 2724 2578 2785 2627; x_wconf 91' lang='lat' dir='ltr'><strong>ut</strong></span> <span class='ocrx_word' id='word_1_366' title='bbox 2811 2569 3112 2626; x_wconf 81' lang='lat' dir='ltr'><strong>aediﬁcandi</strong></span> <span class='ocrx_word' id='word_1_367' title='bbox 3145 2578 3202 2624; x_wconf 88' lang='lat' dir='ltr'><strong>et</strong></span> <span class='ocrx_word' id='word_1_368' title='bbox 3223 2569 3290 2624; x_wconf 90' lang='lat' dir='ltr'><strong>ad</strong></span> <span class='ocrx_word' id='word_1_369' title='bbox 3320 2576 3573 2641; x_wconf 89' lang='lat' dir='ltr'><strong>posteros</strong></span> <span class='ocrx_word' id='word_1_370' title='bbox 3608 2575 3778 2622; x_wconf 83' lang='lat' dir='ltr'><strong>trans-</strong></span> 
     </span>
    </p>
   </div>
   <div class='ocr_carea' id='block_1_57' title="bbox 2171 2658 3775 2733">
    <p class='ocr_par' dir='ltr' id='par_1_57' title="bbox 2171 2658 3775 2733">
     <span class='ocr_line' id='line_1_57' title="bbox 2171 2658 3775 2733; baseline -0.003 -15"><span class='ocrx_word' id='word_1_371' title='bbox 2171 2661 2418 2718; x_wconf 90' lang='lat' dir='ltr'><strong>mittendi</strong></span> <span class='ocrx_word' id='word_1_372' title='bbox 2446 2669 2719 2733; x_wconf 86' lang='lat' dir='ltr'><strong>assumpta</strong></span> <span class='ocrx_word' id='word_1_373' title='bbox 2747 2661 2960 2717; x_wconf 90' lang='lat' dir='ltr'><strong>licentia</strong></span> <span class='ocrx_word' id='word_1_374' title='bbox 2978 2703 2994 2730; x_wconf 93' lang='lat'><strong>,</strong></span> <span class='ocrx_word' id='word_1_375' title='bbox 3016 2660 3129 2716; x_wconf 90' lang='lat' dir='ltr'><strong>suis</strong></span> <span class='ocrx_word' id='word_1_376' title='bbox 3148 2659 3469 2716; x_wconf 88' lang='lat' dir='ltr'><strong>utilitatibus</strong></span> <span class='ocrx_word' id='word_1_377' title='bbox 3489 2658 3775 2730; x_wconf 84' lang='lat' dir='ltr'><strong>profutura</strong></span> 
     </span>
    </p>
   </div>
   <div class='ocr_carea' id='block_1_58' title="bbox 2170 2751 3772 2825">
    <p class='ocr_par' dir='ltr' id='par_1_58' title="bbox 2170 2751 3772 2825">
     <span class='ocr_line' id='line_1_58' title="bbox 2170 2751 3772 2825; baseline -0.001 -16"><span class='ocrx_word' id='word_1_378' title='bbox 2170 2752 2427 2825; x_wconf 86' lang='lat' dir='ltr'><strong>disponat</strong></span> <span class='ocrx_word' id='word_1_379' title='bbox 2472 2770 2485 2808; x_wconf 88' lang='lat'><strong>:</strong></span> <span class='ocrx_word' id='word_1_380' title='bbox 2540 2753 2668 2823; x_wconf 91' lang='lat' dir='ltr'><strong>quia</strong></span> <span class='ocrx_word' id='word_1_381' title='bbox 2715 2751 2929 2809; x_wconf 80' lang='lat' dir='ltr'><strong>confert</strong></span> <span class='ocrx_word' id='word_1_382' title='bbox 2978 2765 3232 2822; x_wconf 86' lang='lat' dir='ltr'><strong>magnum</strong></span> <span class='ocrx_word' id='word_1_383' title='bbox 3284 2752 3497 2823; x_wconf 90' lang='lat' dir='ltr'><strong>reipub.</strong></span> <span class='ocrx_word' id='word_1_384' title='bbox 3543 2767 3772 2815; x_wconf 88' lang='lat' dir='ltr'><strong>munus,</strong></span> 
     </span>
    </p>
   </div>
   <div class='ocr_carea' id='block_1_59' title="bbox 2167 2841 3781 2915">
    <p class='ocr_par' dir='ltr' id='par_1_59' title="bbox 2167 2841 3781 2915">
     <span class='ocr_line' id='line_1_59' title="bbox 2167 2841 3781 2915; baseline 0.001 -20"><span class='ocrx_word' id='word_1_385' title='bbox 2167 2842 2415 2913; x_wconf 89' lang='lat' dir='ltr'><strong>quisquis</strong></span> <span class='ocrx_word' id='word_1_386' title='bbox 2439 2842 2617 2899; x_wconf 91' lang='lat' dir='ltr'><strong>diruta</strong></span> <span class='ocrx_word' id='word_1_387' title='bbox 2658 2842 2912 2898; x_wconf 87' lang='lat' dir='ltr'><strong>maluerit</strong></span> <span class='ocrx_word' id='word_1_388' title='bbox 2938 2843 3213 2915; x_wconf 88' lang='lat' dir='ltr'><strong>suscipere</strong></span> <span class='ocrx_word' id='word_1_389' title='bbox 3256 2841 3598 2911; x_wconf 90' lang='lat' dir='ltr'><strong>reparanda,</strong></span> <span class='ocrx_word' id='word_1_390' title='bbox 3630 2842 3685 2896; x_wconf 86' lang='lat' dir='ltr'><strong>in</strong></span> <span class='ocrx_word' id='word_1_391' title='bbox 3716 2856 3781 2897; x_wconf 77' lang='lat' dir='ltr'><strong>ea</strong></span> 
     </span>
    </p>
   </div>
   <div class='ocr_carea' id='block_1_60' title="bbox 2166 2936 3771 3008">
    <p class='ocr_par' dir='ltr' id='par_1_60' title="bbox 2166 2936 3771 3008">
     <span class='ocr_line' id='line_1_60' title="bbox 2166 2936 3771 3008; baseline -0.002 -16"><span class='ocrx_word' id='word_1_392' title='bbox 2166 2938 2466 3008; x_wconf 85' lang='lat' dir='ltr'><strong>praesertim</strong></span> <span class='ocrx_word' id='word_1_393' title='bbox 2510 2938 2663 3006; x_wconf 87' lang='lat' dir='ltr'><strong>urbe,</strong></span> <span class='ocrx_word' id='word_1_394' title='bbox 2693 2936 2786 2993; x_wconf 92' lang='lat' dir='ltr'><strong>ubi</strong></span> <span class='ocrx_word' id='word_1_395' title='bbox 2828 2944 3022 2993; x_wconf 91' lang='lat' dir='ltr'><strong>cuncta</strong></span> <span class='ocrx_word' id='word_1_396' title='bbox 3061 2936 3281 3006; x_wconf 84' lang='lat' dir='ltr'><strong>dignum</strong></span> <span class='ocrx_word' id='word_1_397' title='bbox 3322 2942 3407 2991; x_wconf 90' lang='lat' dir='ltr'><strong>est</strong></span> <span class='ocrx_word' id='word_1_398' title='bbox 3454 2943 3771 2991; x_wconf 81' lang='lat' dir='ltr'><strong>constructa</strong></span> 
     </span>
    </p>
   </div>
   <div class='ocr_carea' id='block_1_61' title="bbox 2169 3024 3772 3095">
    <p class='ocr_par' dir='ltr' id='par_1_61' title="bbox 2169 3024 3772 3095">
     <span class='ocr_line' id='line_1_61' title="bbox 2169 3024 3772 3095; baseline -0.004 -10"><span class='ocrx_word' id='word_1_399' title='bbox 2169 3029 2435 3095; x_wconf 85' lang='lat' dir='ltr'><strong>relucere,</strong></span> <span class='ocrx_word' id='word_1_400' title='bbox 2466 3044 2536 3085; x_wconf 87' lang='lat' dir='ltr'><strong>ne</strong></span> <span class='ocrx_word' id='word_1_401' title='bbox 2562 3029 2703 3085; x_wconf 89' lang='lat' dir='ltr'><strong>inter</strong></span> <span class='ocrx_word' id='word_1_402' title='bbox 2731 3034 2815 3084; x_wconf 90' lang='lat' dir='ltr'><strong>tot</strong></span> <span class='ocrx_word' id='word_1_403' title='bbox 2841 3028 3040 3084; x_wconf 88' lang='lat' dir='ltr'><strong>decora</strong></span> <span class='ocrx_word' id='word_1_404' title='bbox 3079 3026 3335 3083; x_wconf 77' lang='lat' dir='ltr'><strong>moenium</strong></span> <span class='ocrx_word' id='word_1_405' title='bbox 3383 3024 3644 3081; x_wconf 80' lang='lat' dir='ltr'><strong>deformis</strong></span> <span class='ocrx_word' id='word_1_406' title='bbox 3669 3040 3772 3095; x_wconf 85' lang='lat' dir='ltr'><strong>ap-</strong></span> 
     </span>
    </p>
   </div>
   <div class='ocr_carea' id='block_1_62' title="bbox 2168 3118 3776 3193">
    <p class='ocr_par' dir='ltr' id='par_1_62' title="bbox 2168 3118 3776 3193">
     <span class='ocr_line' id='line_1_62' title="bbox 2168 3118 3776 3193; baseline -0.002 -15"><span class='ocrx_word' id='word_1_407' title='bbox 2168 3132 2359 3193; x_wconf 88' lang='lat' dir='ltr'><strong>pareat</strong></span> <span class='ocrx_word' id='word_1_408' title='bbox 2407 3123 2564 3177; x_wconf 91' lang='lat' dir='ltr'><strong>ruina</strong></span> <span class='ocrx_word' id='word_1_409' title='bbox 2596 3120 2624 3159; x_wconf 67' lang='grc' dir='ltr'>δ</span> <span class='ocrx_word' id='word_1_410' title='bbox 2652 3128 2926 3178; x_wconf 81' lang='lat' dir='ltr'><strong>saxorum.</strong></span> <span class='ocrx_word' id='word_1_411' title='bbox 2960 3120 3019 3176; x_wconf 87' lang='lat' dir='ltr'><strong>in</strong></span> <span class='ocrx_word' id='word_1_412' title='bbox 3058 3120 3177 3176; x_wconf 90' lang='lat' dir='ltr'><strong>aliis</strong></span> <span class='ocrx_word' id='word_1_413' title='bbox 3217 3120 3419 3192; x_wconf 88' lang='lat' dir='ltr'><strong>quippe</strong></span> <span class='ocrx_word' id='word_1_414' title='bbox 3467 3118 3776 3175; x_wconf 76' lang='lat' dir='ltr'><strong>civitatibus</strong></span> 
     </span>
    </p>
   </div>
   <div class='ocr_carea' id='block_1_63' title="bbox 471 3194 3774 3279">
    <p class='ocr_par' dir='ltr' id='par_1_63' title="bbox 471 3194 3774 3279">
     <span class='ocr_line' id='line_1_63' title="bbox 471 3194 3774 3279; baseline -0.001 -11"><span class='ocrx_word' id='word_1_415' title='bbox 471 3211 634 3269; x_wconf 80' lang='lat' dir='ltr'><strong>Illum</strong></span> <span class='ocrx_word' id='word_1_416' title='bbox 674 3215 851 3269; x_wconf 78' lang='lat' dir='ltr'><strong>multis</strong></span> <span class='ocrx_word' id='word_1_417' title='bbox 898 3214 1135 3271; x_wconf 75' lang='lat' dir='ltr'><strong>laudibus</strong></span> <span class='ocrx_word' id='word_1_418' title='bbox 1181 3222 1423 3271; x_wconf 85' lang='lat' dir='ltr'><strong>ornatum</strong></span> <span class='ocrx_word' id='word_1_419' title='bbox 1468 3214 1539 3267; x_wconf 85' lang='lat' dir='ltr'><strong>ad</strong></span> <span class='ocrx_word' id='word_1_420' title='bbox 1572 3214 1872 3269; x_wconf 82' lang='lat' dir='ltr'><strong>comitatum</strong></span> <span class='ocrx_word' id='word_1_421' title='bbox 1919 3230 2068 3269; x_wconf 70' lang='lat' dir='ltr'><strong>suum</strong></span> <span class='ocrx_word' id='word_1_422' title='bbox 2095 3194 2143 3261; x_wconf 72' lang='grc' dir='ltr'><strong>ο</strong></span> <span class='ocrx_word' id='word_1_423' title='bbox 2172 3212 2353 3269; x_wconf 89' lang='lat' dir='ltr'><strong>minus</strong></span> <span class='ocrx_word' id='word_1_424' title='bbox 2380 3213 2611 3268; x_wconf 90' lang='lat' dir='ltr'><strong>nitentia</strong></span> <span class='ocrx_word' id='word_1_425' title='bbox 2636 3213 3005 3279; x_wconf 89' lang='lat' dir='ltr'><strong>sustinentur;</strong></span> <span class='ocrx_word' id='word_1_426' title='bbox 3036 3211 3094 3267; x_wconf 88' lang='lat' dir='ltr'><strong>in</strong></span> <span class='ocrx_word' id='word_1_427' title='bbox 3116 3225 3180 3267; x_wconf 90' lang='lat' dir='ltr'><strong>ea</strong></span> <span class='ocrx_word' id='word_1_428' title='bbox 3205 3224 3337 3266; x_wconf 89' lang='lat' dir='ltr'><strong>vero</strong></span> <span class='ocrx_word' id='word_1_429' title='bbox 3364 3225 3467 3266; x_wconf 91' lang='lat' dir='ltr'><strong>nec</strong></span> <span class='ocrx_word' id='word_1_430' title='bbox 3498 3210 3774 3267; x_wconf 86' lang='lat' dir='ltr'><strong>mediocre</strong></span> 
     </span>
    </p>
   </div>
   <div class='ocr_carea' id='block_1_64' title="bbox 1168 3293 1367 3340">
    <p class='ocr_par' dir='ltr' id='par_1_64' title="bbox 1168 3293 1367 3340">
     <span class='ocr_line' id='line_1_64' title="bbox 1168 3293 1367 3340; baseline -0.015 0"><span class='ocrx_word' id='word_1_431' title='bbox 1168 3293 1367 3340; x_wconf 82' lang='lat' dir='ltr'><strong>evocat.</strong></span> 
     </span>
    </p>
   </div>
   <div class='ocr_carea' id='block_1_65' title="bbox 541 3394 2067 3471">
    <p class='ocr_par' dir='ltr' id='par_1_65' title="bbox 541 3394 2067 3471">
     <span class='ocr_line' id='line_1_65' title="bbox 541 3394 2067 3471; baseline 0.003 -20"><span class='ocrx_word' id='word_1_432' title='bbox 541 3394 741 3451; x_wconf 86' lang='lat' dir='ltr'><strong>Gratus</strong></span> <span class='ocrx_word' id='word_1_433' title='bbox 768 3403 851 3451; x_wconf 90' lang='lat' dir='ltr'><strong>est</strong></span> <span class='ocrx_word' id='word_1_434' title='bbox 880 3396 1036 3452; x_wconf 89' lang='lat' dir='ltr'><strong>nobis</strong></span> <span class='ocrx_word' id='word_1_435' title='bbox 1064 3410 1254 3452; x_wconf 89' lang='lat' dir='ltr'><strong>eorum</strong></span> <span class='ocrx_word' id='word_1_436' title='bbox 1299 3411 1516 3469; x_wconf 87' lang='lat' dir='ltr'><strong>semper</strong></span> <span class='ocrx_word' id='word_1_437' title='bbox 1541 3408 1794 3470; x_wconf 88' lang='lat' dir='ltr'><strong>aspectus</strong></span> <span class='ocrx_word' id='word_1_438' title='bbox 1822 3399 1918 3471; x_wconf 89' lang='lat' dir='ltr'><strong>qui</strong></span> <span class='ocrx_word' id='word_1_439' title='bbox 1963 3413 2067 3455; x_wconf 86' lang='lat' dir='ltr'><strong>no-</strong></span> 
     </span>
    </p>
   </div>
   <div class='ocr_carea' id='block_1_66' title="bbox 473 3485 2067 3562">
    <p class='ocr_par' dir='ltr' id='par_1_66' title="bbox 473 3485 2067 3562">
     <span class='ocr_line' id='line_1_66' title="bbox 473 3485 2067 3562; baseline 0.003 -20"><span class='ocrx_word' id='word_1_440' title='bbox 473 3486 598 3542; x_wconf 85' lang='lat' dir='ltr'><strong>stris</strong></span> <span class='ocrx_word' id='word_1_441' title='bbox 626 3486 820 3541; x_wconf 91' lang='lat' dir='ltr'><strong>animis</strong></span> <span class='ocrx_word' id='word_1_442' title='bbox 840 3485 1089 3554; x_wconf 87' lang='lat' dir='ltr'><strong>gloriosis</strong></span> <span class='ocrx_word' id='word_1_443' title='bbox 1109 3488 1412 3545; x_wconf 89' lang='lat' dir='ltr'><strong>actionibus</strong></span> <span class='ocrx_word' id='word_1_444' title='bbox 1440 3490 1783 3559; x_wconf 89' lang='lat' dir='ltr'><strong>insederunt,</strong></span> <span class='ocrx_word' id='word_1_445' title='bbox 1812 3494 2067 3562; x_wconf 90' lang='lat' dir='ltr'><strong>quoniam</strong></span> 
     </span>
    </p>
   </div>
   <div class='ocr_carea' id='block_1_67' title="bbox 470 3579 2067 3658">
    <p class='ocr_par' dir='ltr' id='par_1_67' title="bbox 470 3579 2067 3658">
     <span class='ocr_line' id='line_1_67' title="bbox 470 3579 2067 3658; baseline 0.006 -26"><span class='ocrx_word' id='word_1_446' title='bbox 470 3585 792 3649; x_wconf 91' lang='lat' dir='ltr'><strong>perpetuum</strong></span> <span class='ocrx_word' id='word_1_447' title='bbox 831 3579 1075 3637; x_wconf 84' lang='lat' dir='ltr'><strong>obsidem</strong></span> <span class='ocrx_word' id='word_1_448' title='bbox 1104 3581 1369 3638; x_wconf 90' lang='lat' dir='ltr'><strong>dederunt</strong></span> <span class='ocrx_word' id='word_1_449' title='bbox 1413 3585 1617 3642; x_wconf 88' lang='lat' dir='ltr'><strong>amoris</strong></span> <span class='ocrx_word' id='word_1_450' title='bbox 1653 3585 1738 3643; x_wconf 88' lang='lat' dir='ltr'><strong>sui</strong></span> <span class='ocrx_word' id='word_1_451' title='bbox 1785 3586 1879 3657; x_wconf 91' lang='lat' dir='ltr'><strong>qui</strong></span> <span class='ocrx_word' id='word_1_452' title='bbox 1925 3586 2067 3658; x_wconf 93' lang='lat' dir='ltr'><strong>apud</strong></span> 
     </span>
    </p>
   </div>
   <div class='ocr_carea' id='block_1_68' title="bbox 471 3672 2068 3748">
    <p class='ocr_par' dir='ltr' id='par_1_68' title="bbox 471 3672 2068 3748">
     <span class='ocr_line' id='line_1_68' title="bbox 471 3672 2068 3748; baseline 0.006 -24"><span class='ocrx_word' id='word_1_453' title='bbox 471 3684 574 3725; x_wconf 91' lang='lat' dir='ltr'><strong>nos</strong></span> <span class='ocrx_word' id='word_1_454' title='bbox 602 3672 815 3740; x_wconf 90' lang='lat' dir='ltr'><strong>probati</strong></span> <span class='ocrx_word' id='word_1_455' title='bbox 860 3680 984 3727; x_wconf 90' lang='lat' dir='ltr'><strong>sunt</strong></span> <span class='ocrx_word' id='word_1_456' title='bbox 1029 3673 1249 3730; x_wconf 90' lang='lat' dir='ltr'><strong>studere</strong></span> <span class='ocrx_word' id='word_1_457' title='bbox 1276 3676 1483 3731; x_wconf 89' lang='lat' dir='ltr'><strong>virtuti.</strong></span> <span class='ocrx_word' id='word_1_458' title='bbox 1516 3675 1748 3733; x_wconf 87' lang='lat' dir='ltr'><strong>Proinde</strong></span> <span class='ocrx_word' id='word_1_459' title='bbox 1794 3679 2068 3748; x_wconf 88' lang='lat' dir='ltr'><strong>magnitu-</strong></span> 
     </span>
    </p>
   </div>
   <div class='ocr_carea' id='block_1_69' title="bbox 471 3755 2062 3839">
    <p class='ocr_par' dir='ltr' id='par_1_69' title="bbox 471 3755 2062 3839">
     <span class='ocr_line' id='line_1_69' title="bbox 471 3755 2062 3839; baseline 0.008 -27"><span class='ocrx_word' id='word_1_460' title='bbox 471 3755 655 3814; x_wconf 86' lang='lat' dir='ltr'><strong>dinem</strong></span> <span class='ocrx_word' id='word_1_461' title='bbox 684 3768 861 3827; x_wconf 88' lang='lat' dir='ltr'><strong>tuam,</strong></span> <span class='ocrx_word' id='word_1_462' title='bbox 886 3762 1123 3831; x_wconf 89' lang='lat' dir='ltr'><strong>glorioso</strong></span> <span class='ocrx_word' id='word_1_463' title='bbox 1169 3764 1325 3821; x_wconf 91' lang='lat' dir='ltr'><strong>nobis</strong></span> <span class='ocrx_word' id='word_1_464' title='bbox 1354 3767 1575 3823; x_wconf 88' lang='lat' dir='ltr'><strong>servitio</strong></span> <span class='ocrx_word' id='word_1_465' title='bbox 1622 3769 2062 3839; x_wconf 90' lang='lat' dir='ltr'><strong>comprobatam,</strong></span> 
     </span>
    </p>
   </div>
   <div class='ocr_carea' id='block_1_70' title="bbox 471 3849 2069 3929">
    <p class='ocr_par' dir='ltr' id='par_1_70' title="bbox 471 3849 2069 3929">
     <span class='ocr_line' id='line_1_70' title="bbox 471 3849 2069 3929; baseline 0.008 -25"><span class='ocrx_word' id='word_1_466' title='bbox 471 3849 542 3904; x_wconf 87' lang='lat' dir='ltr'><strong>ad</strong></span> <span class='ocrx_word' id='word_1_467' title='bbox 593 3851 908 3908; x_wconf 89' lang='lat' dir='ltr'><strong>comitatum</strong></span> <span class='ocrx_word' id='word_1_468' title='bbox 947 3853 1114 3923; x_wconf 88' lang='lat' dir='ltr'><strong>iussis</strong></span> <span class='ocrx_word' id='word_1_469' title='bbox 1156 3856 1510 3924; x_wconf 87' lang='lat' dir='ltr'><strong>praesentibus</strong></span> <span class='ocrx_word' id='word_1_470' title='bbox 1556 3872 1866 3929; x_wconf 87' lang='lat' dir='ltr'><strong>evocamus,</strong></span> <span class='ocrx_word' id='word_1_471' title='bbox 1908 3867 1967 3915; x_wconf 89' lang='lat' dir='ltr'><strong>ut</strong></span> <span class='ocrx_word' id='word_1_472' title='bbox 2010 3868 2069 3916; x_wconf 89' lang='lat' dir='ltr'><strong>et</strong></span> 
     </span>
    </p>
   </div>
   <div class='ocr_carea' id='block_1_71' title="bbox 471 3942 2067 4017">
    <p class='ocr_par' dir='ltr' id='par_1_71' title="bbox 471 3942 2067 4017">
     <span class='ocr_line' id='line_1_71' title="bbox 471 3942 2067 4017; baseline 0.006 -20"><span class='ocrx_word' id='word_1_473' title='bbox 471 3950 695 3997; x_wconf 91' lang='lat' dir='ltr'><strong>ornatus</strong></span> <span class='ocrx_word' id='word_1_474' title='bbox 723 3942 791 3998; x_wconf 89' lang='lat' dir='ltr'><strong>de</strong></span> <span class='ocrx_word' id='word_1_475' title='bbox 818 3951 874 3998; x_wconf 89' lang='lat' dir='ltr'><strong>te</strong></span> <span class='ocrx_word' id='word_1_476' title='bbox 917 3943 1186 4014; x_wconf 88' lang='lat' dir='ltr'><strong>regalibus</strong></span> <span class='ocrx_word' id='word_1_477' title='bbox 1224 3955 1436 4002; x_wconf 89' lang='lat' dir='ltr'><strong>crescat</strong></span> <span class='ocrx_word' id='word_1_478' title='bbox 1472 3947 1765 4017; x_wconf 88' lang='lat' dir='ltr'><strong>obsequiis,</strong></span> <span class='ocrx_word' id='word_1_479' title='bbox 1796 3957 1853 4005; x_wconf 90' lang='lat' dir='ltr'><strong>et</strong></span> <span class='ocrx_word' id='word_1_480' title='bbox 1881 3957 1939 4005; x_wconf 91' lang='lat' dir='ltr'><strong>tu</strong></span> <span class='ocrx_word' id='word_1_481' title='bbox 1966 3965 2067 4007; x_wconf 91' lang='lat' dir='ltr'><strong>no-</strong></span> 
     </span>
    </p>
   </div>
   <div class='ocr_carea' id='block_1_72' title="bbox 468 4036 2065 4108">
    <p class='ocr_par' dir='ltr' id='par_1_72' title="bbox 468 4036 2065 4108">
     <span class='ocr_line' id='line_1_72' title="bbox 468 4036 2065 4108; baseline 0.007 -18"><span class='ocrx_word' id='word_1_482' title='bbox 468 4036 599 4091; x_wconf 90' lang='lat' dir='ltr'><strong>stris</strong></span> <span class='ocrx_word' id='word_1_483' title='bbox 624 4036 1002 4108; x_wconf 88' lang='lat' dir='ltr'><strong>conspectibus</strong></span> <span class='ocrx_word' id='word_1_484' title='bbox 1031 4039 1296 4108; x_wconf 86' lang='lat' dir='ltr'><strong>augearis.</strong></span> <span class='ocrx_word' id='word_1_485' title='bbox 1329 4037 1597 4097; x_wconf 81' lang='lat' dir='ltr'><strong>Convenit</strong></span> <span class='ocrx_word' id='word_1_486' title='bbox 1623 4041 1769 4097; x_wconf 90' lang='lat' dir='ltr'><strong>enim</strong></span> <span class='ocrx_word' id='word_1_487' title='bbox 1809 4043 1974 4099; x_wconf 90' lang='lat' dir='ltr'><strong>etiam</strong></span> <span class='ocrx_word' id='word_1_488' title='bbox 2010 4051 2065 4101; x_wconf 90' lang='lat' dir='ltr'><strong>te</strong></span> 
     </span>
    </p>
   </div>
   <div class='ocr_carea' id='block_1_73' title="bbox 468 4127 2060 4206">
    <p class='ocr_par' dir='ltr' id='par_1_73' title="bbox 468 4127 2060 4206">
     <span class='ocr_line' id='line_1_73' title="bbox 468 4127 2060 4206; baseline 0.007 -25"><span class='ocrx_word' id='word_1_489' title='bbox 468 4127 698 4197; x_wconf 88' lang='lat' dir='ltr'><strong>requiri,</strong></span> <span class='ocrx_word' id='word_1_490' title='bbox 730 4129 823 4199; x_wconf 91' lang='lat' dir='ltr'><strong>qui</strong></span> <span class='ocrx_word' id='word_1_491' title='bbox 851 4136 1036 4185; x_wconf 87' lang='lat' dir='ltr'><strong>nostra</strong></span> <span class='ocrx_word' id='word_1_492' title='bbox 1064 4129 1240 4187; x_wconf 82' lang='lat' dir='ltr'><strong>fecisti</strong></span> <span class='ocrx_word' id='word_1_493' title='bbox 1266 4132 1464 4189; x_wconf 79' lang='lat' dir='ltr'><strong>eximie</strong></span> <span class='ocrx_word' id='word_1_494' title='bbox 1484 4141 1728 4205; x_wconf 87' lang='lat' dir='ltr'><strong>tempora</strong></span> <span class='ocrx_word' id='word_1_495' title='bbox 1756 4134 2060 4206; x_wconf 79' lang='lat' dir='ltr'><strong>praedicari.</strong></span> 
     </span>
    </p>
   </div>
   <div class='ocr_carea' id='block_1_74' title="bbox 469 4218 2064 4299">
    <p class='ocr_par' dir='ltr' id='par_1_74' title="bbox 469 4218 2064 4299">
     <span class='ocr_line' id='line_1_74' title="bbox 469 4218 2064 4299; baseline 0.007 -25"><span class='ocrx_word' id='word_1_496' title='bbox 469 4218 684 4276; x_wconf 91' lang='lat' dir='ltr'><strong>Ornasti</strong></span> <span class='ocrx_word' id='word_1_497' title='bbox 726 4221 795 4277; x_wconf 89' lang='lat' dir='ltr'><strong>de</strong></span> <span class='ocrx_word' id='word_1_498' title='bbox 838 4224 1184 4280; x_wconf 69' lang='lat' dir='ltr'><strong>conscientia:</strong></span> <span class='ocrx_word' id='word_1_499' title='bbox 1233 4226 1544 4296; x_wconf 84' lang='lat' dir='ltr'><strong>integritate</strong></span> <span class='ocrx_word' id='word_1_500' title='bbox 1588 4228 1822 4299; x_wconf 88' lang='lat' dir='ltr'><strong>palatia;</strong></span> <span class='ocrx_word' id='word_1_501' title='bbox 1867 4228 2064 4286; x_wconf 90' lang='lat' dir='ltr'><strong>dedisti</strong></span> 
     </span>
    </p>
   </div>
   <div class='ocr_carea' id='block_1_75' title="bbox 469 4312 2060 4388">
    <p class='ocr_par' dir='ltr' id='par_1_75' title="bbox 469 4312 2060 4388">
     <span class='ocr_line' id='line_1_75' title="bbox 469 4312 2060 4388; baseline 0.006 -23"><span class='ocrx_word' id='word_1_502' title='bbox 469 4312 684 4381; x_wconf 87' lang='lat' dir='ltr'><strong>populis</strong></span> <span class='ocrx_word' id='word_1_503' title='bbox 712 4313 875 4367; x_wconf 88' lang='lat' dir='ltr'><strong>altam</strong></span> <span class='ocrx_word' id='word_1_504' title='bbox 905 4315 1162 4384; x_wconf 90' lang='lat' dir='ltr'><strong>quietem.</strong></span> <span class='ocrx_word' id='word_1_505' title='bbox 1192 4315 1331 4373; x_wconf 84' lang='lat' dir='ltr'><strong>Hinc</strong></span> <span class='ocrx_word' id='word_1_506' title='bbox 1359 4317 1610 4376; x_wconf 88' lang='lat' dir='ltr'><strong>omnibus</strong></span> <span class='ocrx_word' id='word_1_507' title='bbox 1647 4318 1824 4375; x_wconf 84' lang='lat' dir='ltr'><strong>factus</strong></span> <span class='ocrx_word' id='word_1_508' title='bbox 1860 4321 2060 4388; x_wconf 89' lang='lat' dir='ltr'><strong>notior,</strong></span> 
     </span>
    </p>
   </div>
   <div class='ocr_carea' id='block_1_76' title="bbox 469 4399 2065 4480">
    <p class='ocr_par' dir='ltr' id='par_1_76' title="bbox 469 4399 2065 4480">
     <span class='ocr_line' id='line_1_76' title="bbox 469 4399 2065 4480; baseline 0.009 -29"><span class='ocrx_word' id='word_1_509' title='bbox 469 4399 596 4468; x_wconf 85' lang='lat' dir='ltr'><strong>quia</strong></span> <span class='ocrx_word' id='word_1_510' title='bbox 635 4399 789 4455; x_wconf 90' lang='lat' dir='ltr'><strong>multi</strong></span> <span class='ocrx_word' id='word_1_511' title='bbox 814 4410 868 4457; x_wconf 91' lang='lat' dir='ltr'><strong>te</strong></span> <span class='ocrx_word' id='word_1_512' title='bbox 896 4404 1128 4472; x_wconf 90' lang='lat' dir='ltr'><strong>positum</strong></span> <span class='ocrx_word' id='word_1_513' title='bbox 1154 4405 1209 4459; x_wconf 92' lang='lat' dir='ltr'><strong>in</strong></span> <span class='ocrx_word' id='word_1_514' title='bbox 1235 4413 1507 4477; x_wconf 87' lang='lat' dir='ltr'><strong>potestate</strong></span> <span class='ocrx_word' id='word_1_515' title='bbox 1554 4410 1805 4465; x_wconf 88' lang='lat' dir='ltr'><strong>nesciunt</strong></span> <span class='ocrx_word' id='word_1_516' title='bbox 1827 4419 1883 4477; x_wconf 74' lang='grc' dir='ltr'><strong>ἰς</strong></span> <span class='ocrx_word' id='word_1_517' title='bbox 1925 4425 2065 4480; x_wconf 65' lang='lat' dir='ltr'><strong>pra:-</strong></span> 
     </span>
    </p>
   </div>
   <div class='ocr_carea' id='block_1_77' title="bbox 467 4491 2060 4570">
    <p class='ocr_par' dir='ltr' id='par_1_77' title="bbox 467 4491 2060 4570">
     <span class='ocr_line' id='line_1_77' title="bbox 467 4491 2060 4570; baseline 0.008 -27"><span class='ocrx_word' id='word_1_518' title='bbox 467 4491 666 4545; x_wconf 90' lang='lat' dir='ltr'><strong>scutati</strong></span> <span class='ocrx_word' id='word_1_519' title='bbox 681 4501 858 4548; x_wconf 88' lang='lat' dir='ltr'><strong>autem</strong></span> <span class='ocrx_word' id='word_1_520' title='bbox 886 4495 1242 4552; x_wconf 90' lang='lat' dir='ltr'><strong>tribunalibus</strong></span> <span class='ocrx_word' id='word_1_521' title='bbox 1261 4497 1497 4567; x_wconf 90' lang='lat' dir='ltr'><strong>iudicem</strong></span> <span class='ocrx_word' id='word_1_522' title='bbox 1526 4500 1644 4555; x_wconf 88' lang='lat' dir='ltr'><strong>sine</strong></span> <span class='ocrx_word' id='word_1_523' title='bbox 1673 4501 1855 4570; x_wconf 89' lang='lat' dir='ltr'><strong>aliquo</strong></span> <span class='ocrx_word' id='word_1_524' title='bbox 1877 4499 2060 4556; x_wconf 90' lang='lat' dir='ltr'><strong>damni</strong></span> 
     </span>
    </p>
   </div>
   <div class='ocr_carea' id='block_1_78' title="bbox 2170 3301 3775 3375">
    <p class='ocr_par' dir='ltr' id='par_1_78' title="bbox 2170 3301 3775 3375">
     <span class='ocr_line' id='line_1_78' title="bbox 2170 3301 3775 3375; baseline -0.001 -17"><span class='ocrx_word' id='word_1_525' title='bbox 2170 3302 2373 3373; x_wconf 88' lang='lat' dir='ltr'><strong>aliquid</strong></span> <span class='ocrx_word' id='word_1_526' title='bbox 2416 3303 2674 3375; x_wconf 91' lang='lat' dir='ltr'><strong>patimur,</strong></span> <span class='ocrx_word' id='word_1_527' title='bbox 2714 3316 2834 3374; x_wconf 72' lang='lat' dir='ltr'><strong>qua:</strong></span> <span class='ocrx_word' id='word_1_528' title='bbox 2873 3302 3061 3360; x_wconf 89' lang='lat' dir='ltr'><strong>mundi</strong></span> <span class='ocrx_word' id='word_1_529' title='bbox 3102 3301 3476 3375; x_wconf 88' lang='lat' dir='ltr'><strong>principaliter</strong></span> <span class='ocrx_word' id='word_1_530' title='bbox 3520 3316 3621 3358; x_wconf 91' lang='lat' dir='ltr'><strong>ore</strong></span> <span class='ocrx_word' id='word_1_531' title='bbox 3662 3302 3775 3357; x_wconf 84' lang='lat' dir='ltr'><strong>lau-</strong></span> 
     </span>
    </p>
   </div>
   <div class='ocr_carea' id='block_1_79' title="bbox 2169 3393 2348 3450">
    <p class='ocr_par' dir='ltr' id='par_1_79' title="bbox 2169 3393 2348 3450">
     <span class='ocr_line' id='line_1_79' title="bbox 2169 3393 2348 3450; baseline -0.006 0"><span class='ocrx_word' id='word_1_532' title='bbox 2169 3393 2348 3450; x_wconf 89' lang='lat' dir='ltr'><strong>datur.</strong></span> 
     </span>
    </p>
   </div>
   <div class='ocr_carea' id='block_1_80' title="bbox 2702 3507 3252 3567">
    <p class='ocr_par' dir='ltr' id='par_1_80' title="bbox 2702 3507 3252 3567">
     <span class='ocr_line' id='line_1_80' title="bbox 2702 3507 3252 3567; baseline 0 -1"><span class='ocrx_word' id='word_1_533' title='bbox 2702 3508 3045 3567; x_wconf 81' lang='lat' dir='ltr'><strong>EPISTOLA</strong></span> <span class='ocrx_word' id='word_1_534' title='bbox 3083 3507 3252 3566; x_wconf 78' lang='lat' dir='ltr'><strong>XXX.</strong></span> 
     </span>
    </p>
   </div>
   <div class='ocr_carea' id='block_1_81' title="bbox 2166 3616 3775 3673">
    <p class='ocr_par' dir='ltr' id='par_1_81' title="bbox 2166 3616 3775 3673">
     <span class='ocr_line' id='line_1_81' title="bbox 2166 3616 3775 3673; baseline -0.001 -13"><span class='ocrx_word' id='word_1_535' title='bbox 2166 3617 2431 3661; x_wconf 70' lang='lat' dir='ltr'><strong>ancouco</strong></span> <span class='ocrx_word' id='word_1_536' title='bbox 2457 3616 2583 3661; x_wconf 78' lang='lat' dir='ltr'><strong>vino</strong></span> <span class='ocrx_word' id='word_1_537' title='bbox 2624 3616 2901 3673; x_wconf 80' lang='lat' dir='ltr'><strong>lLLUSTm,</strong></span> <span class='ocrx_word' id='word_1_538' title='bbox 2936 3618 3228 3662; x_wconf 62' lang='grc' dir='ltr'><strong>νηριτοτο</strong></span> <span class='ocrx_word' id='word_1_539' title='bbox 3270 3616 3441 3673; x_wconf 76' lang='lat' dir='ltr'><strong>uasis,</strong></span> <span class='ocrx_word' id='word_1_540' title='bbox 3472 3617 3775 3660; x_wconf 71' lang='lat' dir='ltr'><strong>THEODORI-</strong></span> 
     </span>
    </p>
   </div>
   <div class='ocr_carea' id='block_1_82' title="bbox 2836 3712 3084 3752">
    <p class='ocr_par' dir='ltr' id='par_1_82' title="bbox 2836 3712 3084 3752">
     <span class='ocr_line' id='line_1_82' title="bbox 2836 3712 3084 3752; baseline 0 -1"><span class='ocrx_word' id='word_1_541' title='bbox 2836 3712 2931 3752; x_wconf 88' lang='lat' dir='ltr'><strong>CUS</strong></span> <span class='ocrx_word' id='word_1_542' title='bbox 2957 3712 3084 3751; x_wconf 69' lang='lat' dir='ltr'><strong>REX.</strong></span> 
     </span>
    </p>
   </div>
   <div class='ocr_carea' id='block_1_83' title="bbox 2163 3784 3770 3856">
    <p class='ocr_par' dir='ltr' id='par_1_83' title="bbox 2163 3784 3770 3856">
     <span class='ocr_line' id='line_1_83' title="bbox 2163 3784 3770 3856; baseline -0.004 -14"><span class='ocrx_word' id='word_1_543' title='bbox 2163 3784 2316 3842; x_wconf 70' lang='lat' dir='ltr'><strong>Iubet</strong></span> <span class='ocrx_word' id='word_1_544' title='bbox 2342 3794 2399 3841; x_wconf 89' lang='lat' dir='ltr'><strong>ut</strong></span> <span class='ocrx_word' id='word_1_545' title='bbox 2424 3786 2687 3841; x_wconf 80' lang='lat' dir='ltr'><strong>Joannam</strong></span> <span class='ocrx_word' id='word_1_546' title='bbox 2727 3784 2785 3841; x_wconf 80' lang='lat' dir='ltr'><strong>in</strong></span> <span class='ocrx_word' id='word_1_547' title='bbox 2813 3789 3109 3842; x_wconf 84' lang='lat' dir='ltr'><strong>cloacarum</strong></span> <span class='ocrx_word' id='word_1_548' title='bbox 3150 3786 3511 3842; x_wconf 83' lang='lat' dir='ltr'><strong>Romanarum</strong></span> <span class='ocrx_word' id='word_1_549' title='bbox 3551 3800 3770 3856; x_wconf 83' lang='lat' dir='ltr'><strong>repara-</strong></span> 
     </span>
    </p>
   </div>
   <div class='ocr_carea' id='block_1_84' title="bbox 2698 3859 3162 3929">
    <p class='ocr_par' dir='ltr' id='par_1_84' title="bbox 2698 3859 3162 3929">
     <span class='ocr_line' id='line_1_84' title="bbox 2698 3859 3162 3929; baseline -0.002 -17"><span class='ocrx_word' id='word_1_550' title='bbox 2698 3862 2701 3863; x_wconf 63' lang='grc'><strong><em>⁷</em></strong></span> <span class='ocrx_word' id='word_1_551' title='bbox 2768 3859 2909 3912; x_wconf 83' lang='lat' dir='ltr'><strong>tione</strong></span> <span class='ocrx_word' id='word_1_552' title='bbox 2935 3859 3162 3929; x_wconf 83' lang='lat' dir='ltr'><strong>adjuvet.</strong></span> 
     </span>
    </p>
   </div>
   <div class='ocr_carea' id='block_1_85' title="bbox 2251 3948 3771 4022">
    <p class='ocr_par' dir='ltr' id='par_1_85' title="bbox 2251 3948 3771 4022">
     <span class='ocr_line' id='line_1_85' title="bbox 2251 3948 3771 4022; baseline 0 -18"><span class='ocrx_word' id='word_1_553' title='bbox 2251 3948 2509 4006; x_wconf 71' lang='lat' dir='ltr'><strong>Romamn</strong></span> <span class='ocrx_word' id='word_1_554' title='bbox 2559 3952 2795 4007; x_wconf 88' lang='lat' dir='ltr'><strong>civitatis</strong></span> <span class='ocrx_word' id='word_1_555' title='bbox 2841 3966 2969 4007; x_wconf 92' lang='lat' dir='ltr'><strong>cura</strong></span> <span class='ocrx_word' id='word_1_556' title='bbox 3014 3950 3216 4007; x_wconf 90' lang='lat' dir='ltr'><strong>nostris</strong></span> <span class='ocrx_word' id='word_1_557' title='bbox 3263 3949 3511 4006; x_wconf 88' lang='lat' dir='ltr'><strong>sensibus</strong></span> <span class='ocrx_word' id='word_1_558' title='bbox 3556 3964 3771 4022; x_wconf 87' lang='lat' dir='ltr'><strong>semper</strong></span> 
     </span>
    </p>
   </div>
   <div class='ocr_carea' id='block_1_86' title="bbox 2166 4039 3773 4111">
    <p class='ocr_par' dir='ltr' id='par_1_86' title="bbox 2166 4039 3773 4111">
     <span class='ocr_line' id='line_1_86' title="bbox 2166 4039 3773 4111; baseline -0.002 -15"><span class='ocrx_word' id='word_1_559' title='bbox 2166 4041 2429 4110; x_wconf 89' lang='lat' dir='ltr'><strong>invigilat.</strong></span> <span class='ocrx_word' id='word_1_560' title='bbox 2445 4040 2583 4108; x_wconf 90' lang='lat' dir='ltr'><strong>Quid</strong></span> <span class='ocrx_word' id='word_1_561' title='bbox 2609 4049 2694 4097; x_wconf 90' lang='lat' dir='ltr'><strong>est</strong></span> <span class='ocrx_word' id='word_1_562' title='bbox 2721 4041 2867 4096; x_wconf 89' lang='lat' dir='ltr'><strong>enim</strong></span> <span class='ocrx_word' id='word_1_563' title='bbox 2896 4039 3111 4110; x_wconf 89' lang='lat' dir='ltr'><strong>dignius</strong></span> <span class='ocrx_word' id='word_1_564' title='bbox 3139 4040 3287 4111; x_wconf 90' lang='lat' dir='ltr'><strong>quod</strong></span> <span class='ocrx_word' id='word_1_565' title='bbox 3315 4047 3555 4095; x_wconf 89' lang='lat' dir='ltr'><strong>tractare</strong></span> <span class='ocrx_word' id='word_1_566' title='bbox 3582 4039 3773 4095; x_wconf 85' lang='lat' dir='ltr'><strong>debea-</strong></span> 
     </span>
    </p>
   </div>
   <div class='ocr_carea' id='block_1_87' title="bbox 2166 4130 3768 4205">
    <p class='ocr_par' dir='ltr' id='par_1_87' title="bbox 2166 4130 3768 4205">
     <span class='ocr_line' id='line_1_87' title="bbox 2166 4130 3768 4205; baseline -0.004 -16"><span class='ocrx_word' id='word_1_567' title='bbox 2166 4149 2307 4201; x_wconf 89' lang='lat' dir='ltr'><strong>mus,</strong></span> <span class='ocrx_word' id='word_1_568' title='bbox 2355 4148 2518 4204; x_wconf 88' lang='lat' dir='ltr'><strong>quam</strong></span> <span class='ocrx_word' id='word_1_569' title='bbox 2546 4133 2663 4204; x_wconf 88' lang='lat' dir='ltr'><strong>eius</strong></span> <span class='ocrx_word' id='word_1_570' title='bbox 2709 4134 3111 4204; x_wconf 88' lang='lat' dir='ltr'><strong>reparationem</strong></span> <span class='ocrx_word' id='word_1_571' title='bbox 3156 4130 3366 4201; x_wconf 85' lang='lat' dir='ltr'><strong>erigere</strong></span> <span class='ocrx_word' id='word_1_572' title='bbox 3396 4130 3519 4205; x_wconf 56' lang='lat' dir='ltr'><strong>[ma</strong></span> <span class='ocrx_word' id='word_1_573' title='bbox 3550 4131 3689 4185; x_wconf 83' lang='lat' dir='ltr'><strong>Aud.</strong></span> <span class='ocrx_word' id='word_1_574' title='bbox 3719 4141 3768 4184; x_wconf 85' lang='lat' dir='ltr'><strong>et</strong></span> 
     </span>
    </p>
   </div>
   <div class='ocr_carea' id='block_1_88' title="bbox 2174 4223 3767 4297">
    <p class='ocr_par' dir='ltr' id='par_1_88' title="bbox 2174 4223 3767 4297">
     <span class='ocr_line' id='line_1_88' title="bbox 2174 4223 3767 4297; baseline -0.004 -17"><span class='ocrx_word' id='word_1_575' title='bbox 2174 4225 2289 4280; x_wconf 72' lang='lat' dir='ltr'><strong>Yet.</strong></span> <span class='ocrx_word' id='word_1_576' title='bbox 2322 4224 2515 4295; x_wconf 66' lang='lat' dir='ltr'><strong>Form,</strong></span> <span class='ocrx_word' id='word_1_577' title='bbox 2547 4223 2780 4297; x_wconf 88' lang='lat' dir='ltr'><strong>eligere]</strong></span> <span class='ocrx_word' id='word_1_578' title='bbox 2823 4239 2984 4295; x_wconf 88' lang='lat' dir='ltr'><strong>quam</strong></span> <span class='ocrx_word' id='word_1_579' title='bbox 3016 4231 3265 4280; x_wconf 90' lang='lat' dir='ltr'><strong>ornatum</strong></span> <span class='ocrx_word' id='word_1_580' title='bbox 3311 4229 3529 4278; x_wconf 91' lang='lat' dir='ltr'><strong>constat</strong></span> <span class='ocrx_word' id='word_1_581' title='bbox 3567 4229 3767 4277; x_wconf 72' lang='lat' dir='ltr'><strong>nostra:</strong></span> 
     </span>
    </p>
   </div>
   <div class='ocr_carea' id='block_1_89' title="bbox 2164 4313 3767 4389">
    <p class='ocr_par' dir='ltr' id='par_1_89' title="bbox 2164 4313 3767 4389">
     <span class='ocr_line' id='line_1_89' title="bbox 2164 4313 3767 4389; baseline -0.004 -15"><span class='ocrx_word' id='word_1_582' title='bbox 2164 4317 2374 4389; x_wconf 88' lang='lat' dir='ltr'><strong>reipub.</strong></span> <span class='ocrx_word' id='word_1_583' title='bbox 2408 4317 2722 4372; x_wconf 88' lang='lat' dir='ltr'><strong>continere?</strong></span> <span class='ocrx_word' id='word_1_584' title='bbox 2770 4314 3004 4371; x_wconf 91' lang='lat' dir='ltr'><strong>Proinde</strong></span> <span class='ocrx_word' id='word_1_585' title='bbox 3049 4313 3272 4371; x_wconf 90' lang='lat' dir='ltr'><strong>illustris</strong></span> <span class='ocrx_word' id='word_1_586' title='bbox 3318 4313 3626 4369; x_wconf 88' lang='lat' dir='ltr'><strong>sublimitas</strong></span> <span class='ocrx_word' id='word_1_587' title='bbox 3676 4322 3767 4368; x_wconf 89' lang='lat' dir='ltr'><strong>tua</strong></span> 
     </span>
    </p>
   </div>
   <div class='ocr_carea' id='block_1_90' title="bbox 2160 4407 3763 4484">
    <p class='ocr_par' dir='ltr' id='par_1_90' title="bbox 2160 4407 3763 4484">
     <span class='ocr_line' id='line_1_90' title="bbox 2160 4407 3763 4484; baseline -0.005 -17"><span class='ocrx_word' id='word_1_588' title='bbox 2160 4410 2512 4484; x_wconf 78' lang='lat' dir='ltr'><strong>Spectabilem</strong></span> <span class='ocrx_word' id='word_1_589' title='bbox 2540 4410 2713 4464; x_wconf 90' lang='lat' dir='ltr'><strong>virum</strong></span> <span class='ocrx_word' id='word_1_590' title='bbox 2742 4408 3005 4465; x_wconf 81' lang='lat' dir='ltr'><strong>Joannem</strong></span> <span class='ocrx_word' id='word_1_591' title='bbox 3036 4423 3135 4463; x_wconf 91' lang='lat' dir='ltr'><strong>nos</strong></span> <span class='ocrx_word' id='word_1_592' title='bbox 3155 4407 3419 4462; x_wconf 85' lang='lat' dir='ltr'><strong>direxisse</strong></span> <span class='ocrx_word' id='word_1_593' title='bbox 3438 4412 3763 4475; x_wconf 86' lang='lat' dir='ltr'><strong>cognoscat,</strong></span> 
     </span>
    </p>
   </div>
   <div class='ocr_carea' id='block_1_91' title="bbox 2166 4496 3765 4574">
    <p class='ocr_par' dir='ltr' id='par_1_91' title="bbox 2166 4496 3765 4574">
     <span class='ocr_line' id='line_1_91' title="bbox 2166 4496 3765 4574; baseline -0.003 -17"><span class='ocrx_word' id='word_1_594' title='bbox 2166 4511 2391 4574; x_wconf 88' lang='lat' dir='ltr'><strong>propter</strong></span> <span class='ocrx_word' id='word_1_595' title='bbox 2435 4501 2744 4574; x_wconf 89' lang='lat' dir='ltr'><strong>splendidas</strong></span> <span class='ocrx_word' id='word_1_596' title='bbox 2788 4500 3046 4557; x_wconf 67' lang='lat' dir='ltr'><strong>Romanae</strong></span> <span class='ocrx_word' id='word_1_597' title='bbox 3085 4500 3317 4556; x_wconf 87' lang='lat' dir='ltr'><strong>civitatis</strong></span> <span class='ocrx_word' id='word_1_598' title='bbox 3357 4496 3614 4567; x_wconf 81' lang='lat' dir='ltr'><strong>cloacas;</strong></span> <span class='ocrx_word' id='word_1_599' title='bbox 3644 4512 3765 4568; x_wconf 72' lang='lat' dir='ltr'><strong>qua:</strong></span> 
     </span>
    </p>
   </div>
   <div class='ocr_carea' id='block_1_92' title="bbox 467 4578 3761 4664">
    <p class='ocr_par' dir='ltr' id='par_1_92' title="bbox 467 4578 3761 4664">
     <span class='ocr_line' id='line_1_92' title="bbox 467 4578 3761 4664; baseline 0.003 -29"><span class='ocrx_word' id='word_1_600' title='bbox 467 4586 678 4635; x_wconf 89' lang='lat' dir='ltr'><strong>terrore</strong></span> <span class='ocrx_word' id='word_1_601' title='bbox 705 4581 956 4639; x_wconf 90' lang='lat' dir='ltr'><strong>viderunt</strong></span> <span class='ocrx_word' id='word_1_602' title='bbox 979 4603 992 4639; x_wconf 91' lang='lat'><strong>:</strong></span> <span class='ocrx_word' id='word_1_603' title='bbox 1012 4588 1299 4656; x_wconf 91' lang='lat' dir='ltr'><strong>pretiosior</strong></span> <span class='ocrx_word' id='word_1_604' title='bbox 1324 4589 1495 4645; x_wconf 79' lang='lat' dir='ltr'><strong>tactus</strong></span> <span class='ocrx_word' id='word_1_605' title='bbox 1516 4591 1742 4657; x_wconf 89' lang='lat' dir='ltr'><strong>cunctis,</strong></span> <span class='ocrx_word' id='word_1_606' title='bbox 1766 4591 1888 4662; x_wconf 85' lang='lat' dir='ltr'><strong>quia</strong></span> <span class='ocrx_word' id='word_1_607' title='bbox 1914 4592 2061 4648; x_wconf 90' lang='lat' dir='ltr'><strong>nullo</strong></span> <span class='ocrx_word' id='word_1_608' title='bbox 2088 4578 2142 4641; x_wconf 81' lang='grc' dir='ltr'><strong>Ῑ)</strong></span> <span class='ocrx_word' id='word_1_609' title='bbox 2165 4603 2375 4652; x_wconf 88' lang='lat' dir='ltr'><strong>tantum</strong></span> <span class='ocrx_word' id='word_1_610' title='bbox 2424 4596 2721 4651; x_wconf 87' lang='lat' dir='ltr'><strong>visentibus</strong></span> <span class='ocrx_word' id='word_1_611' title='bbox 2761 4593 3048 4650; x_wconf 80' lang='lat' dir='ltr'><strong>conferunt</strong></span> <span class='ocrx_word' id='word_1_612' title='bbox 3088 4599 3395 4664; x_wconf 88' lang='lat' dir='ltr'><strong>stuporem,</strong></span> <span class='ocrx_word' id='word_1_613' title='bbox 3426 4600 3487 4646; x_wconf 89' lang='lat' dir='ltr'><strong>ut</strong></span> <span class='ocrx_word' id='word_1_614' title='bbox 3529 4590 3761 4646; x_wconf 85' lang='lat' dir='ltr'><strong>aliarum</strong></span> 
     </span>
    </p>
   </div>
   <div class='ocr_carea' id='block_1_93' title="bbox 464 4672 2058 4751">
    <p class='ocr_par' dir='ltr' id='par_1_93' title="bbox 464 4672 2058 4751">
     <span class='ocr_line' id='line_1_93' title="bbox 464 4672 2058 4751; baseline 0.011 -26"><span class='ocrx_word' id='word_1_615' title='bbox 464 4672 688 4743; x_wconf 55' lang='lat' dir='ltr'><strong>praemio</strong></span> <span class='ocrx_word' id='word_1_616' title='bbox 719 4674 824 4746; x_wconf 69' lang='grc' dir='ltr'><strong>[σά.</strong></span> <span class='ocrx_word' id='word_1_617' title='bbox 863 4677 957 4731; x_wconf 79' lang='lat' dir='ltr'><strong>Ac.</strong></span> <span class='ocrx_word' id='word_1_618' title='bbox 986 4678 1183 4751; x_wconf 90' lang='lat' dir='ltr'><strong>pretio]</strong></span> <span class='ocrx_word' id='word_1_619' title='bbox 1214 4682 1554 4739; x_wconf 89' lang='lat' dir='ltr'><strong>vendebaris.</strong></span> <span class='ocrx_word' id='word_1_620' title='bbox 1598 4684 1730 4751; x_wconf 87' lang='lat' dir='ltr'><strong>Quis</strong></span> <span class='ocrx_word' id='word_1_621' title='bbox 1759 4685 1921 4741; x_wconf 91' lang='lat' dir='ltr'><strong>talem</strong></span> <span class='ocrx_word' id='word_1_622' title='bbox 1949 4701 2058 4742; x_wconf 91' lang='lat' dir='ltr'><strong>non</strong></span> 
     </span>
    </p>
   </div>
   <div class='ocr_carea' id='block_1_94' title="bbox 463 4762 2060 4845">
    <p class='ocr_par' dir='ltr' id='par_1_94' title="bbox 463 4762 2060 4845">
     <span class='ocr_line' id='line_1_94' title="bbox 463 4762 2060 4845; baseline 0.011 -27"><span class='ocrx_word' id='word_1_623' title='bbox 463 4762 735 4821; x_wconf 88' lang='lat' dir='ltr'><strong>desideret</strong></span> <span class='ocrx_word' id='word_1_624' title='bbox 762 4765 965 4833; x_wconf 85' lang='lat' dir='ltr'><strong>videre,</strong></span> <span class='ocrx_word' id='word_1_625' title='bbox 998 4770 1085 4826; x_wconf 92' lang='lat' dir='ltr'><strong>cui</strong></span> <span class='ocrx_word' id='word_1_626' title='bbox 1111 4786 1212 4828; x_wconf 89' lang='lat' dir='ltr'><strong>nos</strong></span> <span class='ocrx_word' id='word_1_627' title='bbox 1240 4774 1453 4844; x_wconf 89' lang='lat' dir='ltr'><strong>publice</strong></span> <span class='ocrx_word' id='word_1_628' title='bbox 1480 4783 1696 4831; x_wconf 90' lang='lat' dir='ltr'><strong>constat</strong></span> <span class='ocrx_word' id='word_1_629' title='bbox 1719 4778 1948 4845; x_wconf 88' lang='lat' dir='ltr'><strong>gratiam</strong></span> <span class='ocrx_word' id='word_1_630' title='bbox 1973 4793 2060 4834; x_wconf 88' lang='lat' dir='ltr'><strong>re-</strong></span> 
     </span>
    </p>
   </div>
   <div class='ocr_carea' id='block_1_95' title="bbox 464 4854 2050 4940">
    <p class='ocr_par' dir='ltr' id='par_1_95' title="bbox 464 4854 2050 4940">
     <span class='ocr_line' id='line_1_95' title="bbox 464 4854 2050 4940; baseline 0.01 -29"><span class='ocrx_word' id='word_1_631' title='bbox 464 4854 685 4913; x_wconf 75' lang='lat' dir='ltr'><strong>tulisse?</strong></span> <span class='ocrx_word' id='word_1_632' title='bbox 711 4855 846 4913; x_wconf 87' lang='lat' dir='ltr'><strong>Nam</strong></span> <span class='ocrx_word' id='word_1_633' title='bbox 870 4860 961 4933; x_wconf 91' lang='lat' dir='ltr'><strong>qui</strong></span> <span class='ocrx_word' id='word_1_634' title='bbox 1008 4861 1239 4921; x_wconf 84' lang='lat' dir='ltr'><strong>alterum</strong></span> <span class='ocrx_word' id='word_1_635' title='bbox 1285 4866 1580 4938; x_wconf 88' lang='lat' dir='ltr'><strong>reprimere</strong></span> <span class='ocrx_word' id='word_1_636' title='bbox 1617 4871 1798 4925; x_wconf 87' lang='lat' dir='ltr'><strong>conati</strong></span> <span class='ocrx_word' id='word_1_637' title='bbox 1842 4885 2050 4940; x_wconf 86' lang='lat' dir='ltr'><strong>sumus,</strong></span> 
     </span>
    </p>
   </div>
   <div class='ocr_carea' id='block_1_96' title="bbox 536 5085 2056 5213">
    <p class='ocr_par' dir='ltr' id='par_1_96' title="bbox 536 5085 2056 5213">
     <span class='ocr_line' id='line_1_96' title="bbox 536 5085 2056 5213; baseline 0.005 -70"><span class='ocrx_word' id='word_1_638' title='bbox 536 5085 687 5213; x_wconf 48' lang='grc' dir='ltr'><strong>ξαξιεὶ.</strong></span> <span class='ocrx_word' id='word_1_639' title='bbox 709 5094 766 5145; x_wconf 91' lang='lat' dir='ltr'><strong>et</strong></span> <span class='ocrx_word' id='word_1_640' title='bbox 791 5089 933 5162; x_wconf 68' lang='lat' dir='ltr'><strong>Cui,</strong></span> <span class='ocrx_word' id='word_1_641' title='bbox 956 5093 1077 5163; x_wconf 84' lang='lat' dir='ltr'><strong>quia</strong></span> <span class='ocrx_word' id='word_1_642' title='bbox 1095 5095 1181 5166; x_wconf 86' lang='lat' dir='ltr'><strong>qui</strong></span> <span class='ocrx_word' id='word_1_643' title='bbox 1210 5095 1441 5149; x_wconf 85' lang='lat' dir='ltr'><strong>noluitin</strong></span> <span class='ocrx_word' id='word_1_644' title='bbox 1463 5103 1715 5166; x_wconf 78' lang='lat' dir='ltr'><strong>potestate</strong></span> <span class='ocrx_word' id='word_1_645' title='bbox 1735 5103 1783 5150; x_wconf 88' lang='lat' dir='ltr'><strong>te</strong></span> <span class='ocrx_word' id='word_1_646' title='bbox 1808 5097 2056 5166; x_wconf 83' lang='lat' dir='ltr'><strong>positum,</strong></span> 
     </span>
    </p>
   </div>
   <div class='ocr_carea' id='block_1_97' title="bbox 464 5171 1569 5215">
    <p class='ocr_par' dir='ltr' id='par_1_97' title="bbox 464 5171 1569 5215">
     <span class='ocr_line' id='line_1_97' title="bbox 464 5171 1569 5215; baseline 0.002 -4"><span class='ocrx_word' id='word_1_647' title='bbox 464 5171 698 5215; x_wconf 61' lang='grc' dir='ltr'><strong>πείσεαι.</strong></span> <span class='ocrx_word' id='word_1_648' title='bbox 1554 5182 1569 5188; x_wconf 79' lang='grc'><em>’</em></span> 
     </span>
    </p>
   </div>
   <div class='ocr_carea' id='block_1_98' title="bbox 539 5229 2056 5311">
    <p class='ocr_par' dir='ltr' id='par_1_98' title="bbox 539 5229 2056 5311">
     <span class='ocr_line' id='line_1_98' title="bbox 539 5229 2056 5311; baseline 0.006 -27"><span class='ocrx_word' id='word_1_649' title='bbox 539 5229 923 5311; x_wconf 50' lang='lat' dir='ltr'><strong>anel&#39;ormitas</strong></span> <span class='ocrx_word' id='word_1_650' title='bbox 955 5234 1167 5311; x_wconf 70' lang='lat' dir='ltr'><strong>ruinam</strong></span> <span class='ocrx_word' id='word_1_651' title='bbox 1206 5234 1554 5311; x_wconf 59' lang='lat' dir='ltr'><strong>aediﬁciorum</strong></span> <span class='ocrx_word' id='word_1_652' title='bbox 1581 5252 1647 5291; x_wconf 92' lang='lat' dir='ltr'><strong>ac</strong></span> <span class='ocrx_word' id='word_1_653' title='bbox 1673 5253 1951 5311; x_wconf 79' lang='lat' dir='ltr'><strong>murorum</strong></span> <span class='ocrx_word' id='word_1_654' title='bbox 1982 5238 2056 5294; x_wconf 85' lang='lat' dir='ltr'><strong>si-</strong></span> 
     </span>
    </p>
   </div>
   <div class='ocr_carea' id='block_1_99' title="bbox 464 5297 2054 5374">
    <p class='ocr_par' dir='ltr' id='par_1_99' title="bbox 464 5297 2054 5374">
     <span class='ocr_line' id='line_1_99' title="bbox 464 5297 2054 5374; baseline 0.008 -23"><span class='ocrx_word' id='word_1_655' title='bbox 464 5297 706 5367; x_wconf 83' lang='lat' dir='ltr'><strong>gniﬁcat,</strong></span> <span class='ocrx_word' id='word_1_656' title='bbox 738 5310 818 5374; x_wconf 12' lang='lat' dir='ltr'><strong>ut!</strong></span> <span class='ocrx_word' id='word_1_657' title='bbox 838 5302 935 5359; x_wconf 83' lang='lat' dir='ltr'><strong>inf.</strong></span> <span class='ocrx_word' id='word_1_658' title='bbox 963 5303 1175 5374; x_wconf 85' lang='lat' dir='ltr'><strong>lib._vn,</strong></span> <span class='ocrx_word' id='word_1_659' title='bbox 1207 5306 1363 5362; x_wconf 82' lang='lat' dir='ltr'><strong>form.</strong></span> <span class='ocrx_word' id='word_1_660' title='bbox 1405 5306 1459 5374; x_wconf 87' lang='lat'><strong>6,</strong></span> <span class='ocrx_word' id='word_1_661' title='bbox 1488 5307 1540 5362; x_wconf 91' lang='lat' dir='ltr'><strong>in</strong></span> <span class='ocrx_word' id='word_1_662' title='bbox 1567 5309 1820 5363; x_wconf 79' lang='lat' dir='ltr'><strong>comitiva</strong></span> <span class='ocrx_word' id='word_1_663' title='bbox 1849 5309 2054 5363; x_wconf 80' lang='lat' dir='ltr'><strong>forma-</strong></span> 
     </span>
    </p>
   </div>
   <div class='ocr_carea' id='block_1_100' title="bbox 464 5372 2055 5446">
    <p class='ocr_par' dir='ltr' id='par_1_100' title="bbox 464 5372 2055 5446">
     <span class='ocr_line' id='line_1_100' title="bbox 464 5372 2055 5446; baseline 0.008 -24"><span class='ocrx_word' id='word_1_664' title='bbox 464 5385 585 5446; x_wconf 68' lang='lat' dir='ltr'><strong>rum</strong></span> <span class='ocrx_word' id='word_1_665' title='bbox 633 5372 986 5446; x_wconf 72' lang='lat' dir='ltr'><strong>ostendimus.</strong></span> <span class='ocrx_word' id='word_1_666' title='bbox 1032 5372 1222 5446; x_wconf 84' lang='lat' dir='ltr'><strong>Virgil.</strong></span> <span class='ocrx_word' id='word_1_667' title='bbox 1255 5392 1326 5431; x_wconf 77' lang='lat' dir='ltr'><strong>xu</strong></span> <span class='ocrx_word' id='word_1_668' title='bbox 1358 5372 1574 5432; x_wconf 64' lang='lat' dir='ltr'><strong>Eneid.</strong></span> <span class='ocrx_word' id='word_1_669' title='bbox 1607 5379 1903 5433; x_wconf 87' lang='lat' dir='ltr'><strong>accendere</strong></span> <span class='ocrx_word' id='word_1_670' title='bbox 1941 5379 2055 5435; x_wconf 89' lang='lat' dir='ltr'><strong>bel-</strong></span> 
     </span>
    </p>
   </div>
   <div class='ocr_carea' id='block_1_101' title="bbox 464 5440 2055 5519">
    <p class='ocr_par' dir='ltr' id='par_1_101' title="bbox 464 5440 2055 5519">
     <span class='ocr_line' id='line_1_101' title="bbox 464 5440 2055 5519; baseline 0.007 -25"><span class='ocrx_word' id='word_1_671' title='bbox 464 5440 595 5506; x_wconf 89' lang='lat' dir='ltr'><strong>lum,</strong></span> <span class='ocrx_word' id='word_1_672' title='bbox 622 5440 925 5519; x_wconf 80' lang='lat' dir='ltr'><strong>deformare</strong></span> <span class='ocrx_word' id='word_1_673' title='bbox 946 5440 1185 5519; x_wconf 75' lang='lat' dir='ltr'><strong>domum,</strong></span> <span class='ocrx_word' id='word_1_674' title='bbox 1201 5446 1252 5519; x_wconf 83' lang='lat' dir='ltr'><strong>id</strong></span> <span class='ocrx_word' id='word_1_675' title='bbox 1273 5456 1353 5519; x_wconf 84' lang='lat' dir='ltr'><strong>est</strong></span> <span class='ocrx_word' id='word_1_676' title='bbox 1373 5456 1636 5515; x_wconf 86' lang='lat' dir='ltr'><strong>evertere,</strong></span> <span class='ocrx_word' id='word_1_677' title='bbox 1660 5447 1695 5502; x_wconf 93' lang='lat' dir='ltr'><strong>l.</strong></span> <span class='ocrx_word' id='word_1_678' title='bbox 1718 5449 1809 5519; x_wconf 74' lang='grc'><strong>25.</strong></span> <span class='ocrx_word' id='word_1_679' title='bbox 1835 5447 2055 5519; x_wconf 78' lang='lat' dir='ltr'><strong>Lexque</strong></span> 
     </span>
    </p>
   </div>
   <div class='ocr_carea' id='block_1_102' title="bbox 462 5513 2054 5591">
    <p class='ocr_par' dir='ltr' id='par_1_102' title="bbox 462 5513 2054 5591">
     <span class='ocr_line' id='line_1_102' title="bbox 462 5513 2054 5591; baseline 0.005 -27"><span class='ocrx_word' id='word_1_680' title='bbox 462 5519 698 5591; x_wconf 61' lang='lat' dir='ltr'><strong>tutores,</strong></span> <span class='ocrx_word' id='word_1_681' title='bbox 728 5513 873 5591; x_wconf 29' lang='lat' dir='ltr'><strong>clude</strong></span> <span class='ocrx_word' id='word_1_682' title='bbox 901 5513 1193 5591; x_wconf 26' lang='lat' dir='ltr'><strong>admatut;</strong></span> <span class='ocrx_word' id='word_1_683' title='bbox 1232 5517 1385 5591; x_wconf 72' lang='lat' dir='ltr'><strong>iubet</strong></span> <span class='ocrx_word' id='word_1_684' title='bbox 1428 5513 1657 5591; x_wconf 78' lang='lat' dir='ltr'><strong>tutorem</strong></span> <span class='ocrx_word' id='word_1_685' title='bbox 1697 5513 2054 5591; x_wconf 70' lang='lat' dir='ltr'><strong>deformatum</strong></span> 
     </span>
    </p>
   </div>
   <div class='ocr_carea' id='block_1_103' title="bbox 465 5581 2052 5655">
    <p class='ocr_par' dir='ltr' id='par_1_103' title="bbox 465 5581 2052 5655">
     <span class='ocr_line' id='line_1_103' title="bbox 465 5581 2052 5655; baseline 0.006 -21"><span class='ocrx_word' id='word_1_686' title='bbox 465 5581 657 5655; x_wconf 81' lang='lat' dir='ltr'><strong>pupilli</strong></span> <span class='ocrx_word' id='word_1_687' title='bbox 681 5584 966 5655; x_wconf 82' lang='lat' dir='ltr'><strong>aedilicium</strong></span> <span class='ocrx_word' id='word_1_688' title='bbox 986 5581 1534 5644; x_wconf 48' lang='lat' dir='ltr'><strong>reticereCDel‘ormes</strong></span> <span class='ocrx_word' id='word_1_689' title='bbox 1564 5589 1754 5652; x_wconf 62' lang='lat' dir='ltr'><strong>ruinae,</strong></span> <span class='ocrx_word' id='word_1_690' title='bbox 1786 5588 1824 5643; x_wconf 92' lang='lat' dir='ltr'><strong>l.</strong></span> <span class='ocrx_word' id='word_1_691' title='bbox 1854 5587 1906 5654; x_wconf 70' lang='grc'><strong>4,</strong></span> <span class='ocrx_word' id='word_1_692' title='bbox 1932 5589 1969 5642; x_wconf 91' lang='lat' dir='ltr'><strong>l.</strong></span> <span class='ocrx_word' id='word_1_693' title='bbox 1998 5588 2052 5655; x_wconf 81' lang='lat'><strong>5,</strong></span> 
     </span>
    </p>
   </div>
   <div class='ocr_carea' id='block_1_104' title="bbox 469 5651 2054 5729">
    <p class='ocr_par' dir='ltr' id='par_1_104' title="bbox 469 5651 2054 5729">
     <span class='ocr_line' id='line_1_104' title="bbox 469 5651 2054 5729; baseline 0.006 -24"><span class='ocrx_word' id='word_1_694' title='bbox 469 5665 519 5729; x_wconf 89' lang='lat' dir='ltr'><strong>c.</strong></span> <span class='ocrx_word' id='word_1_695' title='bbox 550 5651 613 5705; x_wconf 86' lang='lat' dir='ltr'><strong>de</strong></span> <span class='ocrx_word' id='word_1_696' title='bbox 640 5652 783 5729; x_wconf 60' lang='lat' dir='ltr'><strong>cedif.</strong></span> <span class='ocrx_word' id='word_1_697' title='bbox 810 5657 1011 5729; x_wconf 46' lang='lat' dir='ltr'><strong>ptian</strong></span> <span class='ocrx_word' id='word_1_698' title='bbox 1027 5655 1296 5729; x_wconf 88' lang='lat' dir='ltr'><strong>Lamprid.</strong></span> <span class='ocrx_word' id='word_1_699' title='bbox 1317 5658 1625 5714; x_wconf 85' lang='lat' dir='ltr'><strong>Alexandro</strong></span> <span class='ocrx_word' id='word_1_700' title='bbox 1653 5658 1874 5724; x_wconf 87' lang='lat' dir='ltr'><strong>Severo,</strong></span> <span class='ocrx_word' id='word_1_701' title='bbox 1893 5651 2054 5713; x_wconf 37' lang='lat' dir='ltr'><strong>&#39;tbeaL</strong></span> 
     </span>
    </p>
   </div>
   <div class='ocr_carea' id='block_1_105' title="bbox 471 5721 2054 5798">
    <p class='ocr_par' dir='ltr' id='par_1_105' title="bbox 471 5721 2054 5798">
     <span class='ocr_line' id='line_1_105' title="bbox 471 5721 2054 5798; baseline 0.008 -25"><span class='ocrx_word' id='word_1_702' title='bbox 471 5728 613 5774; x_wconf 86' lang='lat' dir='ltr'><strong>trum</strong></span> <span class='ocrx_word' id='word_1_703' title='bbox 646 5721 883 5779; x_wconf 80' lang='lat' dir='ltr'><strong>Marcelli</strong></span> <span class='ocrx_word' id='word_1_704' title='bbox 920 5721 1351 5784; x_wconf 49' lang='lat' dir='ltr'><strong>reticere-voluit</strong></span> <span class='ocrx_word' id='word_1_705' title='bbox 1374 5729 1556 5784; x_wconf 91' lang='lat' dir='ltr'><strong>multis</strong></span> <span class='ocrx_word' id='word_1_706' title='bbox 1582 5721 1907 5793; x_wconf 84' lang='lat' dir='ltr'><strong>civitatibus,</strong></span> <span class='ocrx_word' id='word_1_707' title='bbox 1936 5742 2054 5798; x_wconf 66' lang='lat' dir='ltr'><strong>qua:</strong></span> 
     </span>
    </p>
   </div>
   <div class='ocr_carea' id='block_1_106' title="bbox 471 5798 2053 5862">
    <p class='ocr_par' dir='ltr' id='par_1_106' title="bbox 471 5798 2053 5862">
     <span class='ocr_line' id='line_1_106' title="bbox 471 5798 2053 5862; baseline 0.004 -14"><span class='ocrx_word' id='word_1_708' title='bbox 471 5798 596 5862; x_wconf 85' lang='lat' dir='ltr'><strong>post</strong></span> <span class='ocrx_word' id='word_1_709' title='bbox 623 5799 964 5851; x_wconf 70' lang='lat' dir='ltr'><strong>terminatus</strong></span> <span class='ocrx_word' id='word_1_710' title='bbox 998 5798 1266 5855; x_wconf 81' lang='lat' dir='ltr'><strong>deformes</strong></span> <span class='ocrx_word' id='word_1_711' title='bbox 1295 5808 1468 5862; x_wconf 85' lang='lat' dir='ltr'><strong>erant,</strong></span> <span class='ocrx_word' id='word_1_712' title='bbox 1508 5800 1573 5854; x_wconf 90' lang='lat' dir='ltr'><strong>ad</strong></span> <span class='ocrx_word' id='word_1_713' title='bbox 1614 5800 2053 5855; x_wconf 88' lang='lat' dir='ltr'><strong>instaurationem</strong></span> 
     </span>
    </p>
   </div>
   <div class='ocr_carea' id='block_1_107' title="bbox 471 5867 2053 5944">
    <p class='ocr_par' dir='ltr' id='par_1_107' title="bbox 471 5867 2053 5944">
     <span class='ocr_line' id='line_1_107' title="bbox 471 5867 2053 5944; baseline 0.006 -26"><span class='ocrx_word' id='word_1_714' title='bbox 471 5878 699 5938; x_wconf 87' lang='lat' dir='ltr'><strong>operum</strong></span> <span class='ocrx_word' id='word_1_715' title='bbox 727 5873 783 5921; x_wconf 88' lang='lat' dir='ltr'><strong>et</strong></span> <span class='ocrx_word' id='word_1_716' title='bbox 810 5867 1164 5939; x_wconf 88' lang='lat' dir='ltr'><strong>privatorum,</strong></span> <span class='ocrx_word' id='word_1_717' title='bbox 1205 5880 1261 5926; x_wconf 90' lang='lat' dir='ltr'><strong>et</strong></span> <span class='ocrx_word' id='word_1_718' title='bbox 1301 5870 1637 5941; x_wconf 86' lang='lat' dir='ltr'><strong>publicorum</strong></span> <span class='ocrx_word' id='word_1_719' title='bbox 1664 5871 1945 5944; x_wconf 82' lang='lat' dir='ltr'><strong>pecuniam</strong></span> <span class='ocrx_word' id='word_1_720' title='bbox 1986 5887 2053 5928; x_wconf 84' lang='lat' dir='ltr'><strong>ex</strong></span> 
     </span>
    </p>
   </div>
   <div class='ocr_carea' id='block_1_108' title="bbox 2162 4682 3769 4759">
    <p class='ocr_par' dir='ltr' id='par_1_108' title="bbox 2162 4682 3769 4759">
     <span class='ocr_line' id='line_1_108' title="bbox 2162 4682 3769 4759; baseline -0.003 -16"><span class='ocrx_word' id='word_1_721' title='bbox 2162 4688 2441 4743; x_wconf 85' lang='lat' dir='ltr'><strong>civitatum</strong></span> <span class='ocrx_word' id='word_1_722' title='bbox 2468 4688 2680 4759; x_wconf 90' lang='lat' dir='ltr'><strong>possint</strong></span> <span class='ocrx_word' id='word_1_723' title='bbox 2707 4687 2968 4743; x_wconf 89' lang='lat' dir='ltr'><strong>miracula</strong></span> <span class='ocrx_word' id='word_1_724' title='bbox 2996 4699 3275 4756; x_wconf 89' lang='lat' dir='ltr'><strong>superare.</strong></span> <span class='ocrx_word' id='word_1_725' title='bbox 3303 4684 3504 4740; x_wconf 79' lang='lat' dir='ltr'><strong>Videas</strong></span> <span class='ocrx_word' id='word_1_726' title='bbox 3531 4682 3646 4739; x_wconf 90' lang='lat' dir='ltr'><strong>illic</strong></span> <span class='ocrx_word' id='word_1_727' title='bbox 3675 4682 3769 4738; x_wconf 83' lang='lat' dir='ltr'><strong>llu-</strong></span> 
     </span>
    </p>
   </div>
   <div class='ocr_carea' id='block_1_109' title="bbox 2159 4773 3760 4852">
    <p class='ocr_par' dir='ltr' id='par_1_109' title="bbox 2159 4773 3760 4852">
     <span class='ocr_line' id='line_1_109' title="bbox 2159 4773 3760 4852; baseline -0.004 -17"><span class='ocrx_word' id='word_1_728' title='bbox 2159 4780 2302 4849; x_wconf 88' lang='lat' dir='ltr'><strong>vios,</strong></span> <span class='ocrx_word' id='word_1_729' title='bbox 2329 4781 2483 4852; x_wconf 91' lang='lat' dir='ltr'><strong>quasi</strong></span> <span class='ocrx_word' id='word_1_730' title='bbox 2525 4780 2801 4837; x_wconf 89' lang='lat' dir='ltr'><strong>montibus</strong></span> <span class='ocrx_word' id='word_1_731' title='bbox 2827 4780 3079 4835; x_wconf 90' lang='lat' dir='ltr'><strong>concavis</strong></span> <span class='ocrx_word' id='word_1_732' title='bbox 3112 4778 3345 4844; x_wconf 88' lang='lat' dir='ltr'><strong>clausos,</strong></span> <span class='ocrx_word' id='word_1_733' title='bbox 3391 4790 3492 4849; x_wconf 89' lang='lat' dir='ltr'><strong>per</strong></span> <span class='ocrx_word' id='word_1_734' title='bbox 3521 4773 3760 4845; x_wconf 87' lang='lat' dir='ltr'><strong>ingentia</strong></span> 
     </span>
    </p>
   </div>
   <div class='ocr_carea' id='block_1_110' title="bbox 2162 4868 3763 4939">
    <p class='ocr_par' dir='ltr' id='par_1_110' title="bbox 2162 4868 3763 4939">
     <span class='ocr_line' id='line_1_110' title="bbox 2162 4868 3763 4939; baseline -0.002 -14"><span class='ocrx_word' id='word_1_735' title='bbox 2162 4868 2307 4939; x_wconf 90' lang='lat' dir='ltr'><strong>ligna</strong></span> <span class='ocrx_word' id='word_1_736' title='bbox 2337 4882 2359 4911; x_wconf 77' lang='grc' dir='ltr'><strong><em>ο</em></strong></span> <span class='ocrx_word' id='word_1_737' title='bbox 2385 4870 2694 4927; x_wconf 87' lang='lat' dir='ltr'><strong>decurrere.</strong></span> <span class='ocrx_word' id='word_1_738' title='bbox 2725 4869 2925 4927; x_wconf 81' lang='lat' dir='ltr'><strong>Videas</strong></span> <span class='ocrx_word' id='word_1_739' title='bbox 2951 4871 3173 4927; x_wconf 88' lang='lat' dir='ltr'><strong>structis</strong></span> <span class='ocrx_word' id='word_1_740' title='bbox 3200 4869 3425 4925; x_wconf 90' lang='lat' dir='ltr'><strong>navibus</strong></span> <span class='ocrx_word' id='word_1_741' title='bbox 3459 4881 3563 4939; x_wconf 91' lang='lat' dir='ltr'><strong>per</strong></span> <span class='ocrx_word' id='word_1_742' title='bbox 3596 4880 3763 4938; x_wconf 86' lang='lat' dir='ltr'><strong>aquas</strong></span> 
     </span>
    </p>
   </div>
   <div class='ocr_carea' id='block_1_111' title="bbox 2166 5093 3759 5166">
    <p class='ocr_par' dir='ltr' id='par_1_111' title="bbox 2166 5093 3759 5166">
     <span class='ocr_line' id='line_1_111' title="bbox 2166 5093 3759 5166; baseline -0.003 -15"><span class='ocrx_word' id='word_1_743' title='bbox 2166 5094 2516 5166; x_wconf 82' lang='lat' dir='ltr'><strong>vectigalibus</strong></span> <span class='ocrx_word' id='word_1_744' title='bbox 2539 5095 2705 5154; x_wconf 89' lang='lat' dir='ltr'><strong>dedit.</strong></span> <span class='ocrx_word' id='word_1_745' title='bbox 2729 5096 2767 5151; x_wconf 93' lang='grc' dir='ltr'><strong>Ι.</strong></span> <span class='ocrx_word' id='word_1_746' title='bbox 2793 5094 2828 5149; x_wconf 74' lang='grc'>4</span> <span class='ocrx_word' id='word_1_747' title='bbox 2852 5104 2905 5151; x_wconf 90' lang='lat' dir='ltr'><strong>et</strong></span> <span class='ocrx_word' id='word_1_748' title='bbox 2931 5096 2969 5151; x_wconf 93' lang='lat' dir='ltr'><strong>l.</strong></span> <span class='ocrx_word' id='word_1_749' title='bbox 2992 5094 3077 5162; x_wconf 86' lang='lat' dir='ltr'><strong>l6,</strong></span> <span class='ocrx_word' id='word_1_750' title='bbox 3096 5095 3431 5166; x_wconf 87' lang='lat' dir='ltr'><strong>Quicunque,</strong></span> <span class='ocrx_word' id='word_1_751' title='bbox 3450 5108 3501 5166; x_wconf 77' lang='lat' dir='ltr'><strong>c.</strong></span> <span class='ocrx_word' id='word_1_752' title='bbox 3528 5093 3595 5166; x_wconf 72' lang='lat' dir='ltr'><strong>de</strong></span> <span class='ocrx_word' id='word_1_753' title='bbox 3615 5109 3759 5164; x_wconf 85' lang='lat' dir='ltr'><strong>oper.</strong></span> 
     </span>
    </p>
   </div>
   <div class='ocr_carea' id='block_1_112' title="bbox 2166 5165 3761 5238">
    <p class='ocr_par' dir='ltr' id='par_1_112' title="bbox 2166 5165 3761 5238">
     <span class='ocr_line' id='line_1_112' title="bbox 2166 5165 3761 5238; baseline -0.001 -17"><span class='ocrx_word' id='word_1_754' title='bbox 2166 5165 2493 5238; x_wconf 31' lang='lat' dir='ltr'><strong>publ.’Adde</strong></span> <span class='ocrx_word' id='word_1_755' title='bbox 2513 5183 2633 5237; x_wconf 69' lang='lat' dir='ltr'><strong>qua:</strong></span> <span class='ocrx_word' id='word_1_756' title='bbox 2648 5167 3113 5223; x_wconf 84' lang='lat' dir='ltr'><strong>infraincomitiva</strong></span> <span class='ocrx_word' id='word_1_757' title='bbox 3129 5167 3232 5222; x_wconf 82' lang='lat' dir='ltr'><strong>for.</strong></span> <span class='ocrx_word' id='word_1_758' title='bbox 3248 5165 3527 5233; x_wconf 87' lang='lat' dir='ltr'><strong>adnotavi,</strong></span> <span class='ocrx_word' id='word_1_759' title='bbox 3557 5165 3651 5220; x_wconf 87' lang='lat' dir='ltr'><strong>lib.</strong></span> <span class='ocrx_word' id='word_1_760' title='bbox 3666 5177 3761 5227; x_wconf 83' lang='lat' dir='ltr'><strong>vn,</strong></span> 
     </span>
    </p>
   </div>
   <div class='ocr_carea' id='block_1_113' title="bbox 2162 5236 3759 5390">
    <p class='ocr_par' dir='ltr' id='par_1_113' title="bbox 2162 5236 3759 5390">
     <span class='ocr_line' id='line_1_113' title="bbox 2162 5236 2666 5293; baseline -0.002 -1"><span class='ocrx_word' id='word_1_761' title='bbox 2162 5236 2324 5293; x_wconf 79' lang='lat' dir='ltr'><strong>l&#39;orm.</strong></span> <span class='ocrx_word' id='word_1_762' title='bbox 2352 5238 2403 5292; x_wconf 88' lang='lat'><strong>7.</strong></span> <span class='ocrx_word' id='word_1_763' title='bbox 2428 5236 2666 5293; x_wconf 71' lang='lat' dir='ltr'><strong>Fonnsn.</strong></span> 
     </span>
     <span class='ocr_line' id='line_1_114' title="bbox 2163 5306 3759 5390; baseline -0.001 -29"><span class='ocrx_word' id='word_1_764' title='bbox 2163 5377 2197 5390; x_wconf 41' lang='lat' dir='ltr'><strong>ﬂ</strong></span> <span class='ocrx_word' id='word_1_765' title='bbox 2239 5320 2261 5347; x_wconf 75' lang='grc' dir='ltr'><strong>ε</strong></span> <span class='ocrx_word' id='word_1_766' title='bbox 2302 5308 2363 5390; x_wconf 80' lang='lat' dir='ltr'><strong>D_.</strong></span> <span class='ocrx_word' id='word_1_767' title='bbox 2395 5307 2567 5390; x_wconf 73' lang='lat' dir='ltr'><strong>iuret.</strong></span> <span class='ocrx_word' id='word_1_768' title='bbox 2608 5308 2737 5390; x_wconf 74' lang='lat' dir='ltr'><strong>legit</strong></span> <span class='ocrx_word' id='word_1_769' title='bbox 2769 5307 2824 5390; x_wconf 68' lang='lat' dir='ltr'><strong>in</strong></span> <span class='ocrx_word' id='word_1_770' title='bbox 2854 5306 2920 5363; x_wconf 71' lang='grc' dir='ltr'><strong>γ.</strong></span> <span class='ocrx_word' id='word_1_771' title='bbox 2945 5307 3008 5363; x_wconf 88' lang='lat' dir='ltr'><strong>C.</strong></span> <span class='ocrx_word' id='word_1_772' title='bbox 3038 5309 3200 5390; x_wconf 76' lang='lat' dir='ltr'><strong>ligna.</strong></span> <span class='ocrx_word' id='word_1_773' title='bbox 3232 5306 3429 5390; x_wconf 49' lang='lat' dir='ltr'><strong>Sicuin</strong></span> <span class='ocrx_word' id='word_1_774' title='bbox 3473 5306 3759 5390; x_wconf 66' lang='lat' dir='ltr'><strong>aenigmate</strong></span> 
     </span>
    </p>
   </div>
   <div class='ocr_carea' id='block_1_114' title="bbox 2161 5376 3753 5504">
    <p class='ocr_par' dir='ltr' id='par_1_114' title="bbox 2161 5376 3753 5504">
     <span class='ocr_line' id='line_1_115' title="bbox 2161 5376 3753 5504; baseline -0.004 -69"><span class='ocrx_word' id='word_1_775' title='bbox 2161 5377 2489 5504; x_wconf 51' lang='grc' dir='ltr'><strong>ξέιξιέἱιέῗεϋ,</strong></span> <span class='ocrx_word' id='word_1_776' title='bbox 2535 5393 2653 5450; x_wconf 89' lang='lat' dir='ltr'><strong>cap.</strong></span> <span class='ocrx_word' id='word_1_777' title='bbox 2672 5376 2746 5433; x_wconf 76' lang='lat' dir='ltr'><strong>In</strong></span> <span class='ocrx_word' id='word_1_778' title='bbox 2786 5379 2931 5448; x_wconf 88' lang='lat' dir='ltr'><strong>ligno</strong></span> <span class='ocrx_word' id='word_1_779' title='bbox 2975 5376 3189 5435; x_wconf 86' lang='lat' dir='ltr'><strong>vehitur</strong></span> <span class='ocrx_word' id='word_1_780' title='bbox 3232 5377 3434 5447; x_wconf 89' lang='lat' dir='ltr'><strong>medio,</strong></span> <span class='ocrx_word' id='word_1_781' title='bbox 3462 5392 3583 5448; x_wconf 61' lang='lat' dir='ltr'><strong>quae</strong></span> <span class='ocrx_word' id='word_1_782' title='bbox 3612 5376 3753 5445; x_wconf 83' lang='lat' dir='ltr'><strong>ligna</strong></span> 
     </span>
    </p>
   </div>
   <div class='ocr_carea' id='block_1_115' title="bbox 2161 5465 2411 5504">
    <p class='ocr_par' dir='ltr' id='par_1_115' title="bbox 2161 5465 2411 5504">
     <span class='ocr_line' id='line_1_116' title="bbox 2161 5465 2411 5504; baseline 0 -1"><span class='ocrx_word' id='word_1_783' title='bbox 2161 5465 2411 5504; x_wconf 85' lang='lat' dir='ltr'><strong>venenat.</strong></span> 
     </span>
    </p>
   </div>
   <div class='ocr_carea' id='block_1_116' title="bbox 2229 5516 3761 5602">
    <p class='ocr_par' dir='ltr' id='par_1_116' title="bbox 2229 5516 3761 5602">
     <span class='ocr_line' id='line_1_117' title="bbox 2229 5516 3761 5602; baseline -0.003 -28"><span class='ocrx_word' id='word_1_784' title='bbox 2229 5520 2345 5602; x_wconf 80' lang='lat' dir='ltr'><strong>Per_</strong></span> <span class='ocrx_word' id='word_1_785' title='bbox 2361 5520 2591 5591; x_wconf 81' lang='lat' dir='ltr'><strong>ingentia</strong></span> <span class='ocrx_word' id='word_1_786' title='bbox 2615 5521 2783 5592; x_wconf 80' lang='lat' dir='ltr'><strong>signa.</strong></span> <span class='ocrx_word' id='word_1_787' title='bbox 2812 5520 2896 5602; x_wconf 81' lang='lat' dir='ltr'><strong>A_l.</strong></span> <span class='ocrx_word' id='word_1_788' title='bbox 2921 5536 3013 5591; x_wconf 84' lang='lat' dir='ltr'><strong>per</strong></span> <span class='ocrx_word' id='word_1_789' title='bbox 3040 5520 3276 5602; x_wconf 62' lang='lat' dir='ltr'><strong>iugentia</strong></span> <span class='ocrx_word' id='word_1_790' title='bbox 3299 5519 3468 5602; x_wconf 54' lang='lat' dir='ltr'><strong>tigna.</strong></span> <span class='ocrx_word' id='word_1_791' title='bbox 3502 5516 3761 5602; x_wconf 72' lang='lat' dir='ltr'><strong>suspicor</strong></span> 
     </span>
    </p>
   </div>
   <div class='ocr_carea' id='block_1_117' title="bbox 2157 5589 3753 5660">
    <p class='ocr_par' dir='ltr' id='par_1_117' title="bbox 2157 5589 3753 5660">
     <span class='ocr_line' id='line_1_118' title="bbox 2157 5589 3753 5660; baseline -0.002 -15"><span class='ocrx_word' id='word_1_792' title='bbox 2157 5589 2441 5659; x_wconf 82' lang='lat' dir='ltr'><strong>legendum</strong></span> <span class='ocrx_word' id='word_1_793' title='bbox 2466 5589 2679 5660; x_wconf 54' lang='lat' dir='ltr'><strong>stagna:</strong></span> <span class='ocrx_word' id='word_1_794' title='bbox 2700 5605 2813 5660; x_wconf 85' lang='lat' dir='ltr'><strong>arg.</strong></span> <span class='ocrx_word' id='word_1_795' title='bbox 2838 5593 2875 5645; x_wconf 89' lang='grc' dir='ltr'><strong>Ι.</strong></span> <span class='ocrx_word' id='word_1_796' title='bbox 2904 5589 2997 5645; x_wconf 83' lang='lat' dir='ltr'><strong>un.</strong></span> <span class='ocrx_word' id='word_1_797' title='bbox 3018 5589 3160 5647; x_wconf 78' lang='lat' dir='ltr'><strong>utin</strong></span> <span class='ocrx_word' id='word_1_798' title='bbox 3186 5589 3631 5660; x_wconf 39' lang='lat' dir='ltr'><strong>numinibtpubl.</strong></span> <span class='ocrx_word' id='word_1_799' title='bbox 3657 5602 3753 5660; x_wconf 80' lang='lat' dir='ltr'><strong>na-</strong></span> 
     </span>
    </p>
   </div>
   <div class='ocr_carea' id='block_1_118' title="bbox 2157 5658 3757 5734">
    <p class='ocr_par' dir='ltr' id='par_1_118' title="bbox 2157 5658 3757 5734">
     <span class='ocr_line' id='line_1_119' title="bbox 2157 5658 3757 5734; baseline -0.004 -19"><span class='ocrx_word' id='word_1_800' title='bbox 2157 5658 2265 5734; x_wconf 73' lang='lat' dir='ltr'><strong>vig.</strong></span> <span class='ocrx_word' id='word_1_801' title='bbox 2293 5660 2458 5734; x_wconf 81' lang='lat' dir='ltr'><strong>li.,_ct</strong></span> <span class='ocrx_word' id='word_1_802' title='bbox 2490 5661 2528 5715; x_wconf 92' lang='lat' dir='ltr'><strong>l.</strong></span> <span class='ocrx_word' id='word_1_803' title='bbox 2548 5658 2743 5734; x_wconf 29' lang='lat' dir='ltr'><strong>‘2.A§__si</strong></span> <span class='ocrx_word' id='word_1_804' title='bbox 2768 5658 3167 5734; x_wconf 5' lang='lat' dir='ltr'><strong>quisicloacam,</strong></span> <span class='ocrx_word' id='word_1_805' title='bbox 3203 5661 3230 5734; x_wconf 84' lang='lat'>§</span> <span class='ocrx_word' id='word_1_806' title='bbox 3259 5661 3413 5734; x_wconf 63' lang='grc' dir='ltr'><strong>ἱάεο,⁵</strong></span> <span class='ocrx_word' id='word_1_807' title='bbox 3431 5658 3520 5734; x_wconf 47' lang='lat' dir='ltr'><strong>lie</strong></span> <span class='ocrx_word' id='word_1_808' title='bbox 3548 5658 3674 5734; x_wconf 64' lang='lat' dir='ltr'><strong>quid</strong></span> <span class='ocrx_word' id='word_1_809' title='bbox 3702 5659 3757 5709; x_wconf 81' lang='lat' dir='ltr'><strong>in</strong></span> 
     </span>
    </p>
   </div>
   <div class='ocr_carea' id='block_1_119' title="bbox 2157 5729 3748 5811">
    <p class='ocr_par' dir='ltr' id='par_1_119' title="bbox 2157 5729 3748 5811">
     <span class='ocr_line' id='line_1_120' title="bbox 2157 5729 3748 5811; baseline -0.001 -29"><span class='ocrx_word' id='word_1_810' title='bbox 2157 5731 2274 5811; x_wconf 63' lang='lat' dir='ltr'><strong>ioco</strong></span> <span class='ocrx_word' id='word_1_811' title='bbox 2303 5729 2478 5811; x_wconf 76' lang='lat' dir='ltr'><strong>publ.;</strong></span> <span class='ocrx_word' id='word_1_812' title='bbox 2508 5740 2573 5811; x_wconf 33' lang='lat' dir='ltr'><strong>et.</strong></span> <span class='ocrx_word' id='word_1_813' title='bbox 2601 5729 2818 5811; x_wconf 61' lang='lat' dir='ltr'><strong>Sallust.</strong></span> <span class='ocrx_word' id='word_1_814' title='bbox 2852 5732 2945 5787; x_wconf 90' lang='lat' dir='ltr'><strong>lib.</strong></span> <span class='ocrx_word' id='word_1_815' title='bbox 2972 5729 3417 5811; x_wconf 60' lang='lat' dir='ltr'><strong>iv_his_tor,_apud</strong></span> <span class='ocrx_word' id='word_1_816' title='bbox 3438 5729 3748 5811; x_wconf 74' lang='lat' dir='ltr'><strong>_Nomium_:</strong></span> 
     </span>
    </p>
   </div>
   <div class='ocr_carea' id='block_1_120' title="bbox 2158 5796 3751 5870">
    <p class='ocr_par' dir='ltr' id='par_1_120' title="bbox 2158 5796 3751 5870">
     <span class='ocr_line' id='line_1_121' title="bbox 2158 5796 3751 5870; baseline -0.001 -17"><span class='ocrx_word' id='word_1_817' title='bbox 2158 5796 2353 5855; x_wconf 74' lang='lat' dir='ltr'><strong>ania</strong></span> <span class='ocrx_word' id='word_1_818' title='bbox 2394 5802 2575 5870; x_wconf 89' lang='lat' dir='ltr'><strong>oppidi</strong></span> <span class='ocrx_word' id='word_1_819' title='bbox 2600 5803 2923 5870; x_wconf 84' lang='lat' dir='ltr'><strong>stagnabant</strong></span> <span class='ocrx_word' id='word_1_820' title='bbox 2943 5796 3369 5858; x_wconf 82' lang='lat' dir='ltr'><strong>redundantibus</strong></span> <span class='ocrx_word' id='word_1_821' title='bbox 3403 5799 3631 5870; x_wconf 79' lang='lat' dir='ltr'><strong>cloacis_</strong></span> <span class='ocrx_word' id='word_1_822' title='bbox 3652 5796 3751 5851; x_wconf 90' lang='lat' dir='ltr'><strong>ad-</strong></span> 
     </span>
    </p>
   </div>
   <div class='ocr_carea' id='block_1_121' title="bbox 2157 5867 3748 5945">
    <p class='ocr_par' dir='ltr' id='par_1_121' title="bbox 2157 5867 3748 5945">
     <span class='ocr_line' id='line_1_122' title="bbox 2157 5867 3748 5945; baseline -0.002 -19"><span class='ocrx_word' id='word_1_823' title='bbox 2157 5886 2316 5927; x_wconf 88' lang='lat' dir='ltr'><strong>verso</strong></span> <span class='ocrx_word' id='word_1_824' title='bbox 2362 5867 2497 5927; x_wconf 72' lang='lat' dir='ltr'><strong>testu</strong></span> <span class='ocrx_word' id='word_1_825' title='bbox 2535 5867 2714 5928; x_wconf 77' lang='lat' dir='ltr'><strong>maris.</strong></span> <span class='ocrx_word' id='word_1_826' title='bbox 2755 5872 3016 5945; x_wconf 88' lang='lat' dir='ltr'><strong>Stagnum</strong></span> <span class='ocrx_word' id='word_1_827' title='bbox 3054 5873 3201 5931; x_wconf 85' lang='lat' dir='ltr'><strong>enim</strong></span> <span class='ocrx_word' id='word_1_828' title='bbox 3236 5870 3464 5929; x_wconf 87' lang='lat' dir='ltr'><strong>Varroni</strong></span> <span class='ocrx_word' id='word_1_829' title='bbox 3494 5885 3562 5927; x_wconf 92' lang='lat' dir='ltr'><strong>ac</strong></span> <span class='ocrx_word' id='word_1_830' title='bbox 3589 5867 3748 5926; x_wconf 86' lang='lat' dir='ltr'><strong>Festo</strong></span> 
     </span>
    </p>
   </div>
  </div>
