3958 6478
130 336 250 400 Βθδ

1418 336 1789 395 VARIARUM
1828 336 2037 395 LIBER
2069 331 2159 394 III.

3335 340 3440 401 591

140 432 359 530 rapidas
388 472 503 515 non
549 435 790 512 minima-
814 454 1177 515 sollicitudine
1205 454 1446 524 navigari
1471 473 1484 506 :
1513 470 1582 511 ne
1610 470 1746 525 prm-
1772 457 1829 519 Α
1852 455 2142 525 direptioni
2163 462 2247 510 est
2273 454 2644 513 mollissimum
2670 454 2976 529 plumbum,
3000 458 3067 515 de
3090 468 3282 516 ornatu
3308 473 3438 517 mm~

141 552 371 621 cipitato
400 549 635 605 torrenti
662 548 868 604 marina
897 547 1105 618 possint
1132 543 1408 614 naufragia
1446 546 1736 601 sustinere.

140 640 276 697 Hinc
298 639 481 695 Roma
512 638 816 709 singularis,
840 646 1041 709 quanta
1067 637 1123 692 in
1148 644 1205 691 te
1229 638 1329 702 sit,
1357 643 1537 706 potest
1564 635 1744 704 colligi

142 730 481 801 magnitudo.
513 729 645 797 Quae
691 732 836 786 enim
883 729 1096 784 urbium
1143 728 1339 783 audeat
1364 728 1472 783 tuis
1497 727 1745 782 culmini-

141 820 242 877 bus
270 822 630 887 contendere,
660 820 877 891 quando
906 835 1007 875 nec
1035 820 1143 874 ima
1174 828 1265 874 tua
1305 826 1530 889 possunt
1558 817 1747 872 simili-

142 910 386 967 tudinem
431 911 711 982 reperire?
736 909 805 965 Et
833 911 958 966 ideo
987 910 1297 980 supradicto
1336 906 1532 963 Joanni
1581 905 1745 964 officii

140 1005 313 1061 nostri
337 988 539 1062 solatia
565 1021 667 1062 vos
693 1006 937 1076 praebere
964 1018 1248 1060 censemus
1274 1020 1286 1056 :
1314 1000 1571 1071 quoniam
1598 999 1748 1061 ordi-

141 1095 393 1151 nationes
420 1084 643 1153 nostras
669 1095 911 1166 publicas
932 1094 1184 1150 volumus
1206 1092 1429 1162 implere
1454 1104 1747 1162 personas;

142 1185 389 1256 privatas
412 1200 610 1243 manus
648 1190 983 1253 amaventes,
1012 1198 1131 1254 quae
1151 1182 1405 1241 audacius
1432 1185 1751 1252 merguntur

140 1281 368 1342 illicitis.

661 1391 994 1450 EPISTOLA
1032 1390 1224 1447 XXXI.

370 1501 605 1545 SBNATUI
632 1502 780 1543 UBBIS
808 1500 967 1541 ΒΟΙῙᾹΞ
999 1496 1367 1540 τιιεοοοωσυε
1393 1496 1523 1537 REX.

154 1574 355 1635 Scribit
389 1598 446 1635 se
478 1580 679 1634 misisse
707 1577 966 1633 Joannem
993 1576 1061 1630 ad
1089 1572 1533 1647 inquirendumiu
1560 1586 1646 1625 eos
1666 1567 1753 1639 qui

214 1666 379 1721 aqua:
411 1652 699 1721 formarum
744 1648 813 1721 ad
828 1646 1128 1721 _pr0prium
1159 1643 1324 1721 'u‘aum
1358 1643 1750 1721 derivaverant,

212 1713 456 1775 et'etiar'n
482 1722 535 1774 in
567 1736 653 1774 eos
692 1720 780 1789 qui
959 1713 1047 1770 ’ωε
1081 1725 1133 1789 et
1159 1713 1423 1789 plumbum
1451 1717 1753 1789 exnornqtu

212 1791 466 1913 amnium
510 1780 870 1855 abstulerant:
888 1780 941 1842 Et
967 1794 1024 1840 ut
1075 1780 1174 1855 ipsi
1205 1800 1260 1838 ut
1288 1784 1367 1838 his
1407 1780 1605 1835 auxilio
1650 1780 1748 1844 sit,

292 1869 492 1913 monet.

292 1869 492 1914 monet.

218 1951 484 2019 Quamvis
532 1952 794 2008 universa:
844 1949 1056 2019 reipub.
1104 1954 1306 2003 nostrae
1360 1942 1746 2014 infatigabilem

148 2058 341 2098 curam
372 2041 747 2099 desideremus
785 2039 1117 2110 impendere,
1146 2044 1231 2105 et,
1261 2035 1375 2091 Deo
1414 2032 1647 2099 favente,
1683 2029 1752 2088 ad

147 2141 358 2189 statum
386 2134 675 2204 pristinum
703 2133 1017 2189 studeamus
1043 2136 1238 2186 cuncta
1264 2141 1542 2193 revocare,
1571 2132 1753 2180 tamen

147 2222 417 2279 Romana:
442 2224 674 2279 civitatis
701 2221 1018 2278 sollicitiora
1045 2235 1146 2275 nos
1171 2223 1461 2287 augmenta
1486 2214 1753 2271 constrin-

147 2325 313 2386 gunt,
347 2316 445 2372 ubi
474 2315 732 2386 quidquid
775 2313 988 2369 decoris
1028 2310 1372 2381 impenditur,
1413 2306 1754 2378 generalibus

147 2409 359 2479 gaudiis
386 2409 691 2465 exhibetur.
725 2390 979 2461 Pervenit
1024 2404 1209 2474 itaque
1237 2401 1310 2457 ad
1348 2407 1589 2456 nostram
1618 2413 1753 2454 con-

150 2501 469 2567 scientiam,
520 2499 864 2571 suggestione
906 2497 1198 2552 multorum
1218 2535 1235 2563 ,
1266 2507 1387 2564 quae
1432 2505 1599 2562 prava
1644 2503 1756 2545 non

150 2598 337 2661 potest
384 2590 727 2646 dissimulare
772 2588 1057 2645 commissa
1075 2628 1091 2654 ,
1137 2587 1294 2657 plura
1342 2586 1399 2641 in
1446 2580 1755 2655 prmjudicio

155 2681 301 2737 urbis
330 2681 593 2738 Romana:
621 2680 968 2737 detestabiles
989 2685 1413 2750 prtesumptorcs
1441 2687 1753 2741 assumere;

153 2779 213 2827 ut
239 2774 326 2827 cui
358 2789 460 2828 nos
486 2788 757 2828 summum
786 2771 1153 2828 desideramus
1180 2769 1440 2824 adhibere
1482 2767 1752 2830 studium,

156 2863 344 2920 dolum
394 2865 632 2935 patiatur
676 2863 957 2933 injustum.
1000 2861 1344 2931 Quapropter
1391 2858 1757 2915 ordinationes

154 2965 375 3014 nostras
406 2958 475 3013 ad
500 2965 736 3016 vestram
764 2954 991 3010 facimus
1018 2952 1270 3008 notitiam
1297 2950 1601 3021 pervenire,
1633 2948 1756 3018 qui-

150 3048 252 3105 bus
274 3050 511 3120 amplius
534 3049 805 3105 credimus
837 3031 1069 3102 civitatis
1095 3053 1288 3100 vestrze
1329 3041 1609 3123 dispendia
1637 3040 1753 3096 dis-

150 3140 382 3211 plicere.
411 3140 617 3194 Dicitur
646 3153 794 3208 ergo,
826 3135 1098 3193 commodi
1149 3149 1276 3190 cura
1304 3132 1529 3203 privati,
1558 3145 1756 3201 aquam

1853 546 2004 602 nium
2053 544 2362 602 referuntur
2413 562 2534 602 esse
2572 549 2815 617 sublata,
2856 566 2976 621 quae
3024 560 3276 608 auctores
3317 569 3439 610 suos

1848 640 2060 697 saeculis
2083 647 2487 696 consecrarunt.
2518 638 2617 695 fEs
2645 643 2786 696 enim
2812 641 2980 699 Jonos
3008 643 3300 701 Thessaliae
3326 660 3441 713 rex,

1849 730 2127 802 plumbum
2173 728 2342 795 Midas
2388 739 2645 801 regnator
2693 729 2938 802 Phrygiae
2990 743 3326 803 repererunt.
3380 733 3442 789 Et

1851 837 2017 893 quam
2042 823 2301 879 miserum
2342 830 2449 892 est,
2478 832 2537 878 ut
2564 823 2708 879 unde
2736 823 2936 879 famam
2980 828 3330 895 providentiae
3358 827 3454 885 alii

1852 922 2225 986 susceperunt,
2258 929 2360 970 nos
2405 914 2721 984 opinionem
2768 915 3111 987 negligentia:
3158 919 3454 976 incurrisse

1848 1005 2169 1062 videamur?
2198 1004 2422 1076 Templa
2451 1007 2615 1062 etiam
2658 1015 2715 1063 et
2753 1008 2873 1064 loca
2914 1009 3158 1080 publica,
3188 1026 3309 1080 quae
3350 1028 3453 1081 pe-

1850 1096 2091 1155 tentibus
2122 1098 2309 1154 multis
2335 1097 2405 1153 ad
2432 1098 2833 1169 reparationem
2858 1100 3203 1169 contulimus,
3232 1101 3456 1158 subver-

1850 1187 1990 1245 sioni
2017 1188 2199 1258 potius
2234 1189 2400 1246 fuisse
2442 1192 2771 1262 mancipata.
2802 1191 2874 1247 Et
2900 1194 3155 1263 quoniam
3190 1193 3456 1248 malarum

1850 1295 2035 1337 rerum
2064 1281 2376 1339 emendatio
2399 1299 2498 1339 nos
2526 1285 2792 1356 delectat,
2820 1301 2887 1343 ne
2915 1302 3174 1344 concessa
3200 1286 3454 1344 videatur

1851 1390 1921 1429 ex
1962 1374 2329 1446 taciturnitate
2371 1374 2619 1444 licentia,
2648 1376 2912 1435 Joannem
2947 1380 3125 1436 virum
3173 1380 3449 1450 spectabi-

1851 1462 1959 1518 lem
2006 1463 2240 1520 electum
2281 1474 2468 1522 nostra
2508 1464 2715 1534 justitia
2740 1467 2809 1523 ad
2837 1469 2954 1525 haec
2979 1485 3099 1541 quae
3127 1486 3290 1542 supra
3329 1484 3451 1526 me-

1851 1554 2218 1622 moravimus,
2260 1555 2557 1612 direximus
2600 1556 2954 1627 inquirenda;
3000 1568 3061 1614 ut
3108 1568 3303 1617 cuncta
3350 1575 3452 1619 suo

1853 1648 2040 1703 ordine
2068 1648 2337 1714 discussa,
2371 1649 2527 1704 nobis
2572 1649 2852 1706 relationis
2897 1649 3162 1721 obsequio
3203 1652 3453 1709 luciden-

1851 1746 1968 1805 tur;
1995 1742 2259 1809 quatenus
2283 1738 2413 1809 quid
2432 1739 2501 1795 de
2525 1739 2748 1810 singulis
2775 1741 2956 1808 rebus,
2984 1749 3079 1797 aut
3106 1740 3174 1797 de
3198 1757 3457 1811 praesum-

1777 1842 1828 1905 Β
1852 1828 2097 1899 ptoribus
2125 1844 2312 1886 earum
2342 1829 2459 1885 fieri
2488 1837 2766 1900 oporteat,
2795 1846 2950 1887 more
2987 1839 3187 1887 nostra:
3228 1831 3455 1900 justitias

1853 1933 2193 1976 censeamus.
2225 1918 2491 1977 Adhibete
2518 1937 2661 1977 nunc
2689 1921 2896 1988 studia,
2942 1931 3200 1992 praestate
3227 1922 3450 1993 solatia;

1851 2017 1914 2067 ut
1940 2010 2376 2082 inquisitionem,
2405 2026 2569 2082 quam
2598 2012 2909 2072 debueratis
2935 2020 3144 2084 petere,
3173 2022 3328 2086 grata
3367 2014 3451 2073 vi-

1852 2100 2091 2160 deamini
2112 2110 2297 2161 mente
2316 2103 2612 2174 complere.

2365 2238 2705 2296 EPISTOLA
2740 2238 2953 2297 XXXII.

2032 2346 2430 2397 GBIELLOYIBO
2456 2347 2722 2388 SBNA'I'ORI
2751 2346 3117 2388 THBODOBICUS
3142 2346 3273 2389 REX.

1856 2422 2053 2496 Scribit
2080 2441 2136 2496 se
2159 2422 2570 2490 Aretatenaibus,
2614 2426 2702 2494 qui
2743 2426 2881 2495 regis
2905 2422 3141 2491 partibus
3186 2426 3450 2496 fuerant,

1927 2502 1976 2549 et
2005 2495 2066 2549 ob
2095 2495 2541 2568 hocgob‘sidionem
2578 2497 2925 2568 etpenuriam
2973 2495 3329 2566 pertulerant,
3359 2511 3457 2568 per,

1913 2573 2169 2646 quartam
2196 2565 2534 2622 indictionem
2560 2564 2752 2620 tributa
2779 2564 3068 2622 relaxatae.

1927 2677 2154 2735 Constat
2180 2678 2324 2749 apud
2350 2693 2452 2735 nos
2478 2677 2715 2735 ﬁdelium
2740 2693 2851 2735 non
2876 2678 3056 2749 perire
3077 2678 3327 2746 servitia,
3354 2678 3454 2737 sed

1858 2767 1915 2823 in
1957 2768 2200 2823 tristibus
2249 2767 2493 2839 impensa
2538 2768 2782 2838 recipere
2829 2769 2886 2825 in
2932 2769 3159 2826 meliore
3203 2770 3444 2825 fortuna.

1858 2858 2261 2914 Arelatensibus
2287 2859 2490 2928 itaque,
2521 2860 2613 2928 qui
2642 2860 2841 2917 nostris
2867 2860 3111 2931 partibus
3149 2862 3450 2931 perduran-

1856 2956 1941 3005 tes
1976 2949 2225 3020 gloriosae
2266 2948 2565 3007 obsidionis
2596 2950 2877 3021 penuriam
2905 2952 3240 3021 pertulerunt
3268 2952 3449 3026 [Anna

1859 3038 2052 3095 Christi
2080 3039 2227 3112 5H],
2258 3055 2358 3112 per
2382 3040 2730 3096 indictionem
2751 3049 3000 3111 quartam
3026 3042 3229 3098 fiscalia
3250 3042 3447 3097 tributa

1858 3138 2045 3188 nostra
2084 3131 2297 3189 relaxat
2322 3131 2652 3201 humanitas,
2699 3132 2775 3189 ita
2803 3140 2865 3188 ut
2888 3133 3071 3190 futuro
3108 3140 3355 3205 tempore
3380 3131 3451 3190 ad

149 3228 455 3286 formarum
479 3238 527 3295 ⁸,
554 3244 715 3299 quam
736 3242 947 3285 summo
970 3226 1192 3280 deceret
1208 3222 1387 3279 studio
1409 3219 1760 3288 communiri,
1786 3218 1833 3285 (Ξ
1864 3223 2078 3282 solitam
2105 3222 2336 3281 redeant
2377 3223 2741 3292 iunctionem;
2771 3234 3036 3295 quatenus
3061 3234 3119 3282 et
3155 3240 3258 3283 nos
3279 3226 3456 3281 bene-

153 3320 223 3379 ad
269 3337 428 3391 aquae
474 3322 648 3378 molas
691 3318 1039 3386 exercendas,
1084 3317 1168 3373 vel
1219 3317 1410 3372 hortos
1456 3313 1757 3384 irrigandos

156 3410 320 3469 luisse
369 3412 690 3467 derivatam.
723 3410 902 3480 Turpe
939 3409 1070 3477 hoc,
1107 3416 1164 3463 et
1200 3404 1511 3478 miserabile
1559 3405 1613 3459 in
1663 3404 1757 3461 illa

158 3503 289 3558 urbe
330 3501 449 3558 fieri
470 3542 486 3569 ,
517 3500 664 3571 quod
710 3515 808 3571 per
835 3514 996 3568 agros
1040 3497 1132 3552 vix
1178 3497 1397 3552 deceret
1426 3494 1650 3551 assumi.
1682 3492 1757 3549 Et

160 3593 283 3662 quia
323 3608 437 3650 non
486 3606 772 3663 possumus
818 3588 1037 3645 admissi
1076 3586 1395 3658 qualitatem
1448 3586 1589 3641 ultra
1632 3583 1755 3655 jura

161 3684 431 3754 corrigere
462 3683 554 3757 (ne
580 3682 707 3739 dum
736 3681 952 3737 fabricis
981 3679 1241 3751 prodesse
1275 3678 1546 3746 volumus,
1576 3677 1755 3747 legum

162 3772 391 3829 culmina
421 3772 805 3843 destruamus),
836 3772 881 3828 si
909 3771 1069 3843 hujus
1110 3770 1511 3828 nefandissimte
1540 3769 1621 3825 rei
1652 3767 1755 3824 do-

162 3863 335 3919 minus
379 3863 657 3921 Tricennii
694 3863 1101 3935 praescriptione
1133 3860 1265 3935 [ed.,
1308 3855 1755 3932 praesumptione]

162 3956 417 4024 munitur,
450 3965 675 4028 accepto
703 3957 881 4027 pretio
903 3954 1234 4025 competenti
1261 3967 1419 4008 suum
1443 3950 1644 4007 vendat
1671 3964 1761 4006 er-

163 4059 370 4117 rorem;
399 4056 468 4106 ut
490 4050 636 4120 quod
673 4048 948 4105 laesionem
993 4047 1223 4119 publicis
1250 4052 1473 4116 praestat
1517 4042 1755 4111 fabricis,

164 4154 269 4196 non
297 4152 662 4214 prrcsumatur
706 4143 968 4215 ulterius;
998 4158 1069 4197 ne
1109 4140 1255 4210 quod
1292 4155 1436 4195 nunc
1464 4137 1563 4194 sub
1591 4136 1757 4207 largi-

165 4234 271 4285 tate
316 4234 664 4302 corrigimus,
695 4241 884 4303 postea
926 4232 1271 4289 severissime
1318 4230 1671 4285 vindicemus.
1700 4226 1758 4283 Si

164 4334 287 4378 vero
312 4324 425 4380 tale
469 4323 670 4393 aliquid
708 4323 971 4378 moderna
1022 4321 1443 4392 praesumptione
1490 4326 1759 4375 tentatum

168 4416 273 4475 est,
301 4412 422 4469 sine
452 4411 790 4468 dubitatione
831 4411 1072 4468 tollatur.
1105 4410 1275 4467 Unius
1301 4411 1445 4467 enim
1487 4408 1757 4465 desiderio

169 4513 327 4567 pravo
372 4504 647 4575 generalis
691 4504 853 4559 debet
894 4502 1099 4558 utilitas
1145 4501 1430 4569 anteferri,
1462 4500 1551 4556 cui
1589 4500 1676 4556 vel
1700 4500 1757 4556 in

1860 3315 2066 3372 meritis
2092 3312 2519 3372 vicissitudinem
2558 3314 2855 3372 reddidisse
2882 3315 3182 3383 videamur,
3209 3323 3266 3372 et
3292 3316 3362 3372 ab
3379 3314 3453 3373 il-

1859 3406 1946 3472 lis,
1977 3422 2100 3463 cum
2125 3421 2214 3463 res
2242 3404 2573 3479 poposcerit,
2602 3406 2763 3462 solita
2788 3405 3006 3463 devotio
3042 3422 3153 3462 non
3196 3413 3443 3477 negetur.

1857 3495 2131 3554 Satientur
2158 3498 2214 3554 in
2242 3497 2493 3554 libertate
2521 3497 2613 3569 qui
2630 3513 2733 3570 pro
2766 3498 2922 3554 nobis
2948 3498 3006 3553 in
3033 3498 3293 3567 angustiis
3323 3513 3452 3555 esu-

1856 3588 1967 3645 rire
1994 3589 2318 3645 maluerunt.
2358 3588 2486 3645 Sint
2514 3587 2620 3644 laeti
2647 3588 2739 3659 qui
2767 3587 3038 3645 tristitiam
3067 3588 3298 3647 ﬁdeliter
3319 3604 3450 3662 per-

1857 3683 2115 3739 tulerunt.
2140 3682 2260 3740 Non
2279 3683 2439 3739 decet
2457 3685 2639 3739 statim
2664 3684 2732 3738 de
2757 3684 2972 3741 tributis
2991 3698 3113 3743 esse
3132 3684 3450 3755 sollicitum,

1855 3775 1948 3845 qui
1976 3791 2163 3833 casum
2186 3775 2280 3833 vix
2301 3778 2480 3849 potuit
2507 3777 2780 3835 declinare
2794 3787 3149 3851 postremum.
3179 3778 3229 3834 Δ
3250 3780 3449 3849 quietis

1857 3867 1980 3935 ista,
2027 3884 2136 3926 non
2166 3870 2397 3927 obsessis
2425 3869 2765 3940 inquirimus.
2816 3871 2957 3939 Quid
2990 3872 3137 3925 enim
3163 3884 3195 3923 a
3223 3868 3447 3925 domino

1857 3960 1973 4030 agri
2005 3960 2189 4033 exigas
2212 3959 2266 4031 ιι,
2307 3977 2469 4032 quem
2523 3976 2648 4017 eum
2693 3977 2803 4018 non
2831 3960 3065 4017 coluisse
3102 3958 3449 4028 cognoscas?

1857 4054 2164 4112 Pretiosum
2191 4040 2423 4128 vectigal
2443 4056 2557 4127 jam
2584 4057 2741 4113 nobis
2760 4054 3025 4111 dederunt
3049 4067 3159 4110 suae
3190 4050 3332 4106 fidei.
3358 4049 3451 4105 ln-

1852 4146 2059 4217 justum
2085 4157 2169 4204 est
2213 4155 2277 4202 ut
2318 4148 2451 4204 viles
2489 4148 2744 4217 pecunias
2784 4145 3059 4215 exigamus
3098 4142 3168 4199 ab
3195 4142 3302 4200 illis
3348 4142 3448 4213 qui

1857 4234 2122 4311 gloriosas
2147 4240 2505 4298 conscientias
2531 4241 2858 4295 obtulerunt.

2344 4331 2683 4387 EPISTOLA
2718 4329 2956 4386 XXXIII.

1859 4438 2116 4485 ARGOLICO
2135 4439 2259 4481 VIIIO
2288 4439 2551 4491 ILLUSTBI,
2585 4438 2875 4481 PREFECTO
2895 4438 3062 4492 URBIS,
3076 4437 3446 4486 τηιουοιιαυε

2586 4532 2717 4571 κει.

170 4595 334 4650 causis
355 4596 521 4666 iustis
547 4611 674 4652 raro
701 4595 905 4667 poterit
931 4593 1158 4651 obviari.
1190 4592 1458 4663 Mancipia
1483 4606 1613 4647 vero
1642 4590 1752 4648 for-

1859 4612 2011 4671 Jubet
2029 4608 2465 4685 ut_Armentariu_s
2491 4617 2645 4685 atque
2670 4608 3069 4685 Superbusejus
3092 4615 3236 4685 ﬁlius
3260 4616 3447 4673 iisdem

170 4695 367 4747 marum
393 4688 615 4744 servitio
660 4686 960 4758 principum
1007 4684 1317 4755 provisione
1363 4684 1651 4754 deputata,
1698 4683 1755 4740 in

171 4775 496 4842 privatorum
550 4777 897 4849 cognovimus
961 4776 1237 4833 transiisse
1301 4775 1617 4831 dominium.
1653 4774 1753 4832 ,ΑΕΒ

109 4946 115 4952 _
174 4874 446 4935 praeterea,
478 4886 589 4927 non
615 4869 894 4926 minimum
922 4868 1154 4941 pondus,
1180 4876 1236 4924 et
1263 4866 1407 4939 quod
1433 4866 1749 4923 facillimum

176 4992 274 5077 dici
325 5002 703 5077 placet,__quod
730 5004 887 5077 ineo
919 5020 1058 5077 aqua
1102 5012 1228 5077 stet.
1256 5004 1363 5060 Sed
1393 5012 1449 5077 et
1487 5005 1624 5060 infra
1652 5005 1748 5061 lib.

177 5076 317 5195 Ἢ
334 5074 493 5145 epist.
526 5074 613 5139 50,
631 5075 827 5147 liquida
848 5074 1052 5158 ﬂuenta
1081 5076 1371 5129 decurrere.
1403 5076 1639 5159 Faunae.

320 5180 334 5195 .
389 5144 529 5195 And.
568 5153 624 5195 et
654 5145 766 5195 ed._
810 5162 982 5195 natm.
1008 5146 1106 5195 Ms-
1131 5144 1311 5195 Rem..
1336 5163 1612 5195 sammma-

320 5180 334 5196 .
370 5143 529 5217 'Aud.
568 5153 624 5199 et
654 5143 766 5214 ed.,
810 5143 982 5217 signa.
1008 5146 1107 5217 Ms.
1131 5144 1311 5217 item“
1336 5147 1613 5217 sagimiua,
1639 5143 1751 5199 for-

182 5211 249 5274 ιθ,
276 5212 495 5295 signina,
524 5224 581 5269 ut
608 5211 814 5271 notavit
842 5211 903 5269 Β.
935 5214 1115 5291 Cujas.
1140 5215 1273 5270 Vide
1302 5211 1485 5286 ep.'58
1514 5211 1605 5268 lib.
1636 5229 1698 5295 v._

247 5286 272 5315 ι
298 5279 538 5340 Lmendo
567 5300 824 5340 auuarum
854 5285 1102 5340 formam.
1134 5299 1201 5339 ex
1229 5284 1267 5338 l.
1301 5284 1351 5340 l.
1390 5285 1427 5339 l.
1459 5285 1511 5338 6.
1544 5283 1731 5339 Omnis

247 5300 272 5315 -
299 5300 538 5340 nmenuo
567 5300 824 5354 aquarum
854 5300 1102 5345 normam.
1134 5300 1201 5339 ex
1230 5300 1267 5338 1.
1301 5300 1351 5351 ι,
1390 5300 1427 5339 1.
1459 5300 1511 5338 υ.
1544 5300 1750 5349 umms,

180 5343 244 5431 (ξιξ
280 5355 554 5431 εξψιωάρο.
582 5354 715 5410 Cod.
740 5356 833 5431 lib:
859 5371 940 5431 _x_1,
968 5354 1059 5431 lib.
1085 5355 1143 5421 7,
1170 5354 1326 5408 form.
1358 5353 1411 5420 6,
1442 5356 1495 5409 in
1526 5353 1754 5431 formula

181 5421 435 5495 cpmitivae
458 5424 750 5479 formarum
782 5424 959 5481 Urbis.
996 5423 1205 5495 Formze
1237 5432 1418 5478 autem
1444 5440 1543 5493 pro
1578 5421 1751 5495 aedifi-

183 5493 259 5540 cio
284 5502 659 5565 ac‘structura,
684 5496 723 5551 1.
752 5495 841 5561 ‘27,
885 5495 931 5550 si
978 5493 1306 5565 pendentes,
1331 5495 1359 5563 ᾗ
1389 5495 1436 5547 si
1462 5493 1754 5565 quidrcrloa-

186 5569 312 5633 99m,
351 5562 414 5617 Ι).
462 5564 532 5620 de
561 5562 820 5621 usufruct.
853 5562 1080 5621 formam
1125 5562 1492 5633 aquaeductus,
1538 5562 1747 5632 Ulpian.

188 5621 500 5706 ﬂarmenop.
534 5636 626 5691 lib.
656 5652 711 5703 ιι,
744 5637 827 5691 tit.
858 5652 896 5701 1,
925 5650 1088 5704 agens
1115 5621 1191 5688 del
1216 5633 1452 5688 aediliciis
1479 5621 1547 5688 ex
1580 5621 1754 5688 aliena

188 5704 465 5782 Q‘Xstructis'
473 5708 726 5782 materia,
750 5707 942 5782 trifida
971 5715 1146 5772 vocat,
1160 5709 1277 5782 περὶ
1298 5712 1396 5760 τῶν
1420 5706 1468 5768 ἐξ
1490 5706 1571 5758 ἀλ)
1581 5706 1754 5779 οτρίας

194 5766 299 5831 ὕλης
318 5779 579 5833 γινομένων
599 5766 762 5833 εἴδωλι.
802 5777 967 5833 FORN-

258 5798 297 5831 τις
318 5798 335 5809 '
351 5798 421 5855 tuo
441 5847 451 5857 .
515 5800 579 5832 ων
599 5798 762 5833 ειοων.
802 5798 967 5833 romv.
1165 5847 1175 5856 .
1289 5846 1301 5857 .

258 5837 283 5878 δ
304 5798 583 5907 Ᾰνιιῦδῖθε
602 5848 979 5925 ιτὶῠυιοῐωιῃ
1006 5846 1248 5920 priuetpc
1286 5845 1631 5907 mductorum
1656 5858 1765 5934 ex-_

1999 4681 2181 4753 quibus
2207 4678 2466 4750 referendi
2494 4679 2674 4748 curiae,
2703 4678 2996 4754 privilegiis
3012 4678 3299 4755 gaudeant.

1926 4772 2149 4830 Gratum
2180 4772 2337 4830 nobis
2364 4779 2446 4828 est
2487 4780 2614 4827 vota
2661 4780 2846 4829 nostra
2892 4774 3024 4849 [ed.,
3052 4780 3267 4852 vestra]
3302 4781 3449 4837 circa

1857 4865 1997 4922 sacri
2017 4863 2219 4920 ordinis
2236 4869 2522 4934 augmenta
2547 4862 2829 4934 proiicere.
2859 4864 3131 4925 Laetamur
3150 4870 3285 4927 tales
3298 4870 3448 4927 viros

1857 5012 2068 5059 actores
2092 5002 2154 5057 D.
2187 5001 2605 5077 Chrysostomus
2634 5003 2951 5077 insectatur,
2971 5006 3069 5077 qui
3096 5007 3163 5063 ab
3196 5009 3449 5076 agricolis

1857 5088 1923 5127 ea
1952 5088 2072 5146 qum
2097 5088 2165 5128 ne
2194 5071 2337 5127 terra
2353 5071 2574 5146 quidem
2598 5071 2944 5144 protulisset,
2960 5071 3292 5146 ﬂagitarent;
3323 5084 3448 5137 eos-

1858 5142 2043 5213 que’in
2072 5142 2474 5213 comparatione
2498 5142 2618 5212 reg.
2641 5152 2696 5199 et
2730 5142 2980 5200 monach.
3013 5142 3327 5204 communes
3365 5167 3447 5208 re-

1858 5214 2032 5294 gionis
2054 5213 2254 5294 hostes
2280 5220 2442 5294 vocat
2472 5230 2486 5266 :
2514 5218 2686 5294 Vaccaei
2702 5237 2832 5277 τινες
2849 5217 3093 5294 ’πολέμιοι
3118 5227 3210 5294 γῆς
3228 5224 3448 5294 χώρας,

1861 5283 1992 5360 ἆττερ
2017 5285 2103 5338 οὐκ
2129 5286 2381 5360 {Equo/aeu
2396 5285 2443 5360 ﬁ
2469 5293 2555 5357 γῆ,
2590 5292 2758 5360 τᾳῦτα
2777 5290 2898 5348 τοὺς
2917 5283 3173 5360 learned;
3193 5283 3448 5360 εἶὲπὸατέ

1859 5351 2079 5424 eripiam.
2121 5351 2439 5424 Puteolanis
2476 5351 2653 5409 semel
2695 5372 2800 5411 cur
2828 5351 3133 5412 modiorum
3174 5358 3374 5414 donata
3414 5360 3452 5415 2

1861 5422 2217 5493 Symmachus
2246 5423 2338 5479 lib.
2370 5440 2407 5487 1,
2435 5426 2590 5494 epist.
2615 5424 2705 5481 39.
2738 5425 2807 5479 Et
2833 5424 3155 5483 Publicanos
3178 5431 3452 5485 remissio—

1862 5509 1986 5563 nem
2030 5500 2278 5563 petentes
2320 5494 2481 5549 tertia
2525 5495 2791 5549 mercedis
2844 5504 2996 5563 parte
3039 5496 3299 5552 relevavit
3333 5498 3443 5556 Jul.

1860 5562 2054 5637 Qmsar,
2071 5572 2291 5637 auctore
2317 5563 2543 5637 Sueten.
2575 5563 2693 5637 Huc
2716 5562 3097 5637 pertinetl.25,
3128 5566 3235 5622 Sed
3260 5568 3448 5637 addes,

1863 5632 1889 5703 §
1920 5636 1992 5709 gis
2017 5635 2204 5709 major,
2236 5634 2297 5709 l_).
2323 5634 2503 5698 locati,
2532 5641 2584 5688 et
2607 5632 2982 5709 li_b.1v,_cpist.
3005 5636 3057 5700 7,
3084 5637 3235 5709 infr.,
3255 5646 3311 5694 et
3328 5632 3450 5709 quae

1860 5721 1900 5778 ἒ
1920 5703 2139 5778 Bartolo
2168 5705 2220 5778 in
2250 5704 2396 5778 hanc
2430 5703 2749 5778 sententiam
2790 5703 3144 5770 diSseruntur,
3177 5703 3230 5778 in
3279 5709 3314 5764 Ι.
3344 5703 3445 5778 Ἠ,
3481 5733 3488 5739 ·

1862 5772 2073 5860 Cotem,
2106 5774 2137 5847 §
2169 5774 2265 5833 ult.
2285 5773 2345 5829 D.
2366 5774 2432 5832 de
2458 5773 2661 5859 public.
2682 5783 2824 5860 vect.
2843 5787 2899 5837 et
2917 5772 3452 5855 commissioners,
