3958 6460
424 282 535 340 599

1655 273 1727 328 Μ.
1768 266 2043 329 AURELII
2079 263 2478 326 CASSIODORI

3747 239 3773 246 α-

424 411 491 452 ac
545 393 849 466 prmpositis
916 391 1270 449 sufficientem
1321 390 1715 448 transmisimus
1770 386 2011 461 pecuniae
2036 386 2091 446 Δ
2116 395 2299 442 nostra
2333 384 2692 458 promissione
2720 382 2845 457 [ed.,
2875 379 3208 456 provisione]
3238 383 3490 450 recreati,
3519 383 3766 438 futurae

425 488 816 559 quantitatem;
846 493 905 541 ut
931 501 1118 542 eorum
1139 486 1442 556 praebenda:
1468 495 1518 553 ι,
1549 500 1667 556 quae
1695 498 1804 540 non
1827 491 2021 554 potue—
2121 481 2292 550 copite
2319 493 2470 550 spem
2499 485 2767 546 tenentes,
2817 476 3000 533 divino
3025 474 3235 543 favore,
3280 476 3539 532 habetote
3591 474 3771 529 ﬁdu-

425 585 556 634 runt
592 577 855 644 convehi,
887 575 958 632 ibi
999 576 1311 633 debuissent
1339 578 1457 634 sine
1485 575 1710 646 alicujus
1738 573 2019 644 dispendio

2122 571 2262 626 ciam
2295 589 2308 624 :
2340 571 2466 640 quia
2511 586 2619 627 non
2646 569 2824 625 minus
2848 577 2934 626 est
2959 570 3105 640 quod
3126 568 3324 628 nostris
3351 567 3536 626 verbis
3560 581 3766 640 quam

423 667 732 738 comparari
763 684 778 722 :
821 667 948 739 quia
991 666 1228 723 delectui
1272 675 1460 724 nostro
1498 682 1600 724 nec
1637 667 1727 722 illa
1753 665 2022 722 voluimus
2122 665 2270 738 quod
2296 664 2503 723 horreis
2531 665 2858 722 continetur.

427 760 709 833 imponere
735 776 856 834 qua:
894 778 992 819 vos
1019 761 1268 832 potuistis
1313 763 1395 833 (ut
1422 760 1771 834 arbitramur)
1802 757 2019 819 offerre.

961 893 1291 953 EPISTOLA
1328 896 1510 952 XLIII.

715 1004 884 1046 umens
908 1003 1162 1044 summo
1191 1003 1559 1045 rusononrcus
1585 1005 1712 1044 max.
1758 986 1761 987 ⁷

429 1077 584 1135 Iubet
621 1088 709 1147 ut,
740 1097 856 1134 cum
895 1083 1150 1136 exercitus
1181 1080 1383 1136 Gallias
1425 1083 1731 1147 intraverit,
1761 1079 2027 1150 mancipia

502 1151 573 1206 ad
595 1152 729 1206 alios
756 1150 1048 1222 deﬁcientia
1073 1152 1329 1221 prioribus
1346 1153 1568 1207 dominis
1593 1153 1951 1207 restituantur.

506 1243 847 1299 Delectamur
871 1242 993 1312 jure
1025 1243 1269 1299 Romano
1299 1245 1481 1300 vivere
1510 1259 1648 1313 quos
1676 1244 1837 1298 armis
1878 1243 2030 1313 cupi—

434 1349 556 1390 mus
583 1333 888 1401 vindicare;
931 1350 1034 1390 nec
1059 1336 1238 1390 minor
1261 1336 1416 1391 nobis
1444 1351 1574 1392 cura
1600 1344 1683 1392 est
1704 1351 1884 1392 rerum
1914 1351 2031 1391 mo-

435 1425 632 1479 ralium
662 1440 826 1494 quam
854 1431 1033 1496 potest
1061 1441 1178 1484 esse
1202 1426 1489 1482 bellorum.
1532 1427 1669 1493 Quid
1693 1428 1837 1482 enim
1866 1429 2031 1497 proti-

435 1515 512 1570 cit
531 1517 793 1574 barbaros
819 1518 1115 1574 removisse
1155 1519 1429 1586 confusos,
1463 1520 1566 1576 nisi
1604 1521 1817 1575 vivatur
1856 1535 1922 1576 ex
1950 1521 2032 1577 1e-

436 1606 592 1676 gibus
617 1609 639 1663 ?
668 1608 1008 1679 Quapropter
1036 1625 1179 1677 cum,
1215 1611 1328 1666 Deo
1357 1611 1614 1681 pr0pitio,
1644 1611 1844 1667 Gallias
1872 1627 2033 1668 exer-

436 1700 576 1756 citus
613 1711 798 1757 noster
836 1702 1117 1759 intraverit
1141 1742 1156 1768 ,
1196 1705 1242 1758 si
1292 1718 1398 1774 qua
1447 1704 1711 1773 mancipia
1755 1704 2034 1760 servitium

435 1791 763 1849 declinantia
803 1794 852 1861 ι),
894 1795 963 1850 ad
1007 1797 1142 1852 alios
1186 1811 1245 1853 se
1273 1812 1434 1866 quam
1485 1799 1680 1867 quibus
1715 1799 2035 1855 videbantur

438 1882 544 1955 [ed.
579 1883 702 1939 Niv.
758 1895 807 1940 et
840 1884 1016 1953 Gam.,
1048 1884 1403 1962 debebantur‘]
1436 1899 1743 1960 competere
1790 1892 2036 1948 contule-

434 1983 582 2042 runt,
625 1977 894 2046 prioribus
939 1979 1174 2036 dominis
1197 1981 1448 2050 jubemus
1494 1983 1611 2038 sine
1639 1983 1814 2052 aliqua
1847 1984 2037 2040 dubie-

438 2073 554 2122 tate
581 2071 796 2125 restitui
829 2089 841 2124 :
873 2071 1000 2141 quia
1029 2073 1283 2129 confundi
1311 2091 1421 2131 non
1459 2075 1652 2131 decent
1675 2076 1831 2147 jura,
1869 2077 2040 2148 impe-

439 2168 598 2214 rante
635 2161 872 2230 justitia;
918 2180 1020 2220 nec
1047 2175 1224 2236 potest
1255 2168 1470 2238 abjecto
1499 2169 1683 2226 favere
1722 2172 1944 2227 servitio
1974 2173 2040 2228 li-

437 2247 667 2304 bertatis
691 2251 959 2308 defensor.
996 2256 1239 2312 Aliorum
1267 2259 1406 2315 forte
1431 2275 1618 2330 regum
1647 2263 1830 2332 praelia
1857 2273 2041 2335 capta-

441 2356 563 2396 rum
580 2342 858 2400 civitatum
880 2356 974 2402 aut
994 2350 1199 2417 praedas
1220 2361 1500 2422 appetunt,
1526 2362 1618 2409 aut
1643 2356 1826 2413 ruinas
1849 2374 1861 2409 :
1887 2357 2042 2415 nobis

441 2437 782 2506 propositum
805 2448 907 2506 est,
943 2441 1054 2498 Deo
1071 2441 1314 2512 juvante,
1346 2445 1423 2502 sic
1450 2447 1695 2516 vincere,
1724 2457 1783 2503 ut
1810 2450 2043 2522 subjecti

442 2541 504 2582 se
532 2527 754 2586 doleant
782 2541 1027 2589 nostrum
1057 2533 1353 2592 dominium
1384 2538 1585 2597 tardius
1606 2543 1942 2613 acquisiisse.

971 2645 1308 2704 EPISTULA
1345 2649 1529 2706 XLIV.

516 2725 786 2772 UNIVERSIS
823 2731 1221 2775 POSSESSORIBUS
1262 2738 1689 2783 ARELATENSIBUS
1727 2741 1969 2787 ’ΠΙΕουο-

1089 2806 1238 2845 ιιιοῐιε
1266 2809 1391 2847 REX.

446 2871 647 2950 Scribit
691 2893 746 2950 se
795 2888 988 2932 certam
1057 2883 1290 2950 pecunia:
1341 2900 1598 2940 summam
1658 2894 1708 2942 et
1764 2889 2042 2944 alimonias

513 2946 644 3015 ipsis
669 2947 742 3001 ad
766 2964 1032 3031 murorum
1057 2946 1442 3031 Arelatensium
1471 2958 1791 3027 turriumque
1815 2969 2043 3015 vetusta-

518 3031 636 3070 rum
664 3024 1046 3086 reparationem
1075 3024 1297 3079 misisse.

519 3106 778 3175 Quamvis
813 3112 1046 3182 primum
1075 3115 1144 3171 sit
1171 3116 1329 3175 laesos
1357 3119 1565 3177 incolas
1607 3123 1875 3191 refovere,
1906 3133 1961 3180 et
1987 3125 2041 3180 in

448 3197 758 3258 hominibus
784 3205 956 3275 magis
1003 3208 1213 3276 signum
1250 3210 1470 3279 pietatis
1515 3215 1829 3282 ostendere,
1865 3223 2046 3274 tamen

448 3299 738 3361 utrumque
761 3294 1068 3354 humanitas
1091 3309 1280 3356 nostra
1307 3303 1614 3374 conjungit;
1660 3315 1719 3362 ut
1745 3316 1801 3363 ct
1827 3308 2045 3378 largita-

451 3380 520 3437 tis
549 3385 791 3441 remedio
819 3388 1023 3446 civibus
1061 3393 1435 3462 consulamus,
1460 3405 1516 3452 et
1543 3397 1612 3453 ad
1649 3400 1851 3455 cultum
1881 3401 2047 3456 redu-

450 3484 578 3527 cere
624 3475 848 3544 antiqua
877 3480 1076 3536 naenia
1103 3481 1440 3542 festinemus.
1492 3486 1582 3544 Sic
1627 3490 1771 3545 enim
1822 3492 1946 3557 fiet,
1992 3501 2054 3549 ut

449 3560 670 3621 fortuna
709 3567 890 3636 urbis,
941 3585 1061 3639 quae
1089 3573 1143 3627 in
1173 3575 1380 3632 civibus
1426 3579 1679 3648 erigitur,
1730 3582 2050 3639 fabricarum

451 3667 672 3725 quoque
717 3657 919 3715 decore
964 3673 1312 3721 monstretur.
1360 3666 1466 3724 Pro
1495 3672 1838 3741 reparatione
1867 3673 2052 3744 itaque

455 3759 736 3804 murorum
758 3749 1157 3811 Arelatensium
1193 3758 1280 3814 vel
1312 3759 1538 3816 turrium
1566 3772 1901 3819 vetustarum
1931 3781 2053 3823 cer-

451 3845 564 3893 tam
607 3842 849 3911 pecuniae
876 3844 1169 3906 direximus
1198 3853 1574 3922 quantitatem.
1607 3855 1871 3913 Victualia
1911 3873 2051 3928 quo-

450 3942 578 3998 que,
609 3946 730 4002 quae
760 3943 971 3994 vestras
1009 3938 1253 3995 relevare
1282 3942 1564 3999 videantur
1606 3960 1891 4018 expensas,
1922 3949 2055 4006 feci-

451 4034 577 4079 mus
620 4027 942 4097 praeparari;
973 4035 1034 4084 ut
1079 4031 1235 4086 vobis
1276 4032 1634 4105 destinentur,
1682 4052 1804 4093 cum
1843 4047 2056 4110 tempus

454 4115 814 4188 navigationis
846 4120 1161 4188 C,arriserit.
1191 4121 1450 4183 Relevate
1478 4142 1622 4184 nunc
1649 4127 1876 4198 animos,
1909 4138 1966 4188 et
1987 4130 2059 4191 de

525 4313 916 4402 fgrzebendge,
949 4317 1018 4402 id.
1030 4327 1111 4376 est
1128 4321 1396 4402 militaris
1414 4339 1651 4402 annona.
1700 4326 1912 4400 Ulpian.
1939 4332 2058 4402 ejus

454 4389 1180 4469 gnem.in_it;_qui_pr_:ebenda
1220 4395 1480 4469 exercitui
1512 4389 1922 4469 conduxerunt,
1966 4389 2057 4469 I9,

455 4455 610 4543 393m
630 4455 923 4543 ‘dete'stibl'
949 4458 1233 4543 T'.“Liviu's‘
1250 4465 1344 4519 lib.
1377 4482 1416 4522 ιι
1437 4466 1570 4543 belli
1598 4471 1821 4543 secundi
1844 4455 2058 4543 Ριὶηἷοίζ

457 4520 670 4611 geli:
697 4541 862 4611 xv,nc.
885 4529 950 4611 ‘4.
985 4527 1162 4587 Plaut.
1193 4520 2062 4611 persag'mdiieéfﬁﬁéﬁéid‘ai'lﬁl
2086 4546 2142 4611 Ι)

458 4604 755 4676 caverunt.
785 4596 1086 4666 Craterum,
1141 4596 1454 4676 tribuenda,
1507 4596 1668 4676 quod.
1699 4625 1853 4667 more
1883 4596 2061 4672 sol—ito

457 4659 847 4750 tribuerentur,
875 4676 941 4750 tit
957 4677 1024 4750 et
1051 4659 2059 4750 prtebenda;Hdixit—Svmniachtglib‘:

461 4748 502 4818 lu,
531 4736 753 4818 epist._6
789 4738 926 4818 etii.
951 4738 1034 4818 βο
1051 4736 1276 4818 nomine
1304 4736 1568 4818 beneficia
1593 4736 2066 4812 ecclesiastica—sui;

460 4808 807 4886 gniftmittur,
826 4808 912 4886 tit.
935 4808 1003 4864 de
1017 4811 1294 4886 praebend.
1319 4815 1520 4886 etdig.,
1543 4826 1599 4873 ot
1619 4819 1702 4873 tit.
1727 4821 1795 4876 de
1816 4808 2059 4883 concess.

500 4873 761 5000 tab):qu
791 4873 850 4934 et
878 4873 1078 4935 canfsi
1103 4884 1219 4954 quis
1258 4883 1431 4954 dator,
1443 4873 1583 4944 "can.
1615 4906 1683 4944 ea:
1707 4873 2063 4969 multari:qu

500 4983 515 5000 ο
547 4959 714 5002 ΕΟΒΝ.

533 5014 820 5101 b_Fugitivi
847 5020 1021 5101 servi,
1050 5023 1094 5079 si
1135 5038 1196 5080 se
1223 5025 1292 5101 ad
1320 5026 1456 5101 alios
1476 5043 1638 5100 quam
1665 5032 1861 5101 quibus
1905 5035 2064 5094 debe-

458 5084 1056 5171 bantnrc'competerei
1103 5084 1466 5171 contulerint,
1493 5084 1789 5171 prioribus
1804 5084 2064 5165 wdominis

694 5160 852 5246 jubet
879 5161 969 5219 hic
997 5163 1387 5246 'l‘heodoricus.
1421 5160 1707 5246 Praeterea
1749 5160 2062 5246 requirendi

458 5224 715 5314 ﬁtgitivos'
756 5247 965 5314 servos
999 5243 1242 5314 potestas
1289 5224 1524 5314 dominis
1536 5224 2054 5307 'édiéeiitii'ifil

461 5294 819 5386 fiequirendi,
845 5319 897 5386 ρ.
931 5294 1122 5386 ἀίων.
1169 5311 1282 5380 fug.

461 5382 615 5460 rum”
625 5374 946 5460 improbitas
993 5374 1260 5460 testantur
1291 5374 1502 5460 veteres
1527 5422 1543 5448 ,
1585 5387 1780 5460 quibus
1798 5374 2058 5460 suspecta

461 5436 682 5528 fuerunt
704 5436 1006 5528 servorum
1037 5447 1313 5528 ingenia,
1345 5436 1563 5528 illisque
1592 5436 2066 5528 ‘ih‘g'éhiiié’é‘éEé

463 5507 683 5568 fraudes
710 5514 1071 5572 crediderunt.
1103 5507 1242 5577 Hinc
1271 5507 1591 5591 Terentius,

526 5600 604 5652 Ne
627 5603 820 5658 faceres
837 5610 967 5671 quod
990 5611 1167 5676 vulgus
1198 5628 1457 5668 servorum
1479 5618 1628 5682 solet,
1655 5620 1777 5672 dolis
1792 5630 1850 5746 ﬁt
1865 5638 1951 5735 crine
1974 5627 2066 5679 de-

1832 5701 1860 5735 ιι
1899 5700 2031 5740 eros.

1832 5700 2031 5740 nueres.

466 5742 625 5832 Apud
659 5749 973 5832 Salvianum
1001 5757 1069 5813 de
1099 5757 1441 5832 Providentia
1471 5763 1590 5832 Dei,
1621 5765 1750 5821 vitia
1781 5742 1850 5824 ad
1876 5786 2064 5831 servos

467 5818 729 5898 relegata,
759 5826 945 5912 eisque
971 5828 1207 5906 ascripta
1235 5833 1485 5927 legimus,
1516 5818 2061 5918 θιάιιίιιῖοξᾶἔῦἁέἓ

2651 775 2984 833 EPISTOLA
3021 777 3182 834 XLV.

2161 888 2424 932 ARIGERNO
2450 887 2575 929 VIRO
2605 887 2846 928 ILLUSTBI
2865 913 2879 938 ,
2915 887 3127 940 COHITI,
3158 885 3527 928 TEEODORICUS
3558 887 3716 927 REX.

2127 966 2222 1024 Illi
2265 978 2441 1038 ortam,
2477 985 2570 1036 pro
2611 968 2836 1038 quadam
2876 968 3030 1023 domo
3079 971 3214 1022 inter
3263 969 3570 1038 defensores
3629 969 3757 1023 Ro-

2199 1056 2370 1123 mana:
2398 1037 2647 1095 Ecclesia:
2674 1048 2723 1093 et
2765 1038 2977 1095 Juda'os
3006 1041 3146 1094 litem
3175 1037 3556 1095 discutiendam
3590 1057 3762 1094 com-

2201 1120 2377 1165 mittit.

2199 1201 2428 1258 Justitiae
2474 1212 2671 1260 nostrae
2699 1203 2954 1260 convenit
2997 1211 3056 1260 ut
3094 1202 3163 1260 de
3202 1203 3420 1260 indultis
3447 1200 3763 1259 beneﬁciis

2132 1296 2427 1352 calumnias
2456 1295 2571 1351 fieri
2599 1312 2708 1353 non
2735 1297 3006 1363 sinamus;
3055 1303 3111 1351 et
3152 1296 3410 1367 quidquid
3447 1311 3632 1366 prava
3667 1296 3762 1350 in-

2134 1390 2525 1460 terpretatione
2549 1389 2764 1459 tegitur,
2789 1388 2968 1460 fugata
2998 1390 3268 1446 mendacii
3294 1390 3434 1446 nube
3457 1388 3486 1427 ἀ
3517 1390 3759 1446 revele-

2135 1497 2274 1538 mus.
2312 1481 2634 1538 Defensores
2669 1483 2851 1552 itaque
2879 1491 3240 1540 sacrosancta:
3266 1483 3526 1540 Romanae
3545 1483 3758 1540 Eccle-

2136 1579 2229 1633 siae
2269 1577 2548 1646 conquesti
2597 1585 2748 1642 sunt,
2793 1578 2964 1632 beatae
3019 1577 3411 1632 recordationis
3457 1577 3756 1647 quondam

2138 1669 2474 1740 Simplicium
2511 1668 2729 1724 domum
2758 1669 2813 1723 in
2841 1669 3204 1725 sacratissima
3234 1668 3379 1725 Urbe
3403 1669 3647 1740 positam
3679 1670 3757 1724 ab

2063 1775 2111 1837 Β
2136 1758 2381 1816 Eufrasio
2409 1759 2623 1830 acolyto
2662 1758 3031 1814 instrumentis
3059 1757 3219 1814 factis
3247 1759 3560 1816 solemniter
3580 1773 3755 1814 com-

2138 1866 2386 1926 parasse;
2419 1866 2581 1922 quam
2609 1866 2707 1922 per
2746 1865 3014 1906 annorum
3053 1850 3215 1919 longa
3241 1850 3508 1906 curricula
3543 1849 3758 1904 Eccle-

2138 1947 2273 2002 siam
2301 1945 2601 2001 Romanam
2627 1944 2812 2013 quieto
2835 1942 2958 2011 jure
3003 1952 3298 2013 suggerunt
3322 1942 3666 2012 possedisse,
3698 1949 3754 1996 et

2141 2038 2197 2092 in
2227 2052 2352 2093 usus
2377 2036 2583 2091 alienos
2623 2034 2958 2091 transtulisse
2981 2034 3272 2089 securitate
3296 2033 3542 2090 dominii.
3588 2032 3754 2087 Nunc

2142 2138 2322 2185 autem
2346 2129 2580 2185 existere
2599 2127 2869 2184 Samarea:
2897 2127 3070 2200 [mss.,
3101 2125 3318 2197 amarae]
3340 2125 3751 2196 superstitionis

2141 2223 2399 2294 populum
2427 2223 2673 2293 improba
2717 2221 2895 2278 fronte
2939 2219 3228 2289 duratum,
3269 2219 3360 2291 qui
3407 2232 3754 2290 synagogam

2145 2315 2344 2372 ibidem
2367 2314 2474 2387 55.
2494 2315 2659 2372 fuisse
2674 2313 2870 2383 iniquis
2887 2312 3171 2370 conatibus
3190 2311 3513 2375 mentiatur;
3537 2324 3666 2364 cum
3686 2308 3754 2362 ad

2145 2409 2410 2465 humanos
2439 2407 2626 2480 [Forn.
2668 2416 2718 2462 et
2763 2405 2936 2472 Grut.,
2975 2406 3032 2462 in
3081 2403 3217 2477 hos]
3257 2419 3386 2460 usus
3436 2400 3756 2458 habitacula

2145 2502 2307 2572 longe
2350 2502 2508 2556 aliter
2541 2501 2775 2557 formata
2818 2499 3137 2565 doceantur,
3187 2512 3350 2569 quam
3396 2503 3575 2566 potest
3622 2507 3758 2549 esse

2147 2602 2448 2651 memorata
2475 2593 2825 2649 constructio.
2877 2592 3216 2662 Quapropter
3257 2587 3574 2658 magnitudo
3621 2594 3756 2652 tua,

2148 2687 2494 2745 conscientia:
2520 2701 2630 2743 sua:
2677 2685 2906 2755 probata
2947 2682 3190 2753 justitia,
3238 2695 3458 2737 causam
3502 2677 3758 2746 diligenti

2149 2776 2548 2833 examinatione
2590 2774 2864 2832 discutiat.
2897 2773 2966 2828 Et
2993 2773 3041 2830 si
3067 2787 3197 2829 vera
3239 2770 3580 2841 cognoverit,
3632 2781 3759 2837 qua:

2148 2869 2372 2924 veniunt
2407 2868 2466 2922 in
2492 2866 2773 2938 querelam
2791 2909 2807 2934 ,
2838 2865 3180 2923 considerata
3206 2864 3462 2933 aequitate
3503 2862 3754 2918 deﬁniat.

2147 2960 2283 3015 Nam
2298 2959 2344 3015 si
2371 2959 2619 3014 humanis
2639 2959 2847 3014 actibus
2866 2965 2992 3013 sunt
3016 2957 3299 3014 calumnire
3318 2952 3754 3018 summovendae,

2148 3062 2354 3125 quanto
2375 3053 2546 3123 magis
2574 3052 2845 3108 credimus
2865 3050 3202 3108 emendanda
3224 3065 3343 3122 qua:
3361 3047 3761 3107 contumeliam

2071 3160 2122 3227 α
2151 3144 2455 3204 Diviuitatis
2480 3153 2698 3215 tangere
2720 3142 3070 3214 judicamus?

2679 3258 3017 3316 EPISTOLA
3053 3256 3234 3314 XLVI.

2534 3369 2817 3410 RDEODATO
2847 3367 3212 3410 THEODORICUS
3237 3367 3365 3407 REX.

2152 3443 2326 3500 Mutat
2350 3460 2553 3514 poenam
2573 3444 2974 3514 acerbissimam,
3012 3461 3112 3514 qua
3140 3443 3202 3498 ob
3226 3451 3432 3514 raptum
3456 3441 3766 3496 Valeriane:

2225 3513 2414 3587 puella:
2453 3516 2664 3587 adultw,
2697 3533 2729 3566 η
2758 3513 3005 3587 Lucania:
3026 3513 3441 3583 ’Brutiorumque
3468 3523 3768 3566 conectere

2228 3585 2399 3658 fuerat
2427 3585 2818 3658 condemnatus,
2849 3586 2904 3639 in
2933 3587 3175 3658 exsilium
3203 3600 3609 3658 semimenstum,
3641 3593 3767 3658 post

2226 3654 2363 3728 quod
2384 3658 2567 3726 patria:
2583 3656 2830 3728 rebusque
2852 3655 3086 3728 omnibus
3109 3656 3428 3728 restituitur;
3452 3665 3558 3728 tum
3576 3654 3768 3728 indicit

2226 3725 2431 3797 paruam
2463 3729 2619 3780 trium
2639 3725 2889 3780 librarum
2917 3727 3032 3779 auri
3062 3726 3313 3797 ejusmodi
3335 3725 3515 3797 statuti
3546 3726 3769 3797 violato:

2228 3794 2412 3861 ribus;
2447 3798 2651 3851 tandem
2697 3813 2784 3851 eos
2824 3797 2888 3850 ab
2933 3794 3378 3866 omni—formidine
3417 3794 3642 3860 liberat,
3673 3795 3769 3863 qui

2228 3869 2434 3921 crimini
2463 3867 2599 3922 bona
2626 3867 2731 3937 ﬁde
2753 3868 3116 3938 interfuerant.

2230 3955 2454 4012 Materia
2483 3966 2566 4012 est
2603 3957 2788 4026 gloria:
2815 3956 3127 4029 principalis
3153 3957 3514 4028 delinquentis
3557 3965 3771 4026 reatus,

2159 4053 2288 4124 quia
2328 4052 2432 4108 nisi
2477 4052 2758 4123 culparum
2807 4054 3124 4110 occasiones
3168 4062 3525 4125 emergerem,
3581 4054 3772 4108 locum

2160 4144 2336 4217 pietas
2365 4143 2505 4218 [Ac.,
2555 4143 2794 4216 pietatis]
2841 4161 2950 4204 non
2984 4145 3230 4204 haberet.
3276 4145 3416 4214 Quid
3443 4145 3591 4203 enim
3618 4145 3780 4202 salu-

2160 4349 2399 4420 jamgper
2423 4363 2481 4404 se
2505 4348 2680 4404 malos
2714 4349 3055 4406 dominorum
3092 4347 3332 4420 nequitia
3361 4346 3478 4420 fieri
3520 4347 3775 4417 pejores.

2163 4418 2255 4475 Sic
2283 4418 2320 4475 ι;
2343 4421 2396 4488 ὅ,
2427 4434 2475 4474 c.
2510 4420 2574 4474 de
2605 4420 2750 4474 liber.
2776 4430 2826 4475 et
2845 4438 2952 4475 eor.
2977 4420 3091 4486 lib.,
3116 4419 3283 4483 dixit,
3312 4419 3556 4488 recipere
3586 4420 3776 4488 nequi-

2165 4491 2297 4545 tiam
2325 4489 2538 4545 servilis
2573 4491 2792 4553 ingenii.
2824 4490 2893 4544 Et
2914 4491 3210 4553 Arnobius,
3242 4488 3534 4553 petulantis
3564 4489 3779 4544 amoris

2167 4561 2440 4615 flammam
2487 4558 2772 4617 servilibus
2801 4561 3124 4616 obumbrare
3173 4558 3415 4614 fallaciis.
3467 4558 3561 4613 Sic
3601 4560 3777 4614 etiam

2168 4631 2406 4696 Tacitus,
2435 4630 2720 4700 Suspecta,
2753 4631 2863 4699 ait,
2885 4631 3183 4700 majoribus
3209 4630 3411 4685 nostris
3436 4628 3658 4700 fuerunt
3688 4631 3779 4685 in-

2166 4703 2322 4770 genia
2360 4698 2671 4768 servorum,
2707 4698 2891 4756 etiam
2939 4698 3062 4756 cum
3092 4701 3146 4756 in
3193 4701 3336 4770 agris
3382 4708 3476 4754 aut
3514 4698 3780 4755 domibus

2165 4772 2358 4828 iisdem
2389 4781 2758 4835 nascerentur,
2789 4772 3216 4835 charitatemque
3242 4771 3587 4826 dominorum
3636 4771 3780 4825 satis

2169 4843 2501 4912 acciperent.
2524 4841 2694 4898 Vetus
2721 4851 2900 4898 exstat
2927 4839 3295 4913 proverbium,
3330 4840 3556 4913 Tot_nos
3580 4839 3780 4896 habere

2168 4909 2341 4986 hostes
2370 4921 2492 4986 quot
2520 4929 2711 4986 servos,
2743 4920 2802 4986 ut
2831 4909 3084 4986 est—apud
3112 4909 3398 4986 Senecam.
3428 4909 3621 4986 Bnoss.

2244 4995 2265 5022 ο
2299 4982 2565 5065 Tempore
2594 4983 2786 5065 hiemis
2814 4983 3086 5065 navigatio
3113 4982 3416 5065 periculosa
3450 4999 3462 5034 :
3498 4982 3779 5065 in_de_m3-

2167 5053 2250 5108 ria
2278 5049 2454 5109 claudi
2501 5053 2768 5124 dicuntur.
2821 5049 3088 5124 Vegetius,
3115 5049 3215 5108 lib.
3245 5069 3340 5124 iv,
3372 5067 3509 5124 cap.
3534 5051 3599 5119 5;
3632 5052 3670 5124 l.
3704 5049 3777 5124 6,

2168 5124 2400 5194 Civitas,
2425 5141 2473 5180 c.
2508 5123 2572 5179 de
2598 5124 2691 5194 σθ’.
2720 5131 2845 5179 rect.
2878 5120 3021 5194 p'rov.
3045 5123 3165 5194 ,Cic.
3199 5123 3296 5194 lib.
3338 5138 3394 5184 ιι,
3427 5120 3587 5194 epist.
3617 5122 3674 5194 6,
3703 5120 3777 5174 ad

2168 5193 2234 5261 Q.
2275 5195 2342 5250 fr.
2373 5195 2564 5251 Adhuc
2583 5192 2731 5250 mare
2759 5192 3000 5250 clausum
3031 5193 3195 5249 fuisse
3223 5193 3356 5259 scio,
3381 5192 3478 5248 sed
3504 5193 3780 5261 quosdam

2167 5273 2350 5322 tamen
2379 5266 2590 5322 venisse
2627 5263 2778 5322 Ostia
2803 5265 3076 5321 dicebant.
3110 5263 3247 5319 Hinc
3281 5264 3456 5319 lucem
3489 5270 3783 5317 mutuatur

2165 5338 2376 5406 species
2434 5351 2465 5392 a
2519 5336 2761 5392 Scaevola
2815 5343 3045 5390 tractata
3072 5335 3139 5406 ml.
3192 5333 3324 5400 122,
3382 5334 3486 5401 Qui
3549 5333 3777 5398 Romae,

2174 5405 2213 5478 ξ
2236 5405 2605 5472 Callimachus,
2637 5407 2700 5460 de
2721 5406 2856 5461 verb.
2880 5406 3036 5478 oblig.
3069 5405 3310 5478 Formati.

2246 5478 2273 5514 ά
2299 5478 2391 5533 Sic
2422 5479 2598 5532 Vaier.
2631 5477 2723 5533 lib.
2767 5493 2855 5543 ιιι,
2886 5473 3037 5531 Nube
3075 5476 3307 5531 infamia:
3335 5475 3643 5531 castitatem
3673 5473 3780 5528 ob-

2172 5563 2410 5604 scurare.
2437 5546 2690 5604 Paulinus
2721 5547 2936 5618 epistol.
2961 5547 3029 5602 ad
3059 5550 3336 5618 Severum,
3369 5548 3634 5618 (iurarunt
3665 5554 3780 5618 ter-

2174 5621 2428 5674 restrium
2484 5621 2625 5675 nube
2672 5613 3011 5686 circumdari.
3047 5617 3232 5686 Virgil.
3285 5617 3378 5672 lib.
3434 5634 3466 5670 x
3523 5613 3778 5679 dinem”

2174 5689 2309 5744 Belli
2336 5690 2551 5746 nubem.
2584 5689 2648 5743 Et
2671 5688 2866 5744 Paulus
2891 5685 3132 5751 Orosius,
3152 5685 3300 5742 Belli
3324 5687 3551 5749 nebulas
3576 5687 3635 5744 in
3661 5698 3782 5742 ma-

2177 5774 2281 5832 gna
2310 5761 2576 5819 malorum
2607 5761 2790 5819 nubila
2819 5759 3079 5819 coituras.
3111 5759 3301 5818 Bnoss.
3782 5757 3792 5769 ’

2776 5940 2880 5960 “’--
2918 5937 2978 5964 6’.-.

2183 5997 2231 6026 μ
