3958 6454
168 269 298 336 cor
347 239 353 244 ’
1494 276 1794 336 VARIARU

1901 278 2097 336 LIBER
2133 280 2219 340 III.
3389 293 3500 355 802

165 387 304 445 bris
321 386 624 448 Ordinatio
649 399 837 464 gerat,
865 389 912 449 si
938 407 1152 450 morum
1179 391 1421 464 probitas
1443 401 1633 450 cuncta
1659 410 1806 450 com-
1834 397 1889 456 Δ
1981 400 2212 480 ecclesia;
2257 403 2562 480 refugisset.
2594 423 2798 480 poenam
2834 409 3019 480 capitis
3064 411 3250 468 exsilio
3275 412 3332 469 in
3369 410 3501 470 Vul-

165 481 422 553 ponat?
465 481 630 539 Arida
674 483 890 541 siccitas
937 485 1206 542 madentis
1259 485 1451 556 pluvia:
1488 485 1794 542 beneﬁcium

1981 472 2161 526 canias
2188 472 2410 540 insulas,
2441 490 2554 546 qua:
2581 472 2959 549 describuntur,
2988 493 3346 541 commutasse.

168 581 463 644 exoptat.
504 573 806 632 Salutiferis
832 576 1168 634 medentium
1197 579 1446 635 manibus
1469 579 1573 634 nisi
1600 578 1811 634 infirma
1978 584 2038 640 In
2082 594 2294 655 partem
2331 595 2358 624 ⁸
2404 588 2622 658 pietatis
2666 590 2857 647 recidit
2900 594 3144 664 mitigata
3189 597 3496 668 districtio;

165 663 472 724 valetudo
494 682 605 722 non
635 667 858 737 indiget.
908 667 1000 724 Sic
1027 669 1156 724 dum
1181 669 1537 726 imbecillitati
1564 686 1810 727 succum—
1909 683 1966 732 et
1991 677 2090 733 sub
2110 676 2374 736 beneﬂcio
2394 680 2549 750 punit
2576 680 2679 754 [ed.
2705 680 2831 739 Niv.
2859 693 2907 738 et
2928 663 3103 755 om,
3121 689 3384 760 praestat],
3406 663 3500 762 qui

167 755 368 826 bitur,
420 758 812 816 convenienter
842 759 1082 816 remedia
1109 761 1436 820 tribuuntur.
1469 761 1810 834 Quapropter
1909 783 2127 840 pcenam
2150 769 2388 827 debltam
2414 773 2788 831 moderatione
2811 755 3151 835 considerata
3177 755 3497 854 palpavei'it.

168 847 423 904 casibus
474 851 679 920 asperis
722 853 1085 922 praestandum
1114 863 1198 910 est
1241 854 1341 910 sub
1381 854 1602 925 justitiae
1649 855 1810 913 laude
1907 857 2157 916 Jovinum
2185 862 2466 930 curialem,
2497 877 2658 934 quem
2702 873 2978 922 corrector
3005 847 3254 926 Lucaniae
3268 847 3504 930 'Brutio-

170 936 598 1008 moderamen;
654 949 714 997 ut
762 958 863 999 nec
915 943 1208 1000 vindictam
1264 945 1500 1001 sinamus
1550 960 1810 1017 superare
1906 967 2134 1024 rumque
2181 955 2400 1011 humani
2439 957 2596 1013 nobis
2641 959 2880 1028 suggerit
2920 961 3194 1029 sanguinis
3238 963 3500 1022 eﬂ'usione

166 1039 463 1098 peccata,
495 1047 598 1088 nec
643 1033 858 1104 culpam
886 1033 1144 1092 insultare
1172 1036 1442 1107 patiamur
1469 1036 1675 1106 legibus
1705 1038 1808 1092 im-
1906 1047 2168 1116 pollutum
2200 1046 2250 1116 δ,
2281 1048 2350 1104 ob
2379 1048 2484 1105 hoc
2508 1048 2653 1120 quod
2679 1060 2880 1105 mutuae
2908 1051 3276 1108 contentionis
3297 1054 3501 1111 ardori-

170 1119 479 1189 punitam.
519 1122 671 1180 Datis
727 1126 908 1196 itaque
954 1128 1204 1197 precibus
1231 1128 1506 1198 allegasti,
1538 1129 1639 1184 viri
1683 1144 1808 1200 spe-

169 1211 420 1270 ctabilis
473 1214 740 1284 Venantii,
797 1218 1048 1275 Lucaniae
1100 1228 1156 1276 et
1204 1220 1511 1276 Brutiorum
1566 1223 1807 1292 praesulis

171 1299 227 1375 [J
236 1314 392 1358 uret.
405 1346 420 1372 ,
437 1307 498 1360 id
512 1318 606 1373 eu,
624 1307 993 1380 correctoris],
1009 1310 1256 1366 odiorum
1271 1320 1324 1367 te
1343 1311 1636 1367 acerbitate
1657 1327 1806 1368 com-

169 1409 479 1465 pressum,
510 1400 767 1457 custodite
794 1402 958 1472 longo
987 1406 1094 1462 situ
1123 1405 1480 1472 laborantem,
1514 1406 1568 1460 in
1593 1405 1806 1462 co’nfes-

171 1484 416 1544 sionem
462 1499 650 1563 raptus
683 1492 880 1550 adultae
903 1496 1095 1567 puellae
1122 1496 1422 1554 Valerianus
1447 1497 1612 1553 fuisse
1651 1513 1804 1554 com-

171 1577 460 1649 pulsum;
492 1590 553 1638 ut
579 1585 781 1654 gratius
808 1586 967 1642 fuerit
987 1604 1137 1659 spem
1163 1589 1282 1645 cita:
1310 1590 1501 1646 mortis
1526 1600 1802 1661 expetere,

172 1684 359 1741 quam
390 1670 799 1733 tormentorum
837 1679 1074 1736 crudelia
1113 1682 1398 1738 sustinere.
1429 1680 1576 1736 Inter
1616 1697 1804 1752 supre-

1907 1136 2007 1193 bus
2035 1138 2326 1204 excitatus,
2378 1139 2549 1196 rixam
2575 1140 2866 1197 verborum
2905 1157 3075 1212 usque
3121 1145 3189 1200 ad
3235 1144 3500 1202 nefarium

1909 1229 2131 1299 collegae
2182 1230 2404 1286 deduxit
2447 1233 2723 1288 interitum
2755 1252 2769 1286 :
2801 1233 2896 1290 sed
2944 1236 3194 1292 conscius
3239 1237 3370 1294 facti
3415 1240 3500 1296 sui

1908 1323 2050 1380 intra
2078 1325 2320 1381 ecclesire
2347 1334 2498 1396 septa
2520 1327 2791 1396 refugiens
2819 1338 2868 1395 ο,
2899 1329 3172 1388 declinare
3191 1345 3250 1388 se
3273 1332 3502 1388 credidit

1908 1416 2276 1486 praescriptam
2327 1417 2536 1487 legibus
2589 1418 2882 1486 ultionem,
2933 1422 3201 1480 Vulcaniae
3243 1423 3436 1481 insulae
3469 1424 3498 1464 ά

1907 1517 2168 1578 perpetua
2197 1509 2527 1578 relegatione
2550 1511 2894 1580 damnamus;
2920 1522 2982 1569 ut
3001 1524 3056 1570 et
3082 1525 3270 1574 sancto
3295 1519 3499 1590 templo

1907 1605 2267 1660 reverentiam
2306 1603 2560 1660 habuisse
2585 1604 2887 1674 videamur,
2927 1622 3031 1666 nec
3072 1610 3364 1668 vindictam
3394 1613 3499 1668 cri-

1907 1696 2150 1752 minosus
2179 1695 2374 1752 evadat
2410 1697 2466 1752 in
2493 1706 2686 1767 totum,
2717 1700 2811 1770 qui
2838 1699 3115 1758 innocenti
3139 1718 3249 1760 non
3275 1706 3500 1762 credidit

169 1775 303 1865 man
357 1766 519 1820 enim
567 1767 872 1865 θηξιθίεωιίε
923 1772 1218 1865 ξηειξειίθε,
1246 1783 1454 1865 illium
1506 1781 1590 1828 εει
1628 1773 1806 1843 Ροιίυδ
1835 1768 1886 1828 Β
1911 1805 2030 1846 esse
2073 1791 2422 1860 parcendum.
2453 1766 2922 1863 Careatproinde
2957 1794 3133 1864 patrio
3176 1794 3332 1865 foco,
3377 1811 3498 1852 cum

172 1853 380 1922 perire
412 1870 581 1926 quam
610 1859 794 1916 vivere
826 1878 840 1914 :
872 1861 997 1930 quia
1035 1861 1366 1918 detestabilis
1401 1878 1592 1918 sensus
1620 1878 1808 1934 poena-

171 1961 308 2002 rum
341 1951 598 2006 excludit
610 1952 932 2008 dulcissimte
950 1953 1139 2010 salutis
1165 1954 1437 2011 allectum.
1457 1953 1590 2010 Illud
1620 1956 1803 2023 etiam,

168 2038 338 2107 quod
370 2032 823 2112 minimejustitia
846 2053 1139 2114 pateretur,
1157 2045 1435 2115 adjiciens,
1459 2047 1805 2104 defensorum

168 2131 282 2187 tibi
315 2135 635 2203 patrocinia
683 2137 878 2207 saepius
922 2139 1219 2208 postulanti
1272 2138 1438 2195 fuisse
1491 2142 1762 2197 subtracta
1785 2182 1804 2210 ,

169 2237 315 2279 cum
365 2225 669 2282 adversarii
697 2227 950 2285 ﬂorentes
1001 2229 1219 2299 ingenio
1266 2231 1428 2286 etiam
1458 2230 1804 2287 innocentem

173 2317 236 2367 te
286 2325 533 2382 possent
573 2317 750 2386 legum
779 2319 988 2388 laqueis
1016 2320 1276 2388 obligare.
1301 2321 1432 2388 Quae
1479 2323 1801 2393 supplicatio

174 2418 312 2459 cum
367 2406 668 2465 eﬂicaciter
720 2412 958 2468 animum
1016 2420 1215 2470 ucstra:
1266 2416 1484 2484 pietatis
1537 2417 1798 2486 intraret,

175 2497 574 2572 paulatimque
603 2503 670 2559 ad
697 2505 1082 2563 misericordiae
1103 2507 1226 2578 jura
1246 2507 1576 2577 deﬂecteret,
1605 2525 1802 2567 occur-
1830 2511 1832 2514 ’

174 2587 252 2642 rit
283 2588 609 2650 Brutiorum
638 2595 882 2666 praesulis
923 2598 1088 2654 missa
1133 2599 1356 2668 relatio,
1389 2617 1510 2673 quze
1534 2602 1802 2672 privatam

176 2679 582 2751 allegationem
607 2689 881 2757 tragoediae
905 2705 1016 2745 sua:
1043 2706 1179 2747 voce
1207 2694 1527 2763 compressit
1551 2712 1565 2748 :
1597 2710 1802 2767 negan-

175 2771 253 2855 do
277 2776 442 2830 credi
461 2786 650 2833 contra
680 2779 839 2837 ﬁdem
867 2782 1135 2851 publicam
1162 2783 1426 2840 fallaciter
1453 2786 1796 2855 supplicanti.

175 2853 444 2928 Ideoque
466 2863 811 2932 asperitatem
839 2879 1016 2936 paenae
1041 2875 1230 2923 nostra
1256 2868 1484 2926 lenitate
1507 2853 1798 2940 mouimus,
1824 2878 1826 2880 ’

173 2955 599 3021 statuentesut
637 2969 707 3009 ex
751 2955 840 3011 die
884 2956 1082 3026 prolati
1110 2959 1345 3025 oraculi,
1393 2974 1492 3015 sex
1534 2962 1800 3018 mensium

174 3041 426 3110 patiaris
466 3045 734 3101 exsilium.
762 3047 842 3103 Ita
872 3055 930 3104 ut
972 3050 1104 3106 nulli
1132 3060 1257 3121 post
1281 3053 1571 3110 constituta
1615 3063 1800 3113 nostra

1909 1883 2168 1939 exitiabili
2220 1885 2462 1941 victurus
2504 1885 2793 1946 incendio:
2821 1886 2910 1943 ubi
2948 1887 3158 1943 viseera
3185 1895 3347 1943 terra:
3388 1904 3498 1944 non

1907 1977 2197 2046 deficiunt,
2255 1993 2377 2034 cum
2433 1987 2514 2035 tot
2565 1979 2774 2035 saeculis
2835 1979 3035 2048 iugiter
3088 1988 3494 2037 consumantur.

1906 2067 2146 2124 Flamma
2171 2068 2432 2144 siquidem
2462 2069 2564 2124 ista
2593 2078 2827 2135 terrena,
2858 2085 2978 2140 quae
3002 2070 3228 2140 alicujus
3255 2071 3499 2141 corporis

1907 2159 2282 2214 imminutione
2309 2159 2563 2224 nutritur,
2595 2160 2642 2214 si
2671 2175 2778 2216 non
2804 2161 3056 2226 absumit,
3087 2161 3448 2230 exstinguitur
3479 2177 3494 2214 :

1904 2250 2062 2306 ardet
2085 2249 2340 2306 continue
2367 2249 2510 2305 inter
2539 2250 2710 2306 undas
2749 2250 2959 2326 medias
2997 2251 3198 2308 montis
3226 2252 3500 2324 quantitas

1903 2338 2201 2407 indefecta;
2226 2354 2326 2396 nec
2347 2339 2630 2408 imminuit,
2660 2340 2806 2410 quod
2834 2342 3032 2398 resolvi
3052 2356 3213 2411 posse
3232 2343 3496 2410 sentitur;

1902 2429 2110 2487 scilicet
2154 2429 2282 2500 quia
2325 2439 2530 2486 naturae
2574 2430 2962 2488 inextricabilis
3005 2432 3249 2502 potentia
3287 2440 3498 2488 tantum

1903 2521 2170 2577 crementi
2195 2521 2440 2577 cautibus
2469 2523 2702 2593 reponit,
2733 2530 2995 2591 quantum
3041 2523 3119 2579 illi
3145 2539 3315 2581 vorax
3360 2523 3498 2594 ignis

1902 2613 2186 2668 ademerit.
2218 2612 2353 2668 Nam
2395 2612 2846 2683 quemadmodum
2894 2629 3026 2670 saxa
3050 2614 3341 2671 incolumia
3369 2629 3525 2684 per—.

1902 2712 2206 2770 manerent,
2236 2705 2284 2760 si
2327 2717 2543 2775 semper
2568 2705 2707 2774 ignis
2734 2707 2971 2762 adunata
2997 2706 3364 2778 decoqueret?
3391 2706 3497 2763 Po-

1903 2796 2073 2851 tentia
2100 2795 2364 2864 siquidem
2392 2795 2574 2851 divina
2617 2795 2696 2852 sic
2723 2796 2791 2852 de
2817 2797 3102 2854 contrariis
3146 2797 3308 2853 rebus
3333 2797 3497 2852 mira-

1901 2885 2083 2943 culum
2121 2884 2253 2940 facit
2296 2900 2416 2941 esse
2462 2893 2812 2956 perpetuum,
2843 2895 2905 2942 ut
2947 2887 3129 2958 palam
3175 2895 3496 2958 consumpta

1903 2979 2282 3035 occultissimis
2309 2979 2574 3034 instauret
2599 2980 2921 3048 augmentis,
2956 2993 3076 3050 quae
3102 2980 3221 3034 vult
3239 2980 3497 3050 tempori-

1902 3069 2002 3124 bus
2021 3079 2168 3125 stare
2192 3069 2476 3125 diuturnis.
2506 3068 2706 3124 Verum
2736 3085 2860 3125 cum
2888 3078 2944 3126 et
2972 3069 3065 3124 alii
3091 3077 3306 3126 montes
3330 3070 3495 3126 moti-

171 3133 288 3232 δαξ)
360 3133 632 3232 (Ιιιεξιίξηί-
667 3136 1115 3232 interpretatigne
1177 3142 1275 3198 tibi
1333 3143 1496 3200 liceat
1557 3145 1797 3216 Objicel‘e
1825 3133 1870 3198 C
1899 3159 2000 3217 bus
2026 3161 2302 3231 vaporatis
2331 3169 2650 3230 exaestuent,
2699 3161 2876 3218 nullus
2923 3159 3087 3217 simili
3129 3161 3495 3232 appellatione

175 3219 411 3277 crimen
448 3223 719 3282 infamiae:
751 3229 964 3301 quando
1006 3230 1087 3288 fas
1115 3240 1199 3290 est
1234 3235 1464 3306 principi
1493 3236 1797 3295 maculosos

177 3320 354 3369 notas
395 3315 596 3373 vitiatae
625 3321 893 3390 opinionis
920 3323 1251 3393 abstergere.
1299 3325 1406 3381 Sed
1453 3326 1558 3383 hoc
1601 3336 1796 3385 exacto

181 3409 447 3492 tempore
488 3408 676 3477 patriae
713 3410 983 3483 rebusque
1011 3414 1260 3471 omnibus
1307 3415 1604 3482 reformato
1645 3417 1792 3492 [Alii,

182 3491 546 3571 deformato],
565 3499 652 3569 jus
676 3501 771 3557 tibi
800 3503 872 3558 sit
896 3503 1125 3560 liberum
1154 3521 1315 3562 omne
1341 3507 1485 3576 quod
1511 3491 1792 3577 primitus:

184 3587 319 3654 quia
345 3587 498 3644 nulla
521 3598 573 3646 te
597 3592 950 3661 ingemiscere
970 3597 1154 3666 probri
1182 3597 1468 3654 adustione
1492 3613 1793 3666 censemus,

187 3690 356 3744 quem
407 3681 695 3750 temporali
744 3683 992 3740 volumus
1046 3687 1239 3744 exsilio
1289 3688 1537 3745 detineri.
1570 3687 1792 3746 Poenam

188 3769 356 3826 trium
373 3770 635 3831 librarum
656 3779 773 3833 auri
796 3778 1145 3836 nihilominus
1166 3783 1582 3849 comminantes,
1607 3784 1652 3838 si
1673 3783 1794 3853 quis

190 3873 286 3919 aut
307 3867 607 3937 obviando,
630 3879 723 3926 aut
741 3872 896 3927 aliter
914 3875 1284 3945 intelligendo,
1299 3891 1534 3947 praesens
1550 3886 1794 3936 nostrum

189 3958 402 4016 violare
431 3965 719 4018 tentaverit
744 3968 1114 4023 constitutum.
1143 3967 1252 4026 Sed
1273 3972 1528 4040 quoniam
1549 3973 1662 4028 haec
1681 3982 1794 4028 sta-

193 4056 307 4105 tuta
336 4051 409 4107 ad
440 4052 757 4112 innocentes
797 4057 1046 4114 nolumus
1073 4076 1242 4131 usque
1290 4063 1570 4132 protendi,
1598 4079 1666 4119 ne
1697 4079 1791 4120 sua

193 4143 388 4216 cuique
405 4147 629 4205 minime
649 4131 892 4205 videatur
911 4151 1216 4221 ignorantia
1234 4131 1516 4224 profuisse,
1542 4157 1793 4226 praesenti

195 4241 524 4295 auctoritate
548 4255 644 4298 eos
670 4256 702 4296 a
729 4239 1012 4299 formidine
1040 4244 1332 4301 liberamus
1350 4289 1366 4314 ,
1396 4261 1532 4317 quos
1561 4257 1621 4304 ut
1664 4259 1793 4320 pote

197 4330 535 4398 nescientes,
583 4331 639 4388 in
668 4332 858 4390 eadem
887 4349 1050 4390 causa
1077 4336 1320 4406 quolibet
1347 4338 1470 4395 loco
1509 4339 1599 4394 vel
1648 4348 1790 4395 tem-

197 4432 327 4488 pore
371 4421 683 4480 interfuisse
735 4424 1055 4480 constiterit.
1111 4425 1312 4484 Similis
1365 4429 1509 4485 enim
1578 4431 1792 4487 videtur

201 4512 459 4585 absentis,
490 4517 583 4588 qui
608 4518 994 4575 conscientiam
1025 4520 1300 4578 criminosi
1328 4537 1438 4578 non
1459 4523 1642 4579 habet.

699 4631 1034 4689 EPISTOLA
1074 4631 1279 4691 XLVII.

287 4736 494 4778 FAUSTO
531 4739 822 4780 PREFECTO
852 4741 1134 4782 PBETOBIO
1163 4743 1529 4786 TIIEODORICUS
1556 4745 1684 4785 REX.

207 4805 392 4871 Scribit
425 4829 482 4869 se
500 4811 688 4874 Iovino
716 4815 931 4887 collega:
955 4818 1195 4887 occisori,
1227 4835 1288 4875 eo
1314 4818 1450 4890 quod
1475 4820 1616 4875 intra
1643 4828 1790 4891 septa

275 5047 302 5076 ι
324 5041 470 5114 Casu
508 5041 649 5098 facta
687 5041 858 5100 caedes
901 5043 1236 5114 indulgetur;
1280 5043 1538 5101 consulta:
1578 5062 1685 5103 non
1728 5046 1790 5101 ﬁt

209 5111 390 5171 gratia.
424 5111 536 5168 Imo
565 5127 696 5169 exee
737 5121 789 5168 ta
820 5129 930 5170 sem
972 5129 1032 5170 er
1061 5111 1412 5184 intelligitur,
1456 5117 1580 5186 quia
1611 5118 1789 5187 capite

212 5177 522 5238 vindicatur.
555 5184 592 5238 Ι.
624 5183 674 5238 l.
777 5185 832 5238 5.
863 5185 900 5238 l.
1021 5185 1058 5237 l.
1093 5186 1146 5238 7.
1167 5185 1205 5238 l.
1237 5186 1290 5238 8.
1321 5186 1452 5238 Cod.
1487 5185 1691 5238 'l‘heod.
1720 5188 1787 5238 de

212 5179 522 5254 yindicatur.
555 5184 592 5238 l.
624 5183 674 5250 l,
698 5179 744 5238 l.
777 5185 832 5253 '5,
863 5185 900 5240 l.
932 5179 987 5252 Ii,
1021 5185 1058 5237 l.
1093 5185 1205 5254 7,1.
1237 5179 1290 5250 ἑ,
1321 5179 1452 5246 Cod.
1473 5179 1696 5242 'Theod:
1720 5188 1787 5243 de

210 5242 548 5319 lndulgentiis
575 5242 878 5309 criminum.
909 5242 1074 5310 Fons.

201 5350 231 5396 -_
277 5318 1004 5396 b_Pr:§clareriLactant._lib.
1047 5334 1172 5396 t,_get
1211 5327 1264 5381 in
1305 5325 1553 5396 Epitome
1601 5327 1776 5382 Divin.

213 5383 376 5466 εῃειίι.
391 5391 546 5466 _Plat.
573 5394 664 5450 lib.
686 5411 743 5449 rx
769 5393 846 5449 De
881 5383 1227 5464 LegibfPhil.
1260 5397 1328 5451 de
1352 5383 1538 5466 Legib.
1568 5398 1800 5466 specia-~

213 5453 360 5539 libus.
391 5461 738 5539 Porphyrius,
762 5453 993 5539 περὶ-ζῆξ
1019 5468 1119 5521 ἀπὸ
1141 5475 1245 5539 16:1
1252 5453 1520 5539 _ip\,bu£rfw
1549 5453 1778 5539 enim;

214 5523 854 5612 llupcrator'es'GratianI,
886 5523 1100 5612 Valent.
1123 5545 1179 5590 et
1205 5523 1544 5604 Theo.,7:um
1571 5523 1782 5593 cteféris

215 5605 314 5679 reis
338 5605 541 5679 vinctis
576 5607 798 5679 erimina
847 5607 1236 5679 condonarent,
1285 5617 1613 5677 exceperunt
1656 5624 1781 5663 eum

217 5675 297 5750 gul
313 5675 616 5750 parricidali
640 5675 822 5750 furore
842 5685 1030 5750 raptus
1048 5678 1309 5750 sanguine
1330 5675 1549 5750 proprio
1561 5693 1780 5734 manum

215 5741 405 5818 ξὶιιξίῑζ
414 5752 470 5798 et
495 5748 587 5818 qui
625 5747 884 5818 cujusque
906 5741 1650 5818 hominis'cmde'maculatus
1674 5759 1776 5806 est.

219 5801 334 5881 1.6,
369 5801 661 5895 Paschalis,
688 5801 1018 5892 ἶίιῗὸὃίέιθ
1045 5801 1776 5893 *suaigaru’sgcgrneai;

1899 3263 2152 3312 censetur
2177 3254 2525 3311 aestimandus
2558 3272 2572 3309 :
2603 3254 2727 3325 quia
2756 3253 2973 3323 gravius
3012 3252 3372 3317 succenditur,
3400 3251 3492 3322 qui

1900 3346 2127 3403 Vulcani
2156 3347 2377 3402 nomine
2403 3355 2763 3416 nuncupatur.
2791 3344 3035 3400 Mittatur
3052 3358 3184 3415 ergo
3202 3359 3329 3401 reus
3352 3345 3494 3415 capi-

1897 3437 1968 3493 tis
1995 3438 2053 3493 in
2097 3438 2274 3493 locum
2317 3437 2630 3508 praedictum
2670 3436 2845 3492 vivus.
2887 3434 3084 3491 Careat
3131 3451 3241 3506 quo
3292 3435 3493 3491 utimur

1896 3529 2122 3598 mundo,
2144 3530 2214 3584 de
2233 3543 2343 3599 quo
2370 3528 2601 3584 alterum
2631 3527 2841 3582 crudeli
2868 3526 3076 3596 fugavit
3092 3527 3258 3582 exitio
3283 3543 3298 3581 :
3319 3540 3492 3596 quan-

1896 3621 1967 3678 do
1991 3630 2266 3692 superstes
2293 3621 2504 3690 recipit,
2531 3619 2677 3689 quod
2701 3626 2899 3675 eventu
2927 3619 3117 3675 mortis
3138 3617 3368 3673 inﬂixit:
3398 3633 3488 3674 sa—

1895 3713 2186 3768 lamandrae
2213 3719 2497 3768 secuturus
2517 3710 2846 3782 exemplum,
2867 3726 2988 3780 quae
3009 3710 3327 3781 plerumque
3345 3709 3492 3778 degit

1895 3805 1950 3860 in
1979 3805 2214 3874 ignibus.
2237 3802 2409 3858 Tanto
2431 3802 2574 3859 enim
2597 3801 2831 3856 naturali
2857 3799 3058 3871 frigore
3084 3799 3489 3870 constringitur,

1895 3905 1956 3953 ut
1981 3897 2212 3952 ﬂammis
2236 3895 2548 3950 ardentibus
2568 3901 2918 3962 temperetur.
2940 3891 3147 3947 Subtile
3172 3905 3237 3944 ac
3264 3903 3487 3962 parvum

1895 3987 2112 4054 animal,
2163 3986 2383 4042 lubricis
2435 3984 2711 4040 lumbricis
2761 3984 3066 4049 associum,
3119 3980 3256 4038 ﬂavo
3303 3980 3489 4035 colore

1893 4080 2170 4136 vestitum.
2200 4076 2378 4132 Vitam
2422 4083 2640 4148 prmstat
2683 4074 2818 4138 soli,
2851 4073 2943 4144 qui
2992 4067 3245 4126 mertalia
3293 4078 3488 4125 cuncta

1895 4172 2182 4229 consumit.
2213 4171 2515 4226 Memorant
2561 4177 2742 4223 autem
2777 4166 2879 4221 aevi
2925 4163 3134 4235 pristini
3183 4171 3488 4219 servatores

1895 4267 2126 4340 μανείη
2155 4267 2288 4335 forte
2307 4269 2658 4328 scrutatores,
2688 4260 2764 4313 vel
2787 4254 3214 4328 observatores],
3239 4255 3380 4312 hanc
3407 4255 3488 4310 in-

1894 4360 2066 4415 sulam
2088 4364 2216 4412 ante
2241 4355 2344 4427 55
2360 4353 2567 4422 aliquot
2595 4366 2788 4418 annos,
2806 4350 3068 4405 undarum
3088 4355 3250 4418 rupto
3279 4355 3489 4404 terrore

1896 4451 2092 4521 ignitus
2127 4454 2149 4480 θ
2176 4446 2434 4516 erupisse,
2478 4459 2601 4499 cum
2639 4440 2905 4496 Hannibal
2933 4439 3074 4511 apud
3120 4437 3364 4497 Prusiam
3393 4438 3487 4494 Bio

1813 4509 1871 4572 Β
1896 4509 2095 4616 thynim
2118 4509 2540 4610 regem-veneno
2569 4551 2750 4592 secum
2772 4536 2886 4605 ipse
2914 4509 3193 4605 pugnavit,
3217 4547 3286 4588 ne
3305 4539 3488 4587 tantus

1894 4636 2000 4692 dux
2029 4633 2098 4690 ad
2127 4633 2497 4689 Romanorum
2538 4627 2771 4684 ludibria
2817 4625 3146 4698 perveniret.
3187 4624 3314 4682 Plus
3363 4624 3488 4679 inde

1895 4727 2158 4795 mirabile,
2198 4734 2260 4782 ut
2303 4739 2461 4781 mons
2508 4730 2657 4778 tanta
2687 4720 3024 4777 ﬂammarum
3067 4717 3486 4790 congregatione

1893 4835 2186 4880 succensus
2202 4857 2219 4886 ,
2249 4817 2470 4876 marinis
2510 4813 2760 4873 ﬂuctibus
2785 4811 3078 4872 haberetur
3104 4807 3482 4873 absconditus;

1895 5044 1988 5101 lib.
2031 5060 2104 5101 ix.
2138 5041 2404 5114 Fessus.”
2611 5107 2624 5114 _
2712 5105 2767 5114 __
2829 5105 2844 5114 _
2902 5103 2954 5114 η
3090 5101 3105 5114 ,
3177 5099 3192 5114 ,
3272 5113 3276 5114 ί
3324 5097 3364 5114 ,ί
3406 5098 3419 5110 .

1970 5097 1994 5157 ὲ
2026 5097 2317 5171 ἑζτιιέοά.
2353 5109 2445 5165 lib.
2477 5125 2552 5174 Ix,
2585 5105 2793 5174 tit..47,
2813 5105 2881 5161 de
2902 5101 3106 5174 bisqui
3128 5097 3484 5174 adecclesias

1893 5169 2237 5255 confugiunt;
2266 5181 2364 5255 _l_i_b.
2381 5197 2413 5255 _l
2453 5177 2514 5234 C.
2539 5169 2789 5255 'fl‘heodq'
2813 5176 2897 5255 tit.
3081 5169 3482 5255 Luithpranilus

1893 5238 2136 5322 Iibtifc.
2169 5238 2236 5318 9;
2265 5251 2354 5322 lib.
2381 5251 2434 5316 5,
2459 5249 2588 5315 (1.4,
2612 5265 2668 5322 c.
2701 5247 2755 5322 ti,
2768 5238 2916 5301 extr.
2943 5241 3256 5322 ἀθλξηιηωι.
3284 5238 3478 5322 οεείεε.

1892 5307 2231 5381 έδὶόῖηὸηυέ
2264 5321 2353 5376 lib.
2385 5307 2494 5388 vin,
2529 5307 2586 5376 εί
2611 5319 2664 5374 7.
2708 5307 2967 5373 Socrates
3013 5311 3108 5366 lib.
3159 5325 3274 5376 xm,
3323 5325 3374 5364 c.
3422 5307 3476 5362 5.

1883 5397 2122 5453 Fonnsn.
2556 5460 2601 5465 __
2645 5460 2658 5465 _
2770 5461 2778 5465 Α
2897 5454 2932 5465 __
3033 5453 3068 5465 ,,
3109 5452 3143 5465 ._
3371 5447 3450 5465 ,η
3501 5439 3504 5442 ~

1961 5447 2288 5522 gl"Vulcaniae
2317 5465 2534 5529 insulm,
2556 5460 2816 5515 Vulcania
2861 5454 2969 5529 olla
3017 5452 3216 5510 dicitur
3245 5447 3388 5522 apud
3416 5447 3476 5504 S.

1889 5538 2113 5607 Gregor.
2146 5537 2341 5605 dialog.
2375 5525 2572 5615 lib..1v,.
2595 5545 2714 5599 cap.
2745 5529 2832 5584 50.
2861 5525 3055 5608 letter.
3146 5595 3157 5607 .
3230 5594 3242 5606 .

1964 5615 1986 5644 ε
2017 5609 2078 5661 D.
2110 5606 2282 5661 .Iuret.
2314 5607 2453 5661 forte
2482 5610 2684 5661 imitus,
2709 5610 2769 5655 ut
2794 5599 3072 5654 adnotavnt
3100 5595 3242 5661 Lips:

2064 5589 2085 5662 ί
2102 5589 2453 5662 duret..vlorte
2482 5589 2684 5663 imitus,
2709 5610 2769 5655 ut
2794 5596 3072 5654 adnotavit
3100 5594 3309 5666 Lipsius
3339 5589 3484 5666 apud

1887 5660 2258 5753 {il-elliumlib.
2284 5691 2450 5753 xxvii,
2484 5688 2605 5753 cap:
2784 5677 2838 5724 et
2881 5667 3139 5753 Apu‘mius
3165 5660 3478 5753 'pag.ml:ti‘5.

1887 5736 1977 5805 Sic
2007 5748 2312 5805 Cassiodori
2334 5736 2493 5815 epist.
2537 5736 2741 5815 50_lib_.
2781 5757 2853 5805 ιγ,
2886 5739 2964 5815 ait
2991 5736 3288 5796 Vesuvium
3311 5749 3475 5794 mon-

1889 5829 1999 5880 tem
2017 5833 2334 5886 exarsurum
2359 5808 2575 5874 mittere
2598 5808 2792 5872 ﬂuvios
2815 5810 3120 5884 pulveroos.
