  <div class='ocr_page' id='page_1' title='image "/cluster/home/n/w/nwhite01/storage/ocr_20150623/69/hvd.32044015469349/309.png"; bbox 0 0 4018 6348; ppageno 0'>
   <div class='ocr_carea' id='block_1_1' title="bbox 409 213 515 271">
    <p class='ocr_par' dir='ltr' id='par_1_1' title="bbox 409 213 515 271">
     <span class='ocr_line' id='line_1_1' title="bbox 409 213 515 271; baseline -0.028 0"><span class='ocrx_word' id='word_1_1' title='bbox 409 213 515 271; x_wconf 75' lang='lat'><strong><em>603</em></strong></span> 
     </span>
    </p>
   </div>
   <div class='ocr_carea' id='block_1_2' title="bbox 407 418 965 479">
    <p class='ocr_par' dir='ltr' id='par_1_2' title="bbox 407 418 965 479">
     <span class='ocr_line' id='line_1_2' title="bbox 407 418 965 479; baseline -0.007 -1"><span class='ocrx_word' id='word_1_2' title='bbox 407 418 689 479; x_wconf 77' lang='lat' dir='ltr'><strong><em>videbatur</em></strong></span> <span class='ocrx_word' id='word_1_3' title='bbox 718 421 965 479; x_wconf 84' lang='lat' dir='ltr'><strong><em>obruere.</em></strong></span> 
     </span>
    </p>
   </div>
   <div class='ocr_carea' id='block_1_3' title="bbox 906 568 1496 632">
    <p class='ocr_par' dir='ltr' id='par_1_3' title="bbox 906 568 1496 632">
     <span class='ocr_line' id='line_1_3' title="bbox 906 568 1496 632; baseline -0.008 -2"><span class='ocrx_word' id='word_1_4' title='bbox 906 571 1243 632; x_wconf 80' lang='lat' dir='ltr'><strong><em>EPISTOLA</em></strong></span> <span class='ocrx_word' id='word_1_5' title='bbox 1269 568 1496 627; x_wconf 80' lang='lat' dir='ltr'><strong>XLVIII.</strong></span> 
     </span>
    </p>
   </div>
   <div class='ocr_carea' id='block_1_4' title="bbox 410 694 2000 750">
    <p class='ocr_par' dir='ltr' id='par_1_4' title="bbox 410 694 2000 750">
     <span class='ocr_line' id='line_1_4' title="bbox 410 694 2000 750; baseline -0.011 1"><span class='ocrx_word' id='word_1_6' title='bbox 410 700 677 750; x_wconf 72' lang='lat' dir='ltr'><strong><em>omveﬁsrs</em></strong></span> <span class='ocrx_word' id='word_1_7' title='bbox 716 706 908 748; x_wconf 82' lang='lat' dir='ltr'><strong><em>corms</em></strong></span> <span class='ocrx_word' id='word_1_8' title='bbox 945 706 1013 743; x_wconf 83' lang='lat' dir='ltr'><strong>ET</strong></span> <span class='ocrx_word' id='word_1_9' title='bbox 1053 702 1279 741; x_wconf 73' lang='lat' dir='ltr'><strong><em>ROMANIS</em></strong></span> <span class='ocrx_word' id='word_1_10' title='bbox 1308 699 1459 739; x_wconf 60' lang='lat' dir='ltr'><strong><em>maca</em></strong></span> <span class='ocrx_word' id='word_1_11' title='bbox 1500 696 1748 738; x_wconf 63' lang='lat' dir='ltr'><strong><em>verrucam</em></strong></span> <span class='ocrx_word' id='word_1_12' title='bbox 1771 694 2000 737; x_wconf 57' lang='lat' dir='ltr'><strong><em>CASTEL“</em></strong></span> 
     </span>
    </p>
   </div>
   <div class='ocr_carea' id='block_1_5' title="bbox 635 770 1768 820">
    <p class='ocr_par' dir='ltr' id='par_1_5' title="bbox 635 770 1768 820">
     <span class='ocr_line' id='line_1_5' title="bbox 635 770 1768 820; baseline -0.011 0"><span class='ocrx_word' id='word_1_13' title='bbox 635 780 743 820; x_wconf 78' lang='lat' dir='ltr'><strong><em>LUII</em></strong></span> <span class='ocrx_word' id='word_1_14' title='bbox 771 771 1213 818; x_wconf 79' lang='lat' dir='ltr'><strong><em>CONSISTENTIBUS</em></strong></span> <span class='ocrx_word' id='word_1_15' title='bbox 1242 770 1606 811; x_wconf 74' lang='lat' dir='ltr'><strong><em>THEODORICUS</em></strong></span> <span class='ocrx_word' id='word_1_16' title='bbox 1644 770 1768 808; x_wconf 75' lang='lat' dir='ltr'><strong><em>REX.</em></strong></span> 
     </span>
    </p>
   </div>
   <div class='ocr_carea' id='block_1_6' title="bbox 414 866 2002 942">
    <p class='ocr_par' dir='ltr' id='par_1_6' title="bbox 414 866 2002 942">
     <span class='ocr_line' id='line_1_6' title="bbox 414 866 2002 942; baseline -0.008 -11"><span class='ocrx_word' id='word_1_17' title='bbox 414 874 609 931; x_wconf 86' lang='lat' dir='ltr'><strong><em>Scribit</em></strong></span> <span class='ocrx_word' id='word_1_18' title='bbox 635 892 690 930; x_wconf 82' lang='lat' dir='ltr'><strong><em>se</em></strong></span> <span class='ocrx_word' id='word_1_19' title='bbox 720 876 997 930; x_wconf 82' lang='lat' dir='ltr'><strong><em>mandasse</em></strong></span> <span class='ocrx_word' id='word_1_20' title='bbox 1028 872 1325 942; x_wconf 79' lang='lat' dir='ltr'><strong><em>Lcodifrido</em></strong></span> <span class='ocrx_word' id='word_1_21' title='bbox 1357 871 1527 942; x_wconf 84' lang='lat' dir='ltr'><strong><em>snjoni</em></strong></span> <span class='ocrx_word' id='word_1_22' title='bbox 1557 878 1610 924; x_wconf 82' lang='lat' dir='ltr'><strong><em>ut</em></strong></span> <span class='ocrx_word' id='word_1_23' title='bbox 1636 887 1694 925; x_wconf 84' lang='lat' dir='ltr'><strong><em>eo</em></strong></span> <span class='ocrx_word' id='word_1_24' title='bbox 1722 866 2002 942; x_wconf 70' lang='lat' dir='ltr'><strong><em>impulsore</em></strong></span> 
     </span>
    </p>
   </div>
   <div class='ocr_carea' id='block_1_7' title="bbox 480 938 2004 1016">
    <p class='ocr_par' dir='ltr' id='par_1_7' title="bbox 480 938 2004 1016">
     <span class='ocr_line' id='line_1_7' title="bbox 480 938 2004 1016; baseline -0.006 -16"><span class='ocrx_word' id='word_1_25' title='bbox 480 949 539 1000; x_wconf 75' lang='lat' dir='ltr'><strong><em>in</em></strong></span> <span class='ocrx_word' id='word_1_26' title='bbox 579 946 776 1000; x_wconf 78' lang='lat' dir='ltr'><strong><em>Vernon</em></strong></span> <span class='ocrx_word' id='word_1_27' title='bbox 798 948 1033 1016; x_wconf 82' lang='lat' dir='ltr'><strong><em>castello,</em></strong></span> <span class='ocrx_word' id='word_1_28' title='bbox 1062 938 1199 1016; x_wconf 85' lang='lat' dir='ltr'><strong><em>quod</em></strong></span> <span class='ocrx_word' id='word_1_29' title='bbox 1225 938 1553 1009; x_wconf 80' lang='lat' dir='ltr'><strong><em>describitur,</em></strong></span> <span class='ocrx_word' id='word_1_30' title='bbox 1583 942 1683 1013; x_wconf 77' lang='lat' dir='ltr'><strong><em>ipsi</em></strong></span> <span class='ocrx_word' id='word_1_31' title='bbox 1708 938 1805 994; x_wconf 87' lang='lat' dir='ltr'><strong><em>sibi</em></strong></span> <span class='ocrx_word' id='word_1_32' title='bbox 1835 938 2004 994; x_wconf 84' lang='lat' dir='ltr'><strong><em>domi-</em></strong></span> 
     </span>
    </p>
   </div>
   <div class='ocr_carea' id='block_1_8' title="bbox 370 1018 952 1072">
    <p class='ocr_par' dir='ltr' id='par_1_8' title="bbox 370 1018 952 1072">
     <span class='ocr_line' id='line_1_8' title="bbox 370 1018 952 1072; baseline -0.002 0"><span class='ocrx_word' id='word_1_33' title='bbox 370 1022 383 1041; x_wconf 79' lang='grc'><strong><em>⁸</em></strong></span> <span class='ocrx_word' id='word_1_34' title='bbox 483 1018 606 1072; x_wconf 82' lang='lat' dir='ltr'><strong><em>cilia</em></strong></span> <span class='ocrx_word' id='word_1_35' title='bbox 631 1026 952 1072; x_wconf 83' lang='lat' dir='ltr'><strong><em>construant.</em></strong></span> 
     </span>
    </p>
   </div>
   <div class='ocr_carea' id='block_1_9' title="bbox 488 1118 2008 1195">
    <p class='ocr_par' dir='ltr' id='par_1_9' title="bbox 488 1118 2008 1195">
     <span class='ocr_line' id='line_1_9' title="bbox 488 1118 2008 1195; baseline -0.006 -12"><span class='ocrx_word' id='word_1_36' title='bbox 488 1128 695 1183; x_wconf 65' lang='lat' dir='ltr'><strong><em>Lmtitia</em></strong></span> <span class='ocrx_word' id='word_1_37' title='bbox 745 1127 906 1184; x_wconf 91' lang='lat' dir='ltr'><strong><em>debet</em></strong></span> <span class='ocrx_word' id='word_1_38' title='bbox 947 1140 1066 1184; x_wconf 88' lang='lat' dir='ltr'><strong><em>esse</em></strong></span> <span class='ocrx_word' id='word_1_39' title='bbox 1092 1133 1434 1193; x_wconf 90' lang='lat' dir='ltr'><strong><em>cunctorum,</em></strong></span> <span class='ocrx_word' id='word_1_40' title='bbox 1460 1121 1684 1195; x_wconf 87' lang='lat' dir='ltr'><strong><em>provida</em></strong></span> <span class='ocrx_word' id='word_1_41' title='bbox 1717 1119 1888 1190; x_wconf 92' lang='lat' dir='ltr'><strong><em>iussio</em></strong></span> <span class='ocrx_word' id='word_1_42' title='bbox 1909 1118 2008 1174; x_wconf 89' lang='lat' dir='ltr'><strong><em>do-</em></strong></span> 
     </span>
    </p>
   </div>
   <div class='ocr_carea' id='block_1_10' title="bbox 414 1216 2008 1293">
    <p class='ocr_par' dir='ltr' id='par_1_10' title="bbox 414 1216 2008 1293">
     <span class='ocr_line' id='line_1_10' title="bbox 414 1216 2008 1293; baseline -0.008 -14"><span class='ocrx_word' id='word_1_43' title='bbox 414 1223 733 1279; x_wconf 80' lang='lat' dir='ltr'><strong>minantium</strong></span> <span class='ocrx_word' id='word_1_44' title='bbox 769 1238 782 1276; x_wconf 86' lang='lat'><strong>:</strong></span> <span class='ocrx_word' id='word_1_45' title='bbox 816 1222 1034 1293; x_wconf 86' lang='lat' dir='ltr'><strong><em>quando</em></strong></span> <span class='ocrx_word' id='word_1_46' title='bbox 1064 1220 1197 1277; x_wconf 91' lang='lat' dir='ltr'><strong><em>illud</em></strong></span> <span class='ocrx_word' id='word_1_47' title='bbox 1247 1218 1392 1291; x_wconf 86' lang='lat' dir='ltr'><strong><em>quod</em></strong></span> <span class='ocrx_word' id='word_1_48' title='bbox 1426 1232 1525 1273; x_wconf 83' lang='lat' dir='ltr'><strong><em>vos</em></strong></span> <span class='ocrx_word' id='word_1_49' title='bbox 1554 1216 1812 1272; x_wconf 74' lang='lat' dir='ltr'><strong><em>debuistis</em></strong></span> <span class='ocrx_word' id='word_1_50' title='bbox 1841 1227 2008 1284; x_wconf 89' lang='lat' dir='ltr'><strong><em>expe-</em></strong></span> 
     </span>
    </p>
   </div>
   <div class='ocr_carea' id='block_1_11' title="bbox 417 1307 2008 1383">
    <p class='ocr_par' dir='ltr' id='par_1_11' title="bbox 417 1307 2008 1383">
     <span class='ocr_line' id='line_1_11' title="bbox 417 1307 2008 1383; baseline -0.007 -14"><span class='ocrx_word' id='word_1_51' title='bbox 417 1323 554 1383; x_wconf 92' lang='lat' dir='ltr'><strong><em>tere,</em></strong></span> <span class='ocrx_word' id='word_1_52' title='bbox 578 1326 674 1369; x_wconf 89' lang='lat' dir='ltr'><strong><em>nos</em></strong></span> <span class='ocrx_word' id='word_1_53' title='bbox 700 1314 895 1370; x_wconf 88' lang='lat' dir='ltr'><strong><em>videtis</em></strong></span> <span class='ocrx_word' id='word_1_54' title='bbox 923 1312 1137 1369; x_wconf 81' lang='lat' dir='ltr'><strong><em>oll‘erre.</em></strong></span> <span class='ocrx_word' id='word_1_55' title='bbox 1170 1310 1310 1378; x_wconf 83' lang='lat' dir='ltr'><strong><em>Quid</em></strong></span> <span class='ocrx_word' id='word_1_56' title='bbox 1338 1316 1423 1365; x_wconf 90' lang='lat' dir='ltr'><strong><em>est</em></strong></span> <span class='ocrx_word' id='word_1_57' title='bbox 1445 1310 1588 1365; x_wconf 88' lang='lat' dir='ltr'><strong><em>enim</em></strong></span> <span class='ocrx_word' id='word_1_58' title='bbox 1610 1307 1814 1377; x_wconf 87' lang='lat' dir='ltr'><strong><em>gratius</em></strong></span> <span class='ocrx_word' id='word_1_59' title='bbox 1845 1318 2008 1374; x_wconf 86' lang='lat' dir='ltr'><strong><em>quam</em></strong></span> 
     </span>
    </p>
   </div>
   <div class='ocr_carea' id='block_1_12' title="bbox 415 1398 2010 1471">
    <p class='ocr_par' dir='ltr' id='par_1_12' title="bbox 415 1398 2010 1471">
     <span class='ocr_line' id='line_1_12' title="bbox 415 1398 2010 1471; baseline -0.007 -9"><span class='ocrx_word' id='word_1_60' title='bbox 415 1406 667 1462; x_wconf 83' lang='lat' dir='ltr'><strong><em>humanis</em></strong></span> <span class='ocrx_word' id='word_1_61' title='bbox 691 1406 852 1461; x_wconf 81' lang='lat' dir='ltr'><strong><em>rebus</em></strong></span> <span class='ocrx_word' id='word_1_62' title='bbox 898 1404 1163 1462; x_wconf 80' lang='lat' dir='ltr'><strong><em>cautelam</em></strong></span> <span class='ocrx_word' id='word_1_63' title='bbox 1194 1415 1408 1471; x_wconf 84' lang='lat' dir='ltr'><strong><em>semper</em></strong></span> <span class='ocrx_word' id='word_1_64' title='bbox 1444 1398 1722 1463; x_wconf 89' lang='lat' dir='ltr'><strong><em>adhibere,</em></strong></span> <span class='ocrx_word' id='word_1_65' title='bbox 1752 1412 1875 1467; x_wconf 76' lang='lat' dir='ltr'><strong><em>quae</em></strong></span> <span class='ocrx_word' id='word_1_66' title='bbox 1917 1402 2010 1451; x_wconf 90' lang='lat' dir='ltr'><strong><em>aut</em></strong></span> 
     </span>
    </p>
   </div>
   <div class='ocr_carea' id='block_1_13' title="bbox 418 1487 2012 1565">
    <p class='ocr_par' dir='ltr' id='par_1_13' title="bbox 418 1487 2012 1565">
     <span class='ocr_line' id='line_1_13' title="bbox 418 1487 2012 1565; baseline -0.008 -12"><span class='ocrx_word' id='word_1_67' title='bbox 418 1497 487 1553; x_wconf 91' lang='lat' dir='ltr'><strong><em>sit</em></strong></span> <span class='ocrx_word' id='word_1_68' title='bbox 542 1498 876 1565; x_wconf 88' lang='lat' dir='ltr'><strong><em>necessaria,</em></strong></span> <span class='ocrx_word' id='word_1_69' title='bbox 930 1500 1023 1551; x_wconf 85' lang='lat' dir='ltr'><strong><em>aut</em></strong></span> <span class='ocrx_word' id='word_1_70' title='bbox 1076 1510 1187 1551; x_wconf 91' lang='lat' dir='ltr'><strong><em>non</em></strong></span> <span class='ocrx_word' id='word_1_71' title='bbox 1237 1503 1428 1563; x_wconf 79' lang='lat' dir='ltr'><strong><em>gravat</em></strong></span> <span class='ocrx_word' id='word_1_72' title='bbox 1477 1504 1598 1547; x_wconf 90' lang='lat' dir='ltr'><strong><em>esse</em></strong></span> <span class='ocrx_word' id='word_1_73' title='bbox 1651 1487 2012 1560; x_wconf 80' lang='lat' dir='ltr'><strong><em>superﬂuam?</em></strong></span> 
     </span>
    </p>
   </div>
   <div class='ocr_carea' id='block_1_14' title="bbox 417 1579 2013 1656">
    <p class='ocr_par' dir='ltr' id='par_1_14' title="bbox 417 1579 2013 1656">
     <span class='ocr_line' id='line_1_14' title="bbox 417 1579 2013 1656; baseline -0.006 -13"><span class='ocrx_word' id='word_1_74' title='bbox 417 1587 485 1643; x_wconf 87' lang='lat' dir='ltr'><strong><em>Et</em></strong></span> <span class='ocrx_word' id='word_1_75' title='bbox 511 1590 633 1645; x_wconf 90' lang='lat' dir='ltr'><strong><em>ideo</em></strong></span> <span class='ocrx_word' id='word_1_76' title='bbox 662 1586 968 1644; x_wconf 86' lang='lat' dir='ltr'><strong><em>Leodit‘rido</em></strong></span> <span class='ocrx_word' id='word_1_77' title='bbox 999 1586 1174 1656; x_wconf 86' lang='lat' dir='ltr'><strong><em>saioni</em></strong></span> <span class='ocrx_word' id='word_1_78' title='bbox 1217 1593 1406 1641; x_wconf 91' lang='lat' dir='ltr'><strong><em>nostro</em></strong></span> <span class='ocrx_word' id='word_1_79' title='bbox 1444 1582 1701 1654; x_wconf 85' lang='lat' dir='ltr'><strong><em>praesenti</em></strong></span> <span class='ocrx_word' id='word_1_80' title='bbox 1739 1579 2013 1650; x_wconf 86' lang='lat' dir='ltr'><strong><em>delegavi-</em></strong></span> 
     </span>
    </p>
   </div>
   <div class='ocr_carea' id='block_1_15' title="bbox 418 1672 2009 1749">
    <p class='ocr_par' dir='ltr' id='par_1_15' title="bbox 418 1672 2009 1749">
     <span class='ocr_line' id='line_1_15' title="bbox 418 1672 2009 1749; baseline -0.004 -16"><span class='ocrx_word' id='word_1_81' title='bbox 418 1696 538 1734; x_wconf 90' lang='lat' dir='ltr'><strong><em>mus</em></strong></span> <span class='ocrx_word' id='word_1_82' title='bbox 562 1680 806 1748; x_wconf 85' lang='lat' dir='ltr'><strong><em>iussione</em></strong></span> <span class='ocrx_word' id='word_1_83' title='bbox 833 1684 891 1733; x_wconf 93' lang='lat' dir='ltr'><strong><em>ut</em></strong></span> <span class='ocrx_word' id='word_1_84' title='bbox 913 1678 1032 1749; x_wconf 83' lang='lat' dir='ltr'><strong><em>ejus</em></strong></span> <span class='ocrx_word' id='word_1_85' title='bbox 1063 1677 1316 1733; x_wconf 79' lang='lat' dir='ltr'><strong><em>instantia</em></strong></span> <span class='ocrx_word' id='word_1_86' title='bbox 1338 1676 1393 1731; x_wconf 91' lang='lat' dir='ltr'><strong><em>in</em></strong></span> <span class='ocrx_word' id='word_1_87' title='bbox 1421 1674 1633 1731; x_wconf 80' lang='lat' dir='ltr'><strong><em>Veruca</em></strong></span> <span class='ocrx_word' id='word_1_88' title='bbox 1661 1672 1886 1729; x_wconf 88' lang='lat' dir='ltr'><strong><em>castello</em></strong></span> <span class='ocrx_word' id='word_1_89' title='bbox 1911 1686 2009 1727; x_wconf 87' lang='lat' dir='ltr'><strong><em>vo-</em></strong></span> 
     </span>
    </p>
   </div>
   <div class='ocr_carea' id='block_1_16' title="bbox 419 1764 2011 1840">
    <p class='ocr_par' dir='ltr' id='par_1_16' title="bbox 419 1764 2011 1840">
     <span class='ocr_line' id='line_1_16' title="bbox 419 1764 2011 1840; baseline -0.004 -14"><span class='ocrx_word' id='word_1_90' title='bbox 419 1771 503 1827; x_wconf 85' lang='lat' dir='ltr'><strong><em>bis</em></strong></span> <span class='ocrx_word' id='word_1_91' title='bbox 535 1764 811 1825; x_wconf 90' lang='lat' dir='ltr'><strong><em>domicilia</em></strong></span> <span class='ocrx_word' id='word_1_92' title='bbox 837 1770 1194 1835; x_wconf 89' lang='lat' dir='ltr'><strong><em>cOnstruatis;</em></strong></span> <span class='ocrx_word' id='word_1_93' title='bbox 1226 1768 1371 1840; x_wconf 90' lang='lat' dir='ltr'><strong><em>quod</em></strong></span> <span class='ocrx_word' id='word_1_94' title='bbox 1399 1783 1431 1823; x_wconf 89' lang='lat' dir='ltr'><strong><em>a</em></strong></span> <span class='ocrx_word' id='word_1_95' title='bbox 1459 1768 1733 1839; x_wconf 77' lang='lat' dir='ltr'><strong><em>positione</em></strong></span> <span class='ocrx_word' id='word_1_96' title='bbox 1761 1766 1844 1821; x_wconf 88' lang='lat' dir='ltr'><strong><em>sui</em></strong></span> <span class='ocrx_word' id='word_1_97' title='bbox 1876 1780 2011 1822; x_wconf 80' lang='lat' dir='ltr'><strong><em>con-</em></strong></span> 
     </span>
    </p>
   </div>
   <div class='ocr_carea' id='block_1_17' title="bbox 418 1857 2011 1931">
    <p class='ocr_par' dir='ltr' id='par_1_17' title="bbox 418 1857 2011 1931">
     <span class='ocr_line' id='line_1_17' title="bbox 418 1857 2011 1931; baseline 0.001 -18"><span class='ocrx_word' id='word_1_98' title='bbox 418 1874 609 1931; x_wconf 77' lang='lat' dir='ltr'><strong><em>gruum</em></strong></span> <span class='ocrx_word' id='word_1_99' title='bbox 642 1874 841 1917; x_wconf 88' lang='lat' dir='ltr'><strong><em>nomen</em></strong></span> <span class='ocrx_word' id='word_1_100' title='bbox 887 1861 1118 1931; x_wconf 81' lang='lat' dir='ltr'><strong><em>accepit.</em></strong></span> <span class='ocrx_word' id='word_1_101' title='bbox 1160 1859 1257 1915; x_wconf 87' lang='lat' dir='ltr'><strong><em>Est</em></strong></span> <span class='ocrx_word' id='word_1_102' title='bbox 1305 1860 1449 1915; x_wconf 88' lang='lat' dir='ltr'><strong><em>enim</em></strong></span> <span class='ocrx_word' id='word_1_103' title='bbox 1479 1859 1534 1915; x_wconf 87' lang='lat' dir='ltr'><strong><em>in</em></strong></span> <span class='ocrx_word' id='word_1_104' title='bbox 1574 1857 1765 1915; x_wconf 87' lang='lat' dir='ltr'><strong><em>mediis</em></strong></span> <span class='ocrx_word' id='word_1_105' title='bbox 1803 1857 2011 1929; x_wconf 86' lang='lat' dir='ltr'><strong><em>campis</em></strong></span> 
     </span>
    </p>
   </div>
   <div class='ocr_carea' id='block_1_18' title="bbox 419 1949 2009 2022">
    <p class='ocr_par' dir='ltr' id='par_1_18' title="bbox 419 1949 2009 2022">
     <span class='ocr_line' id='line_1_18' title="bbox 419 1949 2009 2022; baseline -0.002 -16"><span class='ocrx_word' id='word_1_106' title='bbox 419 1952 654 2007; x_wconf 87' lang='lat' dir='ltr'><strong><em>tumulus</em></strong></span> <span class='ocrx_word' id='word_1_107' title='bbox 678 1964 874 2008; x_wconf 88' lang='lat' dir='ltr'><strong><em>saxeus</em></strong></span> <span class='ocrx_word' id='word_1_108' title='bbox 898 1953 952 2006; x_wconf 91' lang='lat' dir='ltr'><strong><em>in</em></strong></span> <span class='ocrx_word' id='word_1_109' title='bbox 981 1950 1317 2007; x_wconf 71' lang='lat' dir='ltr'><strong><em>rotunditate</em></strong></span> <span class='ocrx_word' id='word_1_110' title='bbox 1359 1965 1714 2022; x_wconf 76' lang='lat' dir='ltr'><strong><em>consurgens,</em></strong></span> <span class='ocrx_word' id='word_1_111' title='bbox 1756 1949 1848 2021; x_wconf 86' lang='lat' dir='ltr'><strong><em>qui</em></strong></span> <span class='ocrx_word' id='word_1_112' title='bbox 1879 1962 2009 2019; x_wconf 88' lang='lat' dir='ltr'><strong><em>pro-</em></strong></span> 
     </span>
    </p>
   </div>
   <div class='ocr_carea' id='block_1_19' title="bbox 420 2041 2015 2113">
    <p class='ocr_par' dir='ltr' id='par_1_19' title="bbox 420 2041 2015 2113">
     <span class='ocr_line' id='line_1_19' title="bbox 420 2041 2015 2113; baseline -0.003 -14"><span class='ocrx_word' id='word_1_113' title='bbox 420 2044 560 2100; x_wconf 85' lang='lat' dir='ltr'><strong><em>ceris</em></strong></span> <span class='ocrx_word' id='word_1_114' title='bbox 608 2043 869 2100; x_wconf 81' lang='lat' dir='ltr'><strong><em>lateribus</em></strong></span> <span class='ocrx_word' id='word_1_115' title='bbox 911 2044 1061 2101; x_wconf 83' lang='lat' dir='ltr'><strong><em>silvis</em></strong></span> <span class='ocrx_word' id='word_1_116' title='bbox 1102 2058 1312 2113; x_wconf 87' lang='lat' dir='ltr'><strong><em>erasus,</em></strong></span> <span class='ocrx_word' id='word_1_117' title='bbox 1360 2050 1507 2099; x_wconf 89' lang='lat' dir='ltr'><strong><em>totus</em></strong></span> <span class='ocrx_word' id='word_1_118' title='bbox 1534 2057 1692 2098; x_wconf 90' lang='lat' dir='ltr'><strong><em>mons</em></strong></span> <span class='ocrx_word' id='word_1_119' title='bbox 1727 2041 1881 2113; x_wconf 89' lang='lat' dir='ltr'><strong><em>quasi</em></strong></span> <span class='ocrx_word' id='word_1_120' title='bbox 1906 2054 2015 2096; x_wconf 88' lang='lat' dir='ltr'><strong><em>una</em></strong></span> 
     </span>
    </p>
   </div>
   <div class='ocr_carea' id='block_1_20' title="bbox 420 2134 2014 2206">
    <p class='ocr_par' dir='ltr' id='par_1_20' title="bbox 420 2134 2014 2206">
     <span class='ocr_line' id='line_1_20' title="bbox 420 2134 2014 2206; baseline -0.003 -15"><span class='ocrx_word' id='word_1_121' title='bbox 420 2137 586 2192; x_wconf 84' lang='lat' dir='ltr'><strong><em>turris</em></strong></span> <span class='ocrx_word' id='word_1_122' title='bbox 612 2134 873 2205; x_wconf 71' lang='lat' dir='ltr'><strong><em>emcitur;</em></strong></span> <span class='ocrx_word' id='word_1_123' title='bbox 918 2136 1070 2205; x_wconf 84' lang='lat' dir='ltr'><strong><em>cuius</em></strong></span> <span class='ocrx_word' id='word_1_124' title='bbox 1099 2136 1206 2192; x_wconf 89' lang='lat' dir='ltr'><strong><em>ima</em></strong></span> <span class='ocrx_word' id='word_1_125' title='bbox 1233 2136 1518 2206; x_wconf 76' lang='lat' dir='ltr'><strong><em>graciliora</em></strong></span> <span class='ocrx_word' id='word_1_126' title='bbox 1549 2140 1678 2189; x_wconf 89' lang='lat' dir='ltr'><strong><em>sunt</em></strong></span> <span class='ocrx_word' id='word_1_127' title='bbox 1714 2146 1879 2203; x_wconf 90' lang='lat' dir='ltr'><strong><em>quam</em></strong></span> <span class='ocrx_word' id='word_1_128' title='bbox 1923 2145 2014 2187; x_wconf 84' lang='lat' dir='ltr'><strong><em>ca-</em></strong></span> 
     </span>
    </p>
   </div>
   <div class='ocr_carea' id='block_1_21' title="bbox 424 2224 2015 2298">
    <p class='ocr_par' dir='ltr' id='par_1_21' title="bbox 424 2224 2015 2298">
     <span class='ocr_line' id='line_1_21' title="bbox 424 2224 2015 2298; baseline -0.004 -13"><span class='ocrx_word' id='word_1_129' title='bbox 424 2229 661 2297; x_wconf 86' lang='lat' dir='ltr'><strong><em>cumina,</em></strong></span> <span class='ocrx_word' id='word_1_130' title='bbox 680 2236 737 2285; x_wconf 87' lang='lat' dir='ltr'><strong><em>et</em></strong></span> <span class='ocrx_word' id='word_1_131' title='bbox 757 2230 810 2284; x_wconf 88' lang='lat' dir='ltr'><strong><em>in</em></strong></span> <span class='ocrx_word' id='word_1_132' title='bbox 840 2229 1142 2286; x_wconf 85' lang='lat' dir='ltr'><strong><em>mollissimi</em></strong></span> <span class='ocrx_word' id='word_1_133' title='bbox 1180 2227 1329 2298; x_wconf 83' lang='lat' dir='ltr'><strong><em>fungi</em></strong></span> <span class='ocrx_word' id='word_1_134' title='bbox 1355 2226 1516 2283; x_wconf 92' lang='lat' dir='ltr'><strong><em>modo</em></strong></span> <span class='ocrx_word' id='word_1_135' title='bbox 1545 2224 1796 2296; x_wconf 87' lang='lat' dir='ltr'><strong><em>superius</em></strong></span> <span class='ocrx_word' id='word_1_136' title='bbox 1822 2229 2015 2279; x_wconf 88' lang='lat' dir='ltr'><strong><em>exten-</em></strong></span> 
     </span>
    </p>
   </div>
   <div class='ocr_carea' id='block_1_22' title="bbox 423 2314 2015 2393">
    <p class='ocr_par' dir='ltr' id='par_1_22' title="bbox 423 2314 2015 2393">
     <span class='ocr_line' id='line_1_22' title="bbox 423 2314 2015 2393; baseline -0.003 -17"><span class='ocrx_word' id='word_1_137' title='bbox 423 2322 589 2389; x_wconf 84' lang='lat' dir='ltr'><strong><em>ditur,</em></strong></span> <span class='ocrx_word' id='word_1_138' title='bbox 618 2330 741 2377; x_wconf 86' lang='lat' dir='ltr'><strong><em>cum</em></strong></span> <span class='ocrx_word' id='word_1_139' title='bbox 768 2321 1011 2379; x_wconf 83' lang='lat' dir='ltr'><strong><em>inferiori</em></strong></span> <span class='ocrx_word' id='word_1_140' title='bbox 1057 2326 1215 2393; x_wconf 88' lang='lat' dir='ltr'><strong><em>parte</em></strong></span> <span class='ocrx_word' id='word_1_141' title='bbox 1238 2326 1511 2377; x_wconf 89' lang='lat' dir='ltr'><strong><em>tenuetur.</em></strong></span> <span class='ocrx_word' id='word_1_142' title='bbox 1552 2319 1728 2388; x_wconf 84' lang='lat' dir='ltr'><strong><em>Agger</em></strong></span> <span class='ocrx_word' id='word_1_143' title='bbox 1764 2318 1879 2374; x_wconf 85' lang='lat' dir='ltr'><strong><em>sine</em></strong></span> <span class='ocrx_word' id='word_1_144' title='bbox 1906 2314 2015 2389; x_wconf 68' lang='grc' dir='ltr'><strong><em>[θα.</em></strong></span> 
     </span>
    </p>
   </div>
   <div class='ocr_carea' id='block_1_23' title="bbox 427 2407 2019 2483">
    <p class='ocr_par' dir='ltr' id='par_1_23' title="bbox 427 2407 2019 2483">
     <span class='ocr_line' id='line_1_23' title="bbox 427 2407 2019 2483; baseline -0.004 -16"><span class='ocrx_word' id='word_1_145' title='bbox 427 2409 552 2467; x_wconf 71' lang='lat' dir='ltr'><strong><em>Nic.</em></strong></span> <span class='ocrx_word' id='word_1_146' title='bbox 600 2419 658 2469; x_wconf 87' lang='lat' dir='ltr'><strong><em>et</em></strong></span> <span class='ocrx_word' id='word_1_147' title='bbox 682 2411 807 2478; x_wconf 60' lang='grc' dir='ltr'><strong><em>σω,</em></strong></span> <span class='ocrx_word' id='word_1_148' title='bbox 855 2411 978 2483; x_wconf 88' lang='lat' dir='ltr'><strong><em>sub]</em></strong></span> <span class='ocrx_word' id='word_1_149' title='bbox 1010 2422 1218 2483; x_wconf 89' lang='lat' dir='ltr'><strong><em>pugna,</em></strong></span> <span class='ocrx_word' id='word_1_150' title='bbox 1248 2410 1491 2467; x_wconf 88' lang='lat' dir='ltr'><strong><em>obsessio</em></strong></span> <span class='ocrx_word' id='word_1_151' title='bbox 1530 2422 1722 2465; x_wconf 90' lang='lat' dir='ltr'><strong><em>secura</em></strong></span> <span class='ocrx_word' id='word_1_152' title='bbox 1751 2425 1766 2461; x_wconf 89' lang='lat'><strong>:</strong></span> <span class='ocrx_word' id='word_1_153' title='bbox 1797 2407 1889 2463; x_wconf 90' lang='lat' dir='ltr'><strong><em>ubi</em></strong></span> <span class='ocrx_word' id='word_1_154' title='bbox 1916 2416 2019 2461; x_wconf 88' lang='lat' dir='ltr'><strong><em>nec</em></strong></span> 
     </span>
    </p>
   </div>
   <div class='ocr_carea' id='block_1_24' title="bbox 428 2498 2021 2577">
    <p class='ocr_par' dir='ltr' id='par_1_24' title="bbox 428 2498 2021 2577">
     <span class='ocr_line' id='line_1_24' title="bbox 428 2498 2021 2577; baseline -0.004 -17"><span class='ocrx_word' id='word_1_155' title='bbox 428 2504 770 2562; x_wconf 86' lang='lat' dir='ltr'><strong><em>adversarius</em></strong></span> <span class='ocrx_word' id='word_1_156' title='bbox 792 2504 1084 2577; x_wconf 83' lang='lat' dir='ltr'><strong><em>quidquam</em></strong></span> <span class='ocrx_word' id='word_1_157' title='bbox 1106 2510 1418 2575; x_wconf 73' lang='lat' dir='ltr'><strong><em>praesumat,</em></strong></span> <span class='ocrx_word' id='word_1_158' title='bbox 1440 2518 1543 2559; x_wconf 90' lang='lat' dir='ltr'><strong><em>nec</em></strong></span> <span class='ocrx_word' id='word_1_159' title='bbox 1563 2502 1801 2558; x_wconf 86' lang='lat' dir='ltr'><strong><em>inclusus</em></strong></span> <span class='ocrx_word' id='word_1_160' title='bbox 1820 2498 2021 2569; x_wconf 84' lang='lat' dir='ltr'><strong><em>aliquid</em></strong></span> 
     </span>
    </p>
   </div>
   <div class='ocr_carea' id='block_1_25' title="bbox 431 2592 2014 2667">
    <p class='ocr_par' dir='ltr' id='par_1_25' title="bbox 431 2592 2014 2667">
     <span class='ocr_line' id='line_1_25' title="bbox 431 2592 2014 2667; baseline -0.002 -16"><span class='ocrx_word' id='word_1_161' title='bbox 431 2602 779 2667; x_wconf 79' lang='lat' dir='ltr'><strong><em>expavescat.</em></strong></span> <span class='ocrx_word' id='word_1_162' title='bbox 825 2595 981 2651; x_wconf 80' lang='lat' dir='ltr'><strong><em>Hunc</em></strong></span> <span class='ocrx_word' id='word_1_163' title='bbox 1028 2594 1263 2664; x_wconf 84' lang='lat' dir='ltr'><strong><em>Athesis,</em></strong></span> <span class='ocrx_word' id='word_1_164' title='bbox 1314 2596 1455 2651; x_wconf 89' lang='lat' dir='ltr'><strong><em>inter</em></strong></span> <span class='ocrx_word' id='word_1_165' title='bbox 1504 2592 1695 2650; x_wconf 81' lang='lat' dir='ltr'><strong><em>ﬂuvios</em></strong></span> <span class='ocrx_word' id='word_1_166' title='bbox 1742 2594 2014 2660; x_wconf 89' lang='lat' dir='ltr'><strong><em>honorus,</em></strong></span> 
     </span>
    </p>
   </div>
   <div class='ocr_carea' id='block_1_26' title="bbox 432 2688 2022 2761">
    <p class='ocr_par' dir='ltr' id='par_1_26' title="bbox 432 2688 2022 2761">
     <span class='ocr_line' id='line_1_26' title="bbox 432 2688 2022 2761; baseline -0.002 -17"><span class='ocrx_word' id='word_1_167' title='bbox 432 2690 632 2745; x_wconf 65' lang='lat' dir='ltr'><strong><em>amoeni</em></strong></span> <span class='ocrx_word' id='word_1_168' title='bbox 656 2689 881 2760; x_wconf 74' lang='lat' dir='ltr'><strong><em>gurgitis</em></strong></span> <span class='ocrx_word' id='word_1_169' title='bbox 906 2689 1143 2760; x_wconf 87' lang='lat' dir='ltr'><strong><em>puritate</em></strong></span> <span class='ocrx_word' id='word_1_170' title='bbox 1161 2688 1491 2761; x_wconf 68' lang='lat' dir='ltr'><strong><em>praeterﬂuit,</em></strong></span> <span class='ocrx_word' id='word_1_171' title='bbox 1517 2702 1732 2745; x_wconf 89' lang='lat' dir='ltr'><strong><em>causam</em></strong></span> <span class='ocrx_word' id='word_1_172' title='bbox 1760 2692 2022 2757; x_wconf 62' lang='lat' dir='ltr'><strong><em>praestans</em></strong></span> 
     </span>
    </p>
   </div>
   <div class='ocr_carea' id='block_1_27' title="bbox 434 2776 2022 2851">
    <p class='ocr_par' dir='ltr' id='par_1_27' title="bbox 434 2776 2022 2851">
     <span class='ocr_line' id='line_1_27' title="bbox 434 2776 2022 2851; baseline -0.003 -16"><span class='ocrx_word' id='word_1_173' title='bbox 434 2780 749 2838; x_wconf 80' lang='lat' dir='ltr'><strong><em>muniminls</em></strong></span> <span class='ocrx_word' id='word_1_174' title='bbox 777 2788 834 2837; x_wconf 88' lang='lat' dir='ltr'><strong><em>et</em></strong></span> <span class='ocrx_word' id='word_1_175' title='bbox 861 2779 1077 2838; x_wconf 83' lang='lat' dir='ltr'><strong><em>decoris</em></strong></span> <span class='ocrx_word' id='word_1_176' title='bbox 1106 2798 1119 2835; x_wconf 92' lang='lat'><strong>:</strong></span> <span class='ocrx_word' id='word_1_177' title='bbox 1152 2789 1386 2837; x_wconf 90' lang='lat' dir='ltr'><strong><em>castrum</em></strong></span> <span class='ocrx_word' id='word_1_178' title='bbox 1415 2793 1554 2851; x_wconf 90' lang='lat' dir='ltr'><strong><em>pene</em></strong></span> <span class='ocrx_word' id='word_1_179' title='bbox 1581 2780 1635 2833; x_wconf 93' lang='lat' dir='ltr'><strong><em>in</em></strong></span> <span class='ocrx_word' id='word_1_180' title='bbox 1673 2776 1876 2834; x_wconf 87' lang='lat' dir='ltr'><strong><em>mundo</em></strong></span> <span class='ocrx_word' id='word_1_181' title='bbox 1906 2777 2022 2832; x_wconf 83' lang='lat' dir='ltr'><strong><em>sin-</em></strong></span> 
     </span>
    </p>
   </div>
   <div class='ocr_carea' id='block_1_28' title="bbox 436 2868 2026 2943">
    <p class='ocr_par' dir='ltr' id='par_1_28' title="bbox 436 2868 2026 2943">
     <span class='ocr_line' id='line_1_28' title="bbox 436 2868 2026 2943; baseline -0.001 -18"><span class='ocrx_word' id='word_1_182' title='bbox 436 2868 643 2940; x_wconf 74' lang='lat' dir='ltr'><strong><em>gelare,</em></strong></span> <span class='ocrx_word' id='word_1_183' title='bbox 676 2878 867 2929; x_wconf 85' lang='lat' dir='ltr'><strong><em>tenens</em></strong></span> <span class='ocrx_word' id='word_1_184' title='bbox 896 2871 1134 2929; x_wconf 88' lang='lat' dir='ltr'><strong><em>claustra</em></strong></span> <span class='ocrx_word' id='word_1_185' title='bbox 1170 2871 1489 2943; x_wconf 74' lang='lat' dir='ltr'><strong><em>provinciae;</em></strong></span> <span class='ocrx_word' id='word_1_186' title='bbox 1542 2869 1689 2940; x_wconf 89' lang='lat' dir='ltr'><strong><em>quod</em></strong></span> <span class='ocrx_word' id='word_1_187' title='bbox 1728 2870 1851 2925; x_wconf 90' lang='lat' dir='ltr'><strong><em>ideo</em></strong></span> <span class='ocrx_word' id='word_1_188' title='bbox 1897 2882 2026 2941; x_wconf 86' lang='lat' dir='ltr'><strong><em>pro-</em></strong></span> 
     </span>
    </p>
   </div>
   <div class='ocr_carea' id='block_1_29' title="bbox 435 2960 2029 3040">
    <p class='ocr_par' dir='ltr' id='par_1_29' title="bbox 435 2960 2029 3040">
     <span class='ocr_line' id='line_1_29' title="bbox 435 2960 2029 3040; baseline -0.001 -21"><span class='ocrx_word' id='word_1_189' title='bbox 435 2964 595 3021; x_wconf 87' lang='lat' dir='ltr'><strong><em>batur</em></strong></span> <span class='ocrx_word' id='word_1_190' title='bbox 617 2960 788 3038; x_wconf 86' lang='lat' dir='ltr'><strong><em>magis</em></strong></span> <span class='ocrx_word' id='word_1_191' title='bbox 808 2981 927 3024; x_wconf 85' lang='lat' dir='ltr'><strong><em>esse</em></strong></span> <span class='ocrx_word' id='word_1_192' title='bbox 956 2968 1305 3040; x_wconf 74' lang='lat' dir='ltr'><strong><em>praecipuum,</em></strong></span> <span class='ocrx_word' id='word_1_193' title='bbox 1329 2967 1453 3038; x_wconf 87' lang='lat' dir='ltr'><strong><em>quia</em></strong></span> <span class='ocrx_word' id='word_1_194' title='bbox 1475 2964 1601 3023; x_wconf 89' lang='lat' dir='ltr'><strong><em>t‘eris</em></strong></span> <span class='ocrx_word' id='word_1_195' title='bbox 1627 2964 1874 3034; x_wconf 81' lang='lat' dir='ltr'><strong><em>gentibus</em></strong></span> <span class='ocrx_word' id='word_1_196' title='bbox 1895 2974 2029 3020; x_wconf 71' lang='lat' dir='ltr'><strong><em>eon-</em></strong></span> 
     </span>
    </p>
   </div>
   <div class='ocr_carea' id='block_1_30' title="bbox 437 3054 2103 3164">
    <p class='ocr_par' dir='ltr' id='par_1_30' title="bbox 437 3054 2103 3164">
     <span class='ocr_line' id='line_1_30' title="bbox 437 3054 2103 3164; baseline 0.001 -54"><span class='ocrx_word' id='word_1_197' title='bbox 437 3062 544 3111; x_wconf 88' lang='lat' dir='ltr'><strong><em>stat</em></strong></span> <span class='ocrx_word' id='word_1_198' title='bbox 570 3057 861 3161; x_wconf 78' lang='lat' dir='ltr'><strong><em>obiectum.</em></strong></span> <span class='ocrx_word' id='word_1_199' title='bbox 903 3056 1021 3115; x_wconf 86' lang='lat' dir='ltr'><strong><em>Hoc</em></strong></span> <span class='ocrx_word' id='word_1_200' title='bbox 1071 3059 1341 3131; x_wconf 90' lang='lat' dir='ltr'><strong><em>opinabile</em></strong></span> <span class='ocrx_word' id='word_1_201' title='bbox 1385 3058 1678 3122; x_wconf 87' lang='lat' dir='ltr'><strong><em>munimen,</em></strong></span> <span class='ocrx_word' id='word_1_202' title='bbox 1725 3054 2024 3111; x_wconf 89' lang='lat' dir='ltr'><strong><em>mirabilem</em></strong></span> <span class='ocrx_word' id='word_1_203' title='bbox 2051 3095 2103 3164; x_wconf 61' lang='grc' dir='ltr'>α</span> 
     </span>
    </p>
   </div>
   <div class='ocr_carea' id='block_1_31' title="bbox 437 3147 2028 3220">
    <p class='ocr_par' dir='ltr' id='par_1_31' title="bbox 437 3147 2028 3220">
     <span class='ocr_line' id='line_1_31' title="bbox 437 3147 2028 3220; baseline -0.001 -18"><span class='ocrx_word' id='word_1_204' title='bbox 437 3148 802 3220; x_wconf 82' lang='lat' dir='ltr'><strong><em>securitatem,</em></strong></span> <span class='ocrx_word' id='word_1_205' title='bbox 835 3150 919 3207; x_wconf 88' lang='lat' dir='ltr'><strong><em>cui</em></strong></span> <span class='ocrx_word' id='word_1_206' title='bbox 946 3150 1272 3207; x_wconf 87' lang='lat' dir='ltr'><strong><em>desiderium</em></strong></span> <span class='ocrx_word' id='word_1_207' title='bbox 1319 3165 1428 3207; x_wconf 87' lang='lat' dir='ltr'><strong><em>non</em></strong></span> <span class='ocrx_word' id='word_1_208' title='bbox 1454 3150 1524 3206; x_wconf 89' lang='lat' dir='ltr'><strong><em>sit</em></strong></span> <span class='ocrx_word' id='word_1_209' title='bbox 1549 3147 1814 3214; x_wconf 86' lang='lat' dir='ltr'><strong><em>habitare,</em></strong></span> <span class='ocrx_word' id='word_1_210' title='bbox 1865 3161 2028 3217; x_wconf 87' lang='lat' dir='ltr'><strong><em>quam</em></strong></span> 
     </span>
    </p>
   </div>
   <div class='ocr_carea' id='block_1_32' title="bbox 437 3237 2029 3309">
    <p class='ocr_par' dir='ltr' id='par_1_32' title="bbox 437 3237 2029 3309">
     <span class='ocr_line' id='line_1_32' title="bbox 437 3237 2029 3309; baseline 0.003 -18"><span class='ocrx_word' id='word_1_211' title='bbox 437 3237 527 3292; x_wconf 89' lang='lat' dir='ltr'><strong><em>vel</em></strong></span> <span class='ocrx_word' id='word_1_212' title='bbox 574 3244 833 3299; x_wconf 86' lang='lat' dir='ltr'><strong><em>externos</em></strong></span> <span class='ocrx_word' id='word_1_213' title='bbox 879 3241 1115 3298; x_wconf 84' lang='lat' dir='ltr'><strong><em>delectat</em></strong></span> <span class='ocrx_word' id='word_1_214' title='bbox 1143 3242 1415 3297; x_wconf 83' lang='lat' dir='ltr'><strong><em>invisere?</em></strong></span> <span class='ocrx_word' id='word_1_215' title='bbox 1446 3239 1512 3293; x_wconf 87' lang='lat' dir='ltr'><strong><em>Et</em></strong></span> <span class='ocrx_word' id='word_1_216' title='bbox 1557 3252 1883 3309; x_wconf 84' lang='lat' dir='ltr'><strong><em>quanquam,</em></strong></span> <span class='ocrx_word' id='word_1_217' title='bbox 1916 3238 2029 3295; x_wconf 90' lang='lat' dir='ltr'><strong><em>Deo</em></strong></span> 
     </span>
    </p>
   </div>
   <div class='ocr_carea' id='block_1_33' title="bbox 438 3327 2030 3405">
    <p class='ocr_par' dir='ltr' id='par_1_33' title="bbox 438 3327 2030 3405">
     <span class='ocr_line' id='line_1_33' title="bbox 438 3327 2030 3405; baseline 0 -23"><span class='ocrx_word' id='word_1_218' title='bbox 438 3327 693 3400; x_wconf 80' lang='lat' dir='ltr'><strong><em>iuvante,</em></strong></span> <span class='ocrx_word' id='word_1_219' title='bbox 748 3332 950 3387; x_wconf 81' lang='lat' dir='ltr'><strong><em>nostris</em></strong></span> <span class='ocrx_word' id='word_1_220' title='bbox 1006 3333 1339 3405; x_wconf 88' lang='lat' dir='ltr'><strong><em>temporibus</em></strong></span> <span class='ocrx_word' id='word_1_221' title='bbox 1398 3330 1733 3400; x_wconf 89' lang='lat' dir='ltr'><strong><em>provinciam</em></strong></span> <span class='ocrx_word' id='word_1_222' title='bbox 1782 3342 2030 3385; x_wconf 89' lang='lat' dir='ltr'><strong><em>securam</em></strong></span> 
     </span>
    </p>
   </div>
   <div class='ocr_carea' id='block_1_34' title="bbox 440 3418 2030 3494">
    <p class='ocr_par' dir='ltr' id='par_1_34' title="bbox 440 3418 2030 3494">
     <span class='ocr_line' id='line_1_34' title="bbox 440 3418 2030 3494; baseline -0.001 -19"><span class='ocrx_word' id='word_1_223' title='bbox 440 3418 745 3489; x_wconf 87' lang='lat' dir='ltr'><strong><em>credamus,</em></strong></span> <span class='ocrx_word' id='word_1_224' title='bbox 774 3428 956 3477; x_wconf 87' lang='lat' dir='ltr'><strong><em>tamen</em></strong></span> <span class='ocrx_word' id='word_1_225' title='bbox 997 3422 1298 3494; x_wconf 74' lang='lat' dir='ltr'><strong><em>prudentia:</em></strong></span> <span class='ocrx_word' id='word_1_226' title='bbox 1326 3421 1679 3478; x_wconf 89' lang='lat' dir='ltr'><strong><em>nihilominus</em></strong></span> <span class='ocrx_word' id='word_1_227' title='bbox 1703 3427 1787 3476; x_wconf 89' lang='lat' dir='ltr'><strong><em>est</em></strong></span> <span class='ocrx_word' id='word_1_228' title='bbox 1812 3434 2030 3489; x_wconf 86' lang='lat' dir='ltr'><strong><em>cavere,</em></strong></span> 
     </span>
    </p>
   </div>
   <div class='ocr_carea' id='block_1_35' title="bbox 441 3508 2034 3583">
    <p class='ocr_par' dir='ltr' id='par_1_35' title="bbox 441 3508 2034 3583">
     <span class='ocr_line' id='line_1_35' title="bbox 441 3508 2034 3583; baseline 0.003 -22"><span class='ocrx_word' id='word_1_229' title='bbox 441 3508 605 3563; x_wconf 83' lang='lat' dir='ltr'><strong><em>etiam</em></strong></span> <span class='ocrx_word' id='word_1_230' title='bbox 631 3520 751 3579; x_wconf 71' lang='lat' dir='ltr'><strong><em>quae</em></strong></span> <span class='ocrx_word' id='word_1_231' title='bbox 777 3518 887 3566; x_wconf 78' lang='lat' dir='ltr'><strong><em>non</em></strong></span> <span class='ocrx_word' id='word_1_232' title='bbox 915 3520 1173 3582; x_wconf 86' lang='lat' dir='ltr'><strong><em>putantur</em></strong></span> <span class='ocrx_word' id='word_1_233' title='bbox 1217 3526 1517 3583; x_wconf 90' lang='lat' dir='ltr'><strong><em>emergere.</em></strong></span> <span class='ocrx_word' id='word_1_234' title='bbox 1559 3510 1787 3567; x_wconf 85' lang='lat' dir='ltr'><strong><em>Munitio</em></strong></span> <span class='ocrx_word' id='word_1_235' title='bbox 1817 3520 1846 3550; x_wconf 79' lang='grc' dir='ltr'><strong><em>ἰ</em></strong></span> <span class='ocrx_word' id='word_1_236' title='bbox 1888 3516 2034 3566; x_wconf 76' lang='lat' dir='ltr'><strong><em>trac~</em></strong></span> 
     </span>
    </p>
   </div>
   <div class='ocr_carea' id='block_1_36' title="bbox 441 3600 2031 3674">
    <p class='ocr_par' dir='ltr' id='par_1_36' title="bbox 441 3600 2031 3674">
     <span class='ocr_line' id='line_1_36' title="bbox 441 3600 2031 3674; baseline 0.001 -20"><span class='ocrx_word' id='word_1_237' title='bbox 441 3600 604 3655; x_wconf 68' lang='lat' dir='ltr'><strong><em>tanda’</em></strong></span> <span class='ocrx_word' id='word_1_238' title='bbox 634 3611 721 3658; x_wconf 86' lang='lat' dir='ltr'><strong><em>est</em></strong></span> <span class='ocrx_word' id='word_1_239' title='bbox 753 3616 975 3673; x_wconf 87' lang='lat' dir='ltr'><strong><em>semper</em></strong></span> <span class='ocrx_word' id='word_1_240' title='bbox 998 3603 1055 3659; x_wconf 90' lang='lat' dir='ltr'><strong><em>in</em></strong></span> <span class='ocrx_word' id='word_1_241' title='bbox 1083 3604 1198 3660; x_wconf 91' lang='lat' dir='ltr'><strong><em>otio</em></strong></span> <span class='ocrx_word' id='word_1_242' title='bbox 1229 3620 1243 3658; x_wconf 87' lang='lat'><strong>:</strong></span> <span class='ocrx_word' id='word_1_243' title='bbox 1276 3603 1399 3674; x_wconf 88' lang='lat' dir='ltr'><strong><em>quia</em></strong></span> <span class='ocrx_word' id='word_1_244' title='bbox 1423 3612 1553 3661; x_wconf 89' lang='lat' dir='ltr'><strong><em>tunc</em></strong></span> <span class='ocrx_word' id='word_1_245' title='bbox 1578 3602 1722 3659; x_wconf 91' lang='lat' dir='ltr'><strong><em>male</em></strong></span> <span class='ocrx_word' id='word_1_246' title='bbox 1750 3602 2031 3672; x_wconf 85' lang='lat' dir='ltr'><strong><em>quaeritur,</em></strong></span> 
     </span>
    </p>
   </div>
   <div class='ocr_carea' id='block_1_37' title="bbox 440 3692 2031 3766">
    <p class='ocr_par' dir='ltr' id='par_1_37' title="bbox 440 3692 2031 3766">
     <span class='ocr_line' id='line_1_37' title="bbox 440 3692 2031 3766; baseline 0.003 -22"><span class='ocrx_word' id='word_1_247' title='bbox 440 3692 658 3761; x_wconf 87' lang='lat' dir='ltr'><strong><em>quando</em></strong></span> <span class='ocrx_word' id='word_1_248' title='bbox 704 3695 1014 3757; x_wconf 74' lang='lat' dir='ltr'><strong><em>necessaria</em></strong></span> <span class='ocrx_word' id='word_1_249' title='bbox 1052 3694 1343 3766; x_wconf 87' lang='lat' dir='ltr'><strong><em>iudicatur.</em></strong></span> <span class='ocrx_word' id='word_1_250' title='bbox 1369 3694 1554 3763; x_wconf 80' lang='lat' dir='ltr'><strong><em>Mergi,</em></strong></span> <span class='ocrx_word' id='word_1_251' title='bbox 1606 3693 1803 3764; x_wconf 85' lang='lat' dir='ltr'><strong><em>quibus</em></strong></span> <span class='ocrx_word' id='word_1_252' title='bbox 1832 3707 2031 3750; x_wconf 88' lang='lat' dir='ltr'><strong><em>nomen</em></strong></span> 
     </span>
    </p>
   </div>
   <div class='ocr_carea' id='block_1_38' title="bbox 442 3782 2035 3857">
    <p class='ocr_par' dir='ltr' id='par_1_38' title="bbox 442 3782 2035 3857">
     <span class='ocr_line' id='line_1_38' title="bbox 442 3782 2035 3857; baseline 0.001 -17"><span class='ocrx_word' id='word_1_253' title='bbox 442 3789 527 3840; x_wconf 85' lang='lat' dir='ltr'><strong><em>est</em></strong></span> <span class='ocrx_word' id='word_1_254' title='bbox 554 3795 623 3837; x_wconf 80' lang='lat' dir='ltr'><strong><em>ex</em></strong></span> <span class='ocrx_word' id='word_1_255' title='bbox 658 3782 824 3852; x_wconf 77' lang='lat' dir='ltr'><strong><em>facto,</em></strong></span> <span class='ocrx_word' id='word_1_256' title='bbox 875 3786 1276 3843; x_wconf 86' lang='lat' dir='ltr'><strong><em>cohabitatores</em></strong></span> <span class='ocrx_word' id='word_1_257' title='bbox 1301 3786 1551 3857; x_wconf 91' lang='lat' dir='ltr'><strong><em>piscium,</em></strong></span> <span class='ocrx_word' id='word_1_258' title='bbox 1584 3785 1851 3857; x_wconf 89' lang='lat' dir='ltr'><strong><em>aquatiles</em></strong></span> <span class='ocrx_word' id='word_1_259' title='bbox 1879 3785 2035 3841; x_wconf 87' lang='lat' dir='ltr'><strong><em>volu-</em></strong></span> 
     </span>
    </p>
   </div>
   <div class='ocr_carea' id='block_1_39' title="bbox 442 3872 2030 3949">
    <p class='ocr_par' dir='ltr' id='par_1_39' title="bbox 442 3872 2030 3949">
     <span class='ocr_line' id='line_1_39' title="bbox 442 3872 2030 3949; baseline 0.001 -18"><span class='ocrx_word' id='word_1_260' title='bbox 442 3888 581 3942; x_wconf 87' lang='lat' dir='ltr'><strong><em>cres,</em></strong></span> <span class='ocrx_word' id='word_1_261' title='bbox 629 3872 837 3933; x_wconf 78' lang='lat' dir='ltr'><strong><em>futuras</em></strong></span> <span class='ocrx_word' id='word_1_262' title='bbox 883 3882 1235 3949; x_wconf 87' lang='lat' dir='ltr'><strong><em>tempestates</em></strong></span> <span class='ocrx_word' id='word_1_263' title='bbox 1287 3878 1603 3934; x_wconf 87' lang='lat' dir='ltr'><strong><em>naturaliter</em></strong></span> <span class='ocrx_word' id='word_1_264' title='bbox 1654 3877 2030 3948; x_wconf 67' lang='lat' dir='ltr'><strong><em>prrevidentes,</em></strong></span> 
     </span>
    </p>
   </div>
   <div class='ocr_carea' id='block_1_40' title="bbox 439 3964 2035 4039">
    <p class='ocr_par' dir='ltr' id='par_1_40' title="bbox 439 3964 2035 4039">
     <span class='ocr_line' id='line_1_40' title="bbox 439 3964 2035 4039; baseline 0.003 -18"><span class='ocrx_word' id='word_1_265' title='bbox 439 3964 584 4021; x_wconf 88' lang='lat' dir='ltr'><strong><em>sicca</em></strong></span> <span class='ocrx_word' id='word_1_266' title='bbox 631 3973 843 4037; x_wconf 88' lang='lat' dir='ltr'><strong><em>petunt,</em></strong></span> <span class='ocrx_word' id='word_1_267' title='bbox 891 3974 1077 4039; x_wconf 87' lang='lat' dir='ltr'><strong><em>stagna</em></strong></span> <span class='ocrx_word' id='word_1_268' title='bbox 1109 3970 1507 4039; x_wconf 87' lang='lat' dir='ltr'><strong><em>derelinquunt.</em></strong></span> <span class='ocrx_word' id='word_1_269' title='bbox 1539 3968 1812 4039; x_wconf 89' lang='lat' dir='ltr'><strong><em>Delphini,</em></strong></span> <span class='ocrx_word' id='word_1_270' title='bbox 1841 3967 2035 4026; x_wconf 83' lang='lat' dir='ltr'><strong><em>ﬂuctus</em></strong></span> 
     </span>
    </p>
   </div>
   <div class='ocr_carea' id='block_1_41' title="bbox 441 4056 2032 4128">
    <p class='ocr_par' dir='ltr' id='par_1_41' title="bbox 441 4056 2032 4128">
     <span class='ocr_line' id='line_1_41' title="bbox 441 4056 2032 4128; baseline 0.005 -18"><span class='ocrx_word' id='word_1_271' title='bbox 441 4056 618 4128; x_wconf 85' lang='lat' dir='ltr'><strong><em>pelagi</em></strong></span> <span class='ocrx_word' id='word_1_272' title='bbox 661 4067 995 4128; x_wconf 85' lang='lat' dir='ltr'><strong><em>metuentes,</em></strong></span> <span class='ocrx_word' id='word_1_273' title='bbox 1049 4061 1269 4119; x_wconf 86' lang='lat' dir='ltr'><strong><em>vadosis</em></strong></span> <span class='ocrx_word' id='word_1_274' title='bbox 1336 4060 1609 4118; x_wconf 91' lang='lat' dir='ltr'><strong><em>littoribus</em></strong></span> <span class='ocrx_word' id='word_1_275' title='bbox 1654 4062 2032 4118; x_wconf 88' lang='lat' dir='ltr'><strong><em>immorantur.</em></strong></span> 
     </span>
    </p>
   </div>
   <div class='ocr_carea' id='block_1_42' title="bbox 440 4148 2030 4223">
    <p class='ocr_par' dir='ltr' id='par_1_42' title="bbox 440 4148 2030 4223">
     <span class='ocr_line' id='line_1_42' title="bbox 440 4148 2030 4223; baseline 0.003 -19"><span class='ocrx_word' id='word_1_276' title='bbox 440 4148 646 4219; x_wconf 85' lang='lat' dir='ltr'><strong><em>Echini,</em></strong></span> <span class='ocrx_word' id='word_1_277' title='bbox 678 4152 770 4223; x_wconf 87' lang='lat' dir='ltr'><strong><em>qui</em></strong></span> <span class='ocrx_word' id='word_1_278' title='bbox 794 4158 920 4209; x_wconf 91' lang='lat' dir='ltr'><strong><em>sunt</em></strong></span> <span class='ocrx_word' id='word_1_279' title='bbox 942 4153 1104 4210; x_wconf 84' lang='lat' dir='ltr'><strong><em>mella</em></strong></span> <span class='ocrx_word' id='word_1_280' title='bbox 1132 4153 1387 4223; x_wconf 87' lang='lat' dir='ltr'><strong><em>carnalia,</em></strong></span> <span class='ocrx_word' id='word_1_281' title='bbox 1417 4153 1682 4212; x_wconf 87' lang='lat' dir='ltr'><strong><em>eostatilis</em></strong></span> <span class='ocrx_word' id='word_1_282' title='bbox 1702 4152 2030 4221; x_wconf 88' lang='lat' dir='ltr'><strong><em>teneritudo,</em></strong></span> 
     </span>
    </p>
   </div>
   <div class='ocr_carea' id='block_1_43' title="bbox 439 4243 2036 4317">
    <p class='ocr_par' dir='ltr' id='par_1_43' title="bbox 439 4243 2036 4317">
     <span class='ocr_line' id='line_1_43' title="bbox 439 4243 2036 4317; baseline 0.003 -18"><span class='ocrx_word' id='word_1_283' title='bbox 439 4256 647 4300; x_wconf 80' lang='lat' dir='ltr'><strong><em>croceae</em></strong></span> <span class='ocrx_word' id='word_1_284' title='bbox 668 4243 875 4303; x_wconf 61' lang='lat' dir='ltr'><strong><em>deliciae</em></strong></span> <span class='ocrx_word' id='word_1_285' title='bbox 892 4246 1071 4302; x_wconf 86' lang='lat' dir='ltr'><strong><em>divitis</em></strong></span> <span class='ocrx_word' id='word_1_286' title='bbox 1091 4248 1275 4313; x_wconf 87' lang='lat' dir='ltr'><strong><em>maris,</em></strong></span> <span class='ocrx_word' id='word_1_287' title='bbox 1300 4246 1429 4302; x_wconf 92' lang='lat' dir='ltr'><strong><em>dum</em></strong></span> <span class='ocrx_word' id='word_1_288' title='bbox 1458 4245 1665 4303; x_wconf 77' lang='lat' dir='ltr'><strong><em>futuras</em></strong></span> <span class='ocrx_word' id='word_1_289' title='bbox 1688 4253 2036 4317; x_wconf 81' lang='lat' dir='ltr'><strong><em>tempestates</em></strong></span> 
     </span>
    </p>
   </div>
   <div class='ocr_carea' id='block_1_44' title="bbox 439 4337 2032 4412">
    <p class='ocr_par' dir='ltr' id='par_1_44' title="bbox 439 4337 2032 4412">
     <span class='ocr_line' id='line_1_44' title="bbox 439 4337 2032 4412; baseline 0.005 -25"><span class='ocrx_word' id='word_1_290' title='bbox 439 4337 778 4407; x_wconf 82' lang='lat' dir='ltr'><strong><em>agnoverint,</em></strong></span> <span class='ocrx_word' id='word_1_291' title='bbox 806 4337 927 4395; x_wconf 90' lang='lat' dir='ltr'><strong><em>loca</em></strong></span> <span class='ocrx_word' id='word_1_292' title='bbox 946 4345 1156 4395; x_wconf 85' lang='lat' dir='ltr'><strong><em>mutare</em></strong></span> <span class='ocrx_word' id='word_1_293' title='bbox 1176 4339 1465 4412; x_wconf 87' lang='lat' dir='ltr'><strong><em>cupientes</em></strong></span> <span class='ocrx_word' id='word_1_294' title='bbox 1492 4339 1511 4411; x_wconf 96' lang='lat'>(</span> <span class='ocrx_word' id='word_1_295' title='bbox 1541 4338 1669 4409; x_wconf 90' lang='lat' dir='ltr'><strong><em>quia</em></strong></span> <span class='ocrx_word' id='word_1_296' title='bbox 1697 4337 1803 4395; x_wconf 87' lang='lat' dir='ltr'><strong><em>illis</em></strong></span> <span class='ocrx_word' id='word_1_297' title='bbox 1828 4352 1928 4409; x_wconf 85' lang='lat' dir='ltr'><strong><em>pro</em></strong></span> <span class='ocrx_word' id='word_1_298' title='bbox 1949 4338 2032 4395; x_wconf 88' lang='lat' dir='ltr'><strong><em>le-</em></strong></span> 
     </span>
    </p>
   </div>
   <div class='ocr_carea' id='block_1_45' title="bbox 437 4427 2036 4503">
    <p class='ocr_par' dir='ltr' id='par_1_45' title="bbox 437 4427 2036 4503">
     <span class='ocr_line' id='line_1_45' title="bbox 437 4427 2036 4503; baseline 0.004 -22"><span class='ocrx_word' id='word_1_299' title='bbox 437 4427 607 4483; x_wconf 84' lang='lat' dir='ltr'><strong><em>vitate</em></strong></span> <span class='ocrx_word' id='word_1_300' title='bbox 625 4429 869 4499; x_wconf 82' lang='lat' dir='ltr'><strong><em>corporis</em></strong></span> <span class='ocrx_word' id='word_1_301' title='bbox 886 4431 1047 4486; x_wconf 86' lang='lat' dir='ltr'><strong><em>nandi</em></strong></span> <span class='ocrx_word' id='word_1_302' title='bbox 1068 4431 1214 4487; x_wconf 90' lang='lat' dir='ltr'><strong><em>nulla</em></strong></span> <span class='ocrx_word' id='word_1_303' title='bbox 1235 4429 1429 4488; x_wconf 91' lang='lat' dir='ltr'><strong><em>ﬁducia</em></strong></span> <span class='ocrx_word' id='word_1_304' title='bbox 1449 4432 1555 4503; x_wconf 85' lang='lat' dir='ltr'><strong><em>est)</em></strong></span> <span class='ocrx_word' id='word_1_305' title='bbox 1581 4428 1811 4502; x_wconf 85' lang='lat' dir='ltr'><strong><em>lapillos,</em></strong></span> <span class='ocrx_word' id='word_1_306' title='bbox 1842 4431 2036 4500; x_wconf 89' lang='lat' dir='ltr'><strong><em>quibus</em></strong></span> 
     </span>
    </p>
   </div>
   <div class='ocr_carea' id='block_1_46' title="bbox 437 4523 2032 4597">
    <p class='ocr_par' dir='ltr' id='par_1_46' title="bbox 437 4523 2032 4597">
     <span class='ocr_line' id='line_1_46' title="bbox 437 4523 2032 4597; baseline 0.001 -21"><span class='ocrx_word' id='word_1_307' title='bbox 437 4534 599 4592; x_wconf 85' lang='lat' dir='ltr'><strong><em>pares</em></strong></span> <span class='ocrx_word' id='word_1_308' title='bbox 623 4523 835 4593; x_wconf 88' lang='lat' dir='ltr'><strong><em>possint</em></strong></span> <span class='ocrx_word' id='word_1_309' title='bbox 860 4538 999 4592; x_wconf 86' lang='lat' dir='ltr'><strong><em>esse,</em></strong></span> <span class='ocrx_word' id='word_1_310' title='bbox 1041 4524 1339 4596; x_wconf 84' lang='lat' dir='ltr'><strong><em>complexi,</em></strong></span> <span class='ocrx_word' id='word_1_311' title='bbox 1385 4524 1622 4597; x_wconf 87' lang='lat' dir='ltr'><strong><em>quadam</em></strong></span> <span class='ocrx_word' id='word_1_312' title='bbox 1671 4524 2032 4581; x_wconf 88' lang='lat' dir='ltr'><strong><em>anchorarum</em></strong></span> 
     </span>
    </p>
   </div>
   <div class='ocr_carea' id='block_1_47' title="bbox 437 4612 2032 4688">
    <p class='ocr_par' dir='ltr' id='par_1_47' title="bbox 437 4612 2032 4688">
     <span class='ocr_line' id='line_1_47' title="bbox 437 4612 2032 4688; baseline 0.003 -19"><span class='ocrx_word' id='word_1_313' title='bbox 437 4612 830 4684; x_wconf 86' lang='lat' dir='ltr'><strong><em>ponderatione</em></strong></span> <span class='ocrx_word' id='word_1_314' title='bbox 863 4612 1065 4687; x_wconf 89' lang='lat' dir='ltr'><strong><em>librati,</em></strong></span> <span class='ocrx_word' id='word_1_315' title='bbox 1090 4617 1343 4688; x_wconf 88' lang='lat' dir='ltr'><strong><em>scopulos</em></strong></span> <span class='ocrx_word' id='word_1_316' title='bbox 1369 4624 1583 4688; x_wconf 89' lang='lat' dir='ltr'><strong><em>petunt,</em></strong></span> <span class='ocrx_word' id='word_1_317' title='bbox 1608 4632 1745 4688; x_wconf 90' lang='lat' dir='ltr'><strong><em>quos</em></strong></span> <span class='ocrx_word' id='word_1_318' title='bbox 1783 4614 2032 4673; x_wconf 84' lang='lat' dir='ltr'><strong><em>ﬂuctibus</em></strong></span> 
     </span>
    </p>
   </div>
   <div class='ocr_carea' id='block_1_48' title="bbox 436 4707 2034 4783">
    <p class='ocr_par' dir='ltr' id='par_1_48' title="bbox 436 4707 2034 4783">
     <span class='ocr_line' id='line_1_48' title="bbox 436 4707 2034 4783; baseline 0.003 -18"><span class='ocrx_word' id='word_1_319' title='bbox 436 4707 715 4765; x_wconf 84' lang='lat' dir='ltr'><strong><em>vexandos</em></strong></span> <span class='ocrx_word' id='word_1_320' title='bbox 739 4720 859 4767; x_wconf 86' lang='lat' dir='ltr'><strong><em>esse</em></strong></span> <span class='ocrx_word' id='word_1_321' title='bbox 875 4725 985 4767; x_wconf 90' lang='lat' dir='ltr'><strong><em>non</em></strong></span> <span class='ocrx_word' id='word_1_322' title='bbox 1008 4709 1250 4768; x_wconf 88' lang='lat' dir='ltr'><strong><em>credant.</em></strong></span> <span class='ocrx_word' id='word_1_323' title='bbox 1269 4711 1411 4768; x_wconf 86' lang='lat' dir='ltr'><strong><em>Aves</em></strong></span> <span class='ocrx_word' id='word_1_324' title='bbox 1423 4712 1553 4783; x_wconf 88' lang='lat' dir='ltr'><strong><em>ipsae</em></strong></span> <span class='ocrx_word' id='word_1_325' title='bbox 1577 4710 1811 4767; x_wconf 90' lang='lat' dir='ltr'><strong><em>adventu</em></strong></span> <span class='ocrx_word' id='word_1_326' title='bbox 1836 4710 2034 4769; x_wconf 81' lang='lat' dir='ltr'><strong><em>hiemis</em></strong></span> 
     </span>
    </p>
   </div>
   <div class='ocr_carea' id='block_1_49' title="bbox 436 4802 2031 4877">
    <p class='ocr_par' dir='ltr' id='par_1_49' title="bbox 436 4802 2031 4877">
     <span class='ocr_line' id='line_1_49' title="bbox 436 4802 2031 4877; baseline 0.001 -18"><span class='ocrx_word' id='word_1_327' title='bbox 436 4802 641 4876; x_wconf 88' lang='lat' dir='ltr'><strong><em>patrias</em></strong></span> <span class='ocrx_word' id='word_1_328' title='bbox 660 4810 891 4860; x_wconf 87' lang='lat' dir='ltr'><strong><em>mutant.</em></strong></span> <span class='ocrx_word' id='word_1_329' title='bbox 922 4802 1077 4860; x_wconf 74' lang='lat' dir='ltr'><strong><em>Ferae</em></strong></span> <span class='ocrx_word' id='word_1_330' title='bbox 1103 4814 1204 4877; x_wconf 90' lang='lat' dir='ltr'><strong><em>pro</em></strong></span> <span class='ocrx_word' id='word_1_331' title='bbox 1231 4804 1496 4876; x_wconf 85' lang='lat' dir='ltr'><strong><em>qualitate</em></strong></span> <span class='ocrx_word' id='word_1_332' title='bbox 1540 4804 1802 4875; x_wconf 90' lang='lat' dir='ltr'><strong><em>temporis</em></strong></span> <span class='ocrx_word' id='word_1_333' title='bbox 1833 4804 2031 4860; x_wconf 88' lang='lat' dir='ltr'><strong><em>cubilia</em></strong></span> 
     </span>
    </p>
   </div>
   <div class='ocr_carea' id='block_1_50' title="bbox 437 4882 2034 4967">
    <p class='ocr_par' dir='ltr' id='par_1_50' title="bbox 437 4882 2034 4967">
     <span class='ocr_line' id='line_1_50' title="bbox 437 4882 2034 4967; baseline 0.001 -16"><span class='ocrx_word' id='word_1_334' title='bbox 437 4903 703 4967; x_wconf 80' lang='lat' dir='ltr'><strong><em>quaerunt.</em></strong></span> <span class='ocrx_word' id='word_1_335' title='bbox 754 4894 1044 4953; x_wconf 81' lang='lat' dir='ltr'><strong><em>Hominum</em></strong></span> <span class='ocrx_word' id='word_1_336' title='bbox 1080 4882 1388 4954; x_wconf 85' lang='lat' dir='ltr'><strong><em>sollicitudo</em></strong></span> <span class='ocrx_word' id='word_1_337' title='bbox 1416 4911 1527 4952; x_wconf 89' lang='lat' dir='ltr'><strong><em>non</em></strong></span> <span class='ocrx_word' id='word_1_338' title='bbox 1557 4893 1721 4951; x_wconf 88' lang='lat' dir='ltr'><strong><em>debet</em></strong></span> <span class='ocrx_word' id='word_1_339' title='bbox 1748 4896 2034 4965; x_wconf 86' lang='lat' dir='ltr'><strong><em>providere</em></strong></span> 
     </span>
    </p>
   </div>
   <div class='ocr_carea' id='block_1_51' title="bbox 437 4988 2034 5062">
    <p class='ocr_par' dir='ltr' id='par_1_51' title="bbox 437 4988 2034 5062">
     <span class='ocr_line' id='line_1_51' title="bbox 437 4988 2034 5062; baseline 0.002 -18"><span class='ocrx_word' id='word_1_340' title='bbox 437 4988 584 5059; x_wconf 88' lang='lat' dir='ltr'><strong><em>quod</em></strong></span> <span class='ocrx_word' id='word_1_341' title='bbox 628 4997 811 5061; x_wconf 87' lang='lat' dir='ltr'><strong><em>potest</em></strong></span> <span class='ocrx_word' id='word_1_342' title='bbox 857 4990 915 5047; x_wconf 89' lang='lat' dir='ltr'><strong><em>in</em></strong></span> <span class='ocrx_word' id='word_1_343' title='bbox 970 4991 1298 5048; x_wconf 83' lang='lat' dir='ltr'><strong><em>adversitate</em></strong></span> <span class='ocrx_word' id='word_1_344' title='bbox 1347 4990 1669 5062; x_wconf 81' lang='lat' dir='ltr'><strong><em>requirere?</em></strong></span> <span class='ocrx_word' id='word_1_345' title='bbox 1696 4989 1816 5047; x_wconf 86' lang='lat' dir='ltr'><strong><em>Non</em></strong></span> <span class='ocrx_word' id='word_1_346' title='bbox 1858 4998 1943 5048; x_wconf 89' lang='lat' dir='ltr'><strong><em>est</em></strong></span> <span class='ocrx_word' id='word_1_347' title='bbox 1978 4990 2034 5047; x_wconf 88' lang='lat' dir='ltr'><strong><em>in</em></strong></span> 
     </span>
    </p>
   </div>
   <div class='ocr_carea' id='block_1_52' title="bbox 437 5082 2028 5162">
    <p class='ocr_par' dir='ltr' id='par_1_52' title="bbox 437 5082 2028 5162">
     <span class='ocr_line' id='line_1_52' title="bbox 437 5082 2028 5162; baseline 0 -24"><span class='ocrx_word' id='word_1_348' title='bbox 437 5082 640 5141; x_wconf 90' lang='lat' dir='ltr'><strong><em>mundo</em></strong></span> <span class='ocrx_word' id='word_1_349' title='bbox 669 5082 814 5142; x_wconf 89' lang='lat' dir='ltr'><strong><em>unde</em></strong></span> <span class='ocrx_word' id='word_1_350' title='bbox 842 5086 947 5162; x_wconf 72' lang='grc' dir='ltr'><strong><em>[σά.</em></strong></span> <span class='ocrx_word' id='word_1_351' title='bbox 973 5082 1101 5142; x_wconf 69' lang='lat' dir='ltr'><strong><em>Nic.</em></strong></span> <span class='ocrx_word' id='word_1_352' title='bbox 1132 5083 1232 5141; x_wconf 78' lang='lat' dir='ltr'><strong><em>Ca.</em></strong></span> <span class='ocrx_word' id='word_1_353' title='bbox 1258 5082 1353 5141; x_wconf 84' lang='lat' dir='ltr'><strong><em>Gr.</em></strong></span> <span class='ocrx_word' id='word_1_354' title='bbox 1376 5094 1426 5140; x_wconf 86' lang='lat' dir='ltr'><strong><em>et</em></strong></span> <span class='ocrx_word' id='word_1_355' title='bbox 1445 5083 1591 5157; x_wconf 84' lang='lat' dir='ltr'><strong><em>Cuj.,</em></strong></span> <span class='ocrx_word' id='word_1_356' title='bbox 1612 5085 1789 5142; x_wconf 89' lang='lat' dir='ltr'><strong><em>undis.</em></strong></span> <span class='ocrx_word' id='word_1_357' title='bbox 1812 5082 1912 5141; x_wconf 81' lang='lat' dir='ltr'><strong><em>Ms.</em></strong></span> <span class='ocrx_word' id='word_1_358' title='bbox 1938 5083 2028 5152; x_wconf 85' lang='lat' dir='ltr'><strong><em>R.,</em></strong></span> 
     </span>
    </p>
   </div>
   <div class='ocr_carea' id='block_1_53' title="bbox 437 5177 2031 5255">
    <p class='ocr_par' dir='ltr' id='par_1_53' title="bbox 437 5177 2031 5255">
     <span class='ocr_line' id='line_1_53' title="bbox 437 5177 2031 5255; baseline 0 -22"><span class='ocrx_word' id='word_1_359' title='bbox 437 5177 495 5234; x_wconf 90' lang='lat' dir='ltr'><strong><em>in</em></strong></span> <span class='ocrx_word' id='word_1_360' title='bbox 511 5178 714 5237; x_wconf 90' lang='lat' dir='ltr'><strong><em>mundo</em></strong></span> <span class='ocrx_word' id='word_1_361' title='bbox 735 5180 925 5255; x_wconf 90' lang='lat' dir='ltr'><strong><em>unum]</em></strong></span> <span class='ocrx_word' id='word_1_362' title='bbox 949 5180 1197 5236; x_wconf 75' lang='lat' dir='ltr'><strong><em>humanae</em></strong></span> <span class='ocrx_word' id='word_1_363' title='bbox 1213 5192 1304 5236; x_wconf 88' lang='lat' dir='ltr'><strong><em>res</em></strong></span> <span class='ocrx_word' id='word_1_364' title='bbox 1322 5178 1683 5236; x_wconf 86' lang='lat' dir='ltr'><strong><em>mutabilitate</em></strong></span> <span class='ocrx_word' id='word_1_365' title='bbox 1697 5178 2031 5250; x_wconf 87' lang='lat' dir='ltr'><strong><em>quatiuntur;</em></strong></span> 
     </span>
    </p>
   </div>
   <div class='ocr_carea' id='block_1_54' title="bbox 439 5270 2033 5347">
    <p class='ocr_par' dir='ltr' id='par_1_54' title="bbox 439 5270 2033 5347">
     <span class='ocr_line' id='line_1_54' title="bbox 439 5270 2033 5347; baseline 0.003 -20"><span class='ocrx_word' id='word_1_366' title='bbox 439 5278 497 5327; x_wconf 90' lang='lat' dir='ltr'><strong><em>et</em></strong></span> <span class='ocrx_word' id='word_1_367' title='bbox 514 5270 637 5329; x_wconf 85' lang='lat' dir='ltr'><strong><em>ideo</em></strong></span> <span class='ocrx_word' id='word_1_368' title='bbox 663 5272 1007 5346; x_wconf 84' lang='lat' dir='ltr'><strong><em>providentia</em></strong></span> <span class='ocrx_word' id='word_1_369' title='bbox 1032 5271 1255 5346; x_wconf 86' lang='lat' dir='ltr'><strong><em>dicitur,</em></strong></span> <span class='ocrx_word' id='word_1_370' title='bbox 1282 5280 1345 5333; x_wconf 87' lang='lat' dir='ltr'><strong><em>ut</em></strong></span> <span class='ocrx_word' id='word_1_371' title='bbox 1369 5287 1492 5347; x_wconf 81' lang='lat' dir='ltr'><strong><em>quae</em></strong></span> <span class='ocrx_word' id='word_1_372' title='bbox 1525 5281 1656 5334; x_wconf 87' lang='lat' dir='ltr'><strong><em>sunt</em></strong></span> <span class='ocrx_word' id='word_1_373' title='bbox 1680 5272 1860 5332; x_wconf 81' lang='lat' dir='ltr'><strong><em>futura</em></strong></span> <span class='ocrx_word' id='word_1_374' title='bbox 1889 5276 2033 5332; x_wconf 89' lang='lat' dir='ltr'><strong><em>trac-</em></strong></span> 
     </span>
    </p>
   </div>
   <div class='ocr_carea' id='block_1_55' title="bbox 436 5370 642 5423">
    <p class='ocr_par' dir='ltr' id='par_1_55' title="bbox 436 5370 642 5423">
     <span class='ocr_line' id='line_1_55' title="bbox 436 5370 642 5423; baseline 0 0"><span class='ocrx_word' id='word_1_375' title='bbox 436 5370 642 5423; x_wconf 78' lang='lat' dir='ltr'><strong><em>tentur.</em></strong></span> 
     </span>
    </p>
   </div>
   <div class='ocr_carea' id='block_1_56' title="bbox 441 5568 2033 5651">
    <p class='ocr_par' dir='ltr' id='par_1_56' title="bbox 441 5568 2033 5651">
     <span class='ocr_line' id='line_1_56' title="bbox 441 5568 2033 5651; baseline 0.001 -24"><span class='ocrx_word' id='word_1_376' title='bbox 441 5640 457 5651; x_wconf 86' lang='lat'><em>_</em></span> <span class='ocrx_word' id='word_1_377' title='bbox 511 5569 542 5600; x_wconf 81' lang='grc'>¹</span> <span class='ocrx_word' id='word_1_378' title='bbox 570 5568 796 5651; x_wconf 74' lang='lat' dir='ltr'><strong><em>Munitio</em></strong></span> <span class='ocrx_word' id='word_1_379' title='bbox 823 5588 881 5630; x_wconf 82' lang='grc' dir='ltr'><strong><em>ιιι</em></strong></span> <span class='ocrx_word' id='word_1_380' title='bbox 908 5572 1022 5651; x_wconf 83' lang='lat' dir='ltr'><strong><em>otio</em></strong></span> <span class='ocrx_word' id='word_1_381' title='bbox 1055 5573 1171 5631; x_wconf 84' lang='lat' dir='ltr'><strong><em>ﬁat.</em></strong></span> <span class='ocrx_word' id='word_1_382' title='bbox 1212 5575 1409 5651; x_wconf 65' lang='lat' dir='ltr'><strong><em>sense.</em></strong></span> <span class='ocrx_word' id='word_1_383' title='bbox 1433 5573 1533 5651; x_wconf 73' lang='lat' dir='ltr'><strong><em>_li_b.</em></strong></span> <span class='ocrx_word' id='word_1_384' title='bbox 1561 5587 1620 5639; x_wconf 86' lang='grc' dir='ltr'><strong>ιι,</strong></span> <span class='ocrx_word' id='word_1_385' title='bbox 1645 5571 1802 5643; x_wconf 83' lang='lat' dir='ltr'><strong><em>epist.</em></strong></span> <span class='ocrx_word' id='word_1_386' title='bbox 1836 5570 1905 5627; x_wconf 75' lang='grc'><strong><em>18</em></strong></span> <span class='ocrx_word' id='word_1_387' title='bbox 1929 5589 1943 5627; x_wconf 90' lang='lat'><strong>:</strong></span> <span class='ocrx_word' id='word_1_388' title='bbox 1970 5569 2033 5629; x_wconf 90' lang='lat' dir='ltr'><strong><em>In</em></strong></span> 
     </span>
    </p>
   </div>
   <div class='ocr_carea' id='block_1_57' title="bbox 440 5644 2036 5729">
    <p class='ocr_par' dir='ltr' id='par_1_57' title="bbox 440 5644 2036 5729">
     <span class='ocr_line' id='line_1_57' title="bbox 440 5644 2036 5729; baseline 0.001 -31"><span class='ocrx_word' id='word_1_389' title='bbox 440 5644 565 5729; x_wconf 67' lang='lat' dir='ltr'><strong><em>ipsa</em></strong></span> <span class='ocrx_word' id='word_1_390' title='bbox 588 5647 894 5729; x_wconf 68' lang='lat' dir='ltr'><strong><em>securitate</em></strong></span> <span class='ocrx_word' id='word_1_391' title='bbox 921 5648 1133 5729; x_wconf 72' lang='lat' dir='ltr'><strong><em>animus</em></strong></span> <span class='ocrx_word' id='word_1_392' title='bbox 1170 5647 1249 5729; x_wconf 77' lang='lat' dir='ltr'><strong><em>ad</em></strong></span> <span class='ocrx_word' id='word_1_393' title='bbox 1282 5644 1520 5729; x_wconf 66' lang='lat' dir='ltr'><strong><em>ditﬁcilia</em></strong></span> <span class='ocrx_word' id='word_1_394' title='bbox 1556 5651 2036 5729; x_wconf 42' lang='lat' dir='ltr'><strong><em>senpneparethet</em></strong></span> 
     </span>
    </p>
   </div>
   <div class='ocr_carea' id='block_1_58' title="bbox 442 5713 2035 5786">
    <p class='ocr_par' dir='ltr' id='par_1_58' title="bbox 442 5713 2035 5786">
     <span class='ocr_line' id='line_1_58' title="bbox 442 5713 2035 5786; baseline 0.002 -19"><span class='ocrx_word' id='word_1_395' title='bbox 442 5722 634 5786; x_wconf 77' lang='lat' dir='ltr'><strong><em>contra</em></strong></span> <span class='ocrx_word' id='word_1_396' title='bbox 657 5715 879 5786; x_wconf 78' lang='lat' dir='ltr'><strong><em>iniurias</em></strong></span> <span class='ocrx_word' id='word_1_397' title='bbox 918 5717 1145 5775; x_wconf 68' lang='lat' dir='ltr'><strong><em>fortuna!</em></strong></span> <span class='ocrx_word' id='word_1_398' title='bbox 1174 5718 1318 5776; x_wconf 82' lang='lat' dir='ltr'><strong><em>inter</em></strong></span> <span class='ocrx_word' id='word_1_399' title='bbox 1345 5715 1605 5773; x_wconf 80' lang='lat' dir='ltr'><strong><em>beneﬁcia</em></strong></span> <span class='ocrx_word' id='word_1_400' title='bbox 1632 5713 1898 5771; x_wconf 88' lang='lat' dir='ltr'><strong><em>ﬁrmetur.</em></strong></span> <span class='ocrx_word' id='word_1_401' title='bbox 1934 5713 2035 5770; x_wconf 81' lang='lat' dir='ltr'><strong><em>Mi-</em></strong></span> 
     </span>
    </p>
   </div>
   <div class='ocr_carea' id='block_1_59' title="bbox 443 5781 2037 5879">
    <p class='ocr_par' dir='ltr' id='par_1_59' title="bbox 443 5781 2037 5879">
     <span class='ocr_line' id='line_1_59' title="bbox 443 5781 2037 5879; baseline 0.003 -36"><span class='ocrx_word' id='word_1_402' title='bbox 443 5781 525 5844; x_wconf 80' lang='lat' dir='ltr'><strong><em>les</em></strong></span> <span class='ocrx_word' id='word_1_403' title='bbox 552 5783 612 5848; x_wconf 86' lang='lat' dir='ltr'><strong><em>in</em></strong></span> <span class='ocrx_word' id='word_1_404' title='bbox 650 5781 828 5853; x_wconf 68' lang='lat' dir='ltr'><strong><em>Inedia</em></strong></span> <span class='ocrx_word' id='word_1_405' title='bbox 865 5803 1003 5865; x_wconf 78' lang='lat' dir='ltr'><strong><em>paco</em></strong></span> <span class='ocrx_word' id='word_1_406' title='bbox 1045 5789 1287 5856; x_wconf 69' lang='lat' dir='ltr'><strong><em>decutit</em></strong></span> <span class='ocrx_word' id='word_1_407' title='bbox 1328 5789 1453 5854; x_wconf 77' lang='lat' dir='ltr'><strong><em>siue</em></strong></span> <span class='ocrx_word' id='word_1_408' title='bbox 1485 5786 1598 5851; x_wconf 78' lang='lat' dir='ltr'><strong><em>ullo</em></strong></span> <span class='ocrx_word' id='word_1_409' title='bbox 1628 5785 1811 5863; x_wconf 78' lang='lat' dir='ltr'><strong><em>hoste,</em></strong></span> <span class='ocrx_word' id='word_1_410' title='bbox 1833 5786 2037 5879; x_wconf 70' lang='lat' dir='ltr'><strong><em>vallun</em></strong></span> 
     </span>
    </p>
   </div>
   <div class='ocr_carea' id='block_1_60' title="bbox 1615 195 2457 262">
    <p class='ocr_par' dir='ltr' id='par_1_60' title="bbox 1615 195 2457 262">
     <span class='ocr_line' id='line_1_60' title="bbox 1615 195 2457 262; baseline -0.01 -2"><span class='ocrx_word' id='word_1_411' title='bbox 1615 203 1687 260; x_wconf 78' lang='grc' dir='ltr'><strong><em>Μ.</em></strong></span> <span class='ocrx_word' id='word_1_412' title='bbox 1729 197 2008 262; x_wconf 82' lang='lat' dir='ltr'><strong>AURELII</strong></span> <span class='ocrx_word' id='word_1_413' title='bbox 2044 195 2457 257; x_wconf 74' lang='lat' dir='ltr'><strong><em>CASSIODORI&#39;</em></strong></span> 
     </span>
    </p>
   </div>
   <div class='ocr_carea' id='block_1_61' title="bbox 407 316 2070 391">
    <p class='ocr_par' dir='ltr' id='par_1_61' title="bbox 407 316 2070 391">
     <span class='ocr_line' id='line_1_61' title="bbox 407 316 2070 391; baseline -0.011 -5"><span class='ocrx_word' id='word_1_414' title='bbox 407 336 462 386; x_wconf 90' lang='lat' dir='ltr'><strong><em>et</em></strong></span> <span class='ocrx_word' id='word_1_415' title='bbox 490 328 653 388; x_wconf 88' lang='lat' dir='ltr'><strong><em>ardor</em></strong></span> <span class='ocrx_word' id='word_1_416' title='bbox 688 328 764 387; x_wconf 89' lang='lat' dir='ltr'><strong><em>ibi</em></strong></span> <span class='ocrx_word' id='word_1_417' title='bbox 791 325 1155 383; x_wconf 82' lang='lat' dir='ltr'><strong><em>indesinenter</em></strong></span> <span class='ocrx_word' id='word_1_418' title='bbox 1180 321 1421 390; x_wconf 87' lang='lat' dir='ltr'><strong><em>viveret,</em></strong></span> <span class='ocrx_word' id='word_1_419' title='bbox 1456 331 1619 391; x_wconf 82' lang='lat' dir='ltr'><strong><em>quem</em></strong></span> <span class='ocrx_word' id='word_1_420' title='bbox 1654 324 1805 374; x_wconf 89' lang='lat' dir='ltr'><strong><em>tanta</em></strong></span> <span class='ocrx_word' id='word_1_421' title='bbox 1850 316 1992 373; x_wconf 86' lang='lat' dir='ltr'><strong><em>unda</em></strong></span> <span class='ocrx_word' id='word_1_422' title='bbox 2022 319 2070 377; x_wconf 83' lang='grc' dir='ltr'><strong>Λ</strong></span> 
     </span>
    </p>
   </div>
   <div class='ocr_carea' id='block_1_62' title="bbox 2061 4494 2117 4556">
    <p class='ocr_par' dir='ltr' id='par_1_62' title="bbox 2061 4494 2117 4556">
     <span class='ocr_line' id='line_1_62' title="bbox 2061 4494 2117 4556; baseline 0 0"><span class='ocrx_word' id='word_1_423' title='bbox 2061 4494 2117 4556; x_wconf 84' lang='lat' dir='ltr'><strong>D</strong></span> 
     </span>
    </p>
   </div>
   <div class='ocr_carea' id='block_1_63' title="bbox 3573 190 3682 257">
    <p class='ocr_par' dir='ltr' id='par_1_63' title="bbox 3573 190 3682 257">
     <span class='ocr_line' id='line_1_63' title="bbox 3573 190 3682 257; baseline 0 -2"><span class='ocrx_word' id='word_1_424' title='bbox 3573 190 3682 257; x_wconf 66' lang='grc' dir='ltr'><strong><em>ωδ</em></strong></span> 
     </span>
    </p>
   </div>
   <div class='ocr_carea' id='block_1_64' title="bbox 2617 306 3168 366">
    <p class='ocr_par' dir='ltr' id='par_1_64' title="bbox 2617 306 3168 366">
     <span class='ocr_line' id='line_1_64' title="bbox 2617 306 3168 366; baseline 0.002 -3"><span class='ocrx_word' id='word_1_425' title='bbox 2617 308 2943 366; x_wconf 87' lang='lat' dir='ltr'><strong><em>EPISTOLA</em></strong></span> <span class='ocrx_word' id='word_1_426' title='bbox 2982 306 3168 365; x_wconf 81' lang='lat' dir='ltr'><strong>XLIX.</strong></span> 
     </span>
    </p>
   </div>
   <div class='ocr_carea' id='block_1_65' title="bbox 2098 408 3686 471">
    <p class='ocr_par' dir='ltr' id='par_1_65' title="bbox 2098 408 3686 471">
     <span class='ocr_line' id='line_1_65' title="bbox 2098 408 3686 471; baseline -0.003 -9"><span class='ocrx_word' id='word_1_427' title='bbox 2098 422 2392 464; x_wconf 72' lang='lat' dir='ltr'><strong>BONORATIS</strong></span> <span class='ocrx_word' id='word_1_428' title='bbox 2429 418 2844 471; x_wconf 78' lang='lat' dir='ltr'><strong><em>rossnssonmos,</em></strong></span> <span class='ocrx_word' id='word_1_429' title='bbox 2872 415 3255 457; x_wconf 65' lang='lat' dir='ltr'><strong><em>cursuscursus</em></strong></span> <span class='ocrx_word' id='word_1_430' title='bbox 3283 408 3353 456; x_wconf 73' lang='grc' dir='ltr'><strong><em>ετ</em></strong></span> <span class='ocrx_word' id='word_1_431' title='bbox 3380 413 3686 458; x_wconf 63' lang='grc' dir='ltr'><strong>ισιιιλιωσς</strong></span> 
     </span>
    </p>
   </div>
   <div class='ocr_carea' id='block_1_66' title="bbox 2311 484 3470 533">
    <p class='ocr_par' dir='ltr' id='par_1_66' title="bbox 2311 484 3470 533">
     <span class='ocr_line' id='line_1_66' title="bbox 2311 484 3470 533; baseline -0.004 0"><span class='ocrx_word' id='word_1_432' title='bbox 2311 490 2629 533; x_wconf 70' lang='grc' dir='ltr'><strong><em>ΟΑΤΛΝΕΝΞΙΘ</em></strong></span> <span class='ocrx_word' id='word_1_433' title='bbox 2654 489 2917 530; x_wconf 73' lang='lat' dir='ltr'><strong>CIVITA‘I‘IS</strong></span> <span class='ocrx_word' id='word_1_434' title='bbox 2949 487 3314 529; x_wconf 74' lang='lat' dir='ltr'><strong><em>THEODORICUS</em></strong></span> <span class='ocrx_word' id='word_1_435' title='bbox 3343 484 3470 529; x_wconf 68' lang='lat' dir='ltr'><strong><em>REX.</em></strong></span> 
     </span>
    </p>
   </div>
   <div class='ocr_carea' id='block_1_67' title="bbox 2101 564 3691 638">
    <p class='ocr_par' dir='ltr' id='par_1_67' title="bbox 2101 564 3691 638">
     <span class='ocr_line' id='line_1_67' title="bbox 2101 564 3691 638; baseline -0.003 -10"><span class='ocrx_word' id='word_1_436' title='bbox 2101 571 2363 627; x_wconf 84' lang='lat' dir='ltr'><strong><em>Permittit</em></strong></span> <span class='ocrx_word' id='word_1_437' title='bbox 2382 579 2439 623; x_wconf 82' lang='lat' dir='ltr'><strong><em>ut</em></strong></span> <span class='ocrx_word' id='word_1_438' title='bbox 2465 569 2608 623; x_wconf 71' lang='lat' dir='ltr'><strong><em>saxis</em></strong></span> <span class='ocrx_word' id='word_1_439' title='bbox 2630 582 2694 622; x_wconf 74' lang='lat' dir='ltr'><strong><em>ex</em></strong></span> <span class='ocrx_word' id='word_1_440' title='bbox 2725 564 3098 637; x_wconf 76' lang='lat' dir='ltr'><strong><em>amphitheatro</em></strong></span> <span class='ocrx_word' id='word_1_441' title='bbox 3121 566 3277 638; x_wconf 80' lang='lat' dir='ltr'><strong><em>longa</em></strong></span> <span class='ocrx_word' id='word_1_442' title='bbox 3305 574 3554 622; x_wconf 80' lang='lat' dir='ltr'><strong><em>vetustate</em></strong></span> <span class='ocrx_word' id='word_1_443' title='bbox 3581 564 3691 624; x_wconf 79' lang='lat' dir='ltr'><strong><em>col-</em></strong></span> 
     </span>
    </p>
   </div>
   <div class='ocr_carea' id='block_1_68' title="bbox 2277 638 3519 712">
    <p class='ocr_par' dir='ltr' id='par_1_68' title="bbox 2277 638 3519 712">
     <span class='ocr_line' id='line_1_68' title="bbox 2277 638 3519 712; baseline -0.002 -16"><span class='ocrx_word' id='word_1_444' title='bbox 2277 642 2438 712; x_wconf 82' lang='lat' dir='ltr'><strong><em>lapsis</em></strong></span> <span class='ocrx_word' id='word_1_445' title='bbox 2468 640 2536 694; x_wconf 81' lang='lat' dir='ltr'><strong><em>ad</em></strong></span> <span class='ocrx_word' id='word_1_446' title='bbox 2560 655 2734 696; x_wconf 84' lang='lat' dir='ltr'><strong><em>muros</em></strong></span> <span class='ocrx_word' id='word_1_447' title='bbox 2760 638 2903 694; x_wconf 78' lang='lat' dir='ltr'><strong><em>urbis</em></strong></span> <span class='ocrx_word' id='word_1_448' title='bbox 2931 638 3255 710; x_wconf 79' lang='lat' dir='ltr'><strong><em>reparandas</em></strong></span> <span class='ocrx_word' id='word_1_449' title='bbox 3282 647 3519 694; x_wconf 72' lang='lat' dir='ltr'><strong><em>utantur.</em></strong></span> 
     </span>
    </p>
   </div>
   <div class='ocr_carea' id='block_1_69' title="bbox 2172 748 3692 828">
    <p class='ocr_par' dir='ltr' id='par_1_69' title="bbox 2172 748 3692 828">
     <span class='ocr_line' id='line_1_69' title="bbox 2172 748 3692 828; baseline -0.001 -16"><span class='ocrx_word' id='word_1_450' title='bbox 2172 755 2435 828; x_wconf 87' lang='lat' dir='ltr'><strong><em>Optabilis</em></strong></span> <span class='ocrx_word' id='word_1_451' title='bbox 2462 754 2620 811; x_wconf 87' lang='lat' dir='ltr'><strong><em>nobis</em></strong></span> <span class='ocrx_word' id='word_1_452' title='bbox 2651 762 2735 811; x_wconf 90' lang='lat' dir='ltr'><strong><em>est</em></strong></span> <span class='ocrx_word' id='word_1_453' title='bbox 2761 760 2818 811; x_wconf 92' lang='lat' dir='ltr'><strong><em>et</em></strong></span> <span class='ocrx_word' id='word_1_454' title='bbox 2864 761 3015 825; x_wconf 86' lang='lat' dir='ltr'><strong><em>grata</em></strong></span> <span class='ocrx_word' id='word_1_455' title='bbox 3045 753 3297 823; x_wconf 87' lang='lat' dir='ltr'><strong><em>devotio,</em></strong></span> <span class='ocrx_word' id='word_1_456' title='bbox 3327 766 3447 823; x_wconf 84' lang='lat' dir='ltr'><strong><em>quae</em></strong></span> <span class='ocrx_word' id='word_1_457' title='bbox 3489 748 3692 811; x_wconf 89' lang='lat' dir='ltr'><strong><em>bonam</em></strong></span> 
     </span>
    </p>
   </div>
   <div class='ocr_carea' id='block_1_70' title="bbox 2102 847 3693 924">
    <p class='ocr_par' dir='ltr' id='par_1_70' title="bbox 2102 847 3693 924">
     <span class='ocr_line' id='line_1_70' title="bbox 2102 847 3693 924; baseline -0.004 -15"><span class='ocrx_word' id='word_1_458' title='bbox 2102 850 2439 924; x_wconf 80' lang='lat' dir='ltr'><strong><em>praecesserit</em></strong></span> <span class='ocrx_word' id='word_1_459' title='bbox 2454 849 2779 920; x_wconf 89' lang='lat' dir='ltr'><strong><em>iussionem;</em></strong></span> <span class='ocrx_word' id='word_1_460' title='bbox 2811 858 2865 905; x_wconf 91' lang='lat' dir='ltr'><strong><em>et</em></strong></span> <span class='ocrx_word' id='word_1_461' title='bbox 2890 848 3083 904; x_wconf 90' lang='lat' dir='ltr'><strong><em>merito</em></strong></span> <span class='ocrx_word' id='word_1_462' title='bbox 3112 854 3396 919; x_wconf 88' lang='lat' dir='ltr'><strong><em>acceptum</em></strong></span> <span class='ocrx_word' id='word_1_463' title='bbox 3420 847 3693 916; x_wconf 88' lang='lat' dir='ltr'><strong><em>redditur,</em></strong></span> 
     </span>
    </p>
   </div>
   <div class='ocr_carea' id='block_1_71' title="bbox 2104 938 3697 1012">
    <p class='ocr_par' dir='ltr' id='par_1_71' title="bbox 2104 938 3697 1012">
     <span class='ocr_line' id='line_1_71' title="bbox 2104 938 3697 1012; baseline -0.003 -11"><span class='ocrx_word' id='word_1_464' title='bbox 2104 945 2151 1002; x_wconf 88' lang='lat' dir='ltr'><strong><em>si</em></strong></span> <span class='ocrx_word' id='word_1_465' title='bbox 2199 943 2251 999; x_wconf 88' lang='lat' dir='ltr'><strong><em>id</em></strong></span> <span class='ocrx_word' id='word_1_466' title='bbox 2298 941 2443 1011; x_wconf 87' lang='lat' dir='ltr'><strong><em>quod</em></strong></span> <span class='ocrx_word' id='word_1_467' title='bbox 2483 956 2766 1012; x_wconf 89' lang='lat' dir='ltr'><strong><em>possumus</em></strong></span> <span class='ocrx_word' id='word_1_468' title='bbox 2807 939 3095 1012; x_wconf 84' lang='lat' dir='ltr'><strong><em>imperare,</em></strong></span> <span class='ocrx_word' id='word_1_469' title='bbox 3135 946 3411 1012; x_wconf 88' lang='lat' dir='ltr'><strong><em>poscatur.</em></strong></span> <span class='ocrx_word' id='word_1_470' title='bbox 3441 938 3697 996; x_wconf 86' lang='lat' dir='ltr'><strong><em>Felicitas</em></strong></span> 
     </span>
    </p>
   </div>
   <div class='ocr_carea' id='block_1_72' title="bbox 2106 1032 3696 1106">
    <p class='ocr_par' dir='ltr' id='par_1_72' title="bbox 2106 1032 3696 1106">
     <span class='ocr_line' id='line_1_72' title="bbox 2106 1032 3696 1106; baseline -0.002 -14"><span class='ocrx_word' id='word_1_471' title='bbox 2106 1036 2250 1093; x_wconf 88' lang='lat' dir='ltr'><strong><em>enim</em></strong></span> <span class='ocrx_word' id='word_1_472' title='bbox 2279 1037 2553 1106; x_wconf 83' lang='lat' dir='ltr'><strong><em>regnantis</em></strong></span> <span class='ocrx_word' id='word_1_473' title='bbox 2581 1042 2684 1103; x_wconf 90' lang='lat' dir='ltr'><strong><em>est,</em></strong></span> <span class='ocrx_word' id='word_1_474' title='bbox 2707 1035 3029 1091; x_wconf 74' lang='lat' dir='ltr'><strong><em>famulantes</em></strong></span> <span class='ocrx_word' id='word_1_475' title='bbox 3049 1048 3231 1090; x_wconf 89' lang='lat' dir='ltr'><strong><em>amare</em></strong></span> <span class='ocrx_word' id='word_1_476' title='bbox 3259 1032 3403 1105; x_wconf 89' lang='lat' dir='ltr'><strong><em>quod</em></strong></span> <span class='ocrx_word' id='word_1_477' title='bbox 3432 1032 3654 1105; x_wconf 85' lang='lat' dir='ltr'><strong><em>expedit</em></strong></span> <span class='ocrx_word' id='word_1_478' title='bbox 3679 1052 3696 1089; x_wconf 88' lang='lat'><strong>:</strong></span> 
     </span>
    </p>
   </div>
   <div class='ocr_carea' id='block_1_73' title="bbox 2106 1118 3701 1201">
    <p class='ocr_par' dir='ltr' id='par_1_73' title="bbox 2106 1118 3701 1201">
     <span class='ocr_line' id='line_1_73' title="bbox 2106 1118 3701 1201; baseline -0.003 -15"><span class='ocrx_word' id='word_1_479' title='bbox 2106 1128 2321 1201; x_wconf 83' lang='lat' dir='ltr'><strong><em>quando</em></strong></span> <span class='ocrx_word' id='word_1_480' title='bbox 2344 1130 2500 1185; x_wconf 90' lang='lat' dir='ltr'><strong><em>nobis</em></strong></span> <span class='ocrx_word' id='word_1_481' title='bbox 2528 1128 2682 1185; x_wconf 90' lang='lat' dir='ltr'><strong><em>labor</em></strong></span> <span class='ocrx_word' id='word_1_482' title='bbox 2724 1127 3069 1200; x_wconf 87' lang='lat' dir='ltr'><strong><em>cogitationis</em></strong></span> <span class='ocrx_word' id='word_1_483' title='bbox 3114 1124 3374 1194; x_wconf 80' lang='lat' dir='ltr'><strong><em>aufertur,</em></strong></span> <span class='ocrx_word' id='word_1_484' title='bbox 3406 1118 3536 1181; x_wconf 87' lang='lat' dir='ltr'><strong><em>dum</em></strong></span> <span class='ocrx_word' id='word_1_485' title='bbox 3566 1124 3701 1182; x_wconf 89' lang='lat' dir='ltr'><strong><em>sub-</em></strong></span> 
     </span>
    </p>
   </div>
   <div class='ocr_carea' id='block_1_74' title="bbox 2109 1217 3705 1295">
    <p class='ocr_par' dir='ltr' id='par_1_74' title="bbox 2109 1217 3705 1295">
     <span class='ocr_line' id='line_1_74' title="bbox 2109 1217 3705 1295; baseline -0.005 -16"><span class='ocrx_word' id='word_1_486' title='bbox 2109 1223 2208 1279; x_wconf 90' lang='lat' dir='ltr'><strong><em>diti</em></strong></span> <span class='ocrx_word' id='word_1_487' title='bbox 2234 1222 2334 1280; x_wconf 89' lang='lat' dir='ltr'><strong><em>sibi</em></strong></span> <span class='ocrx_word' id='word_1_488' title='bbox 2362 1221 2642 1295; x_wconf 79' lang='lat' dir='ltr'><strong><em>profutura</em></strong></span> <span class='ocrx_word' id='word_1_489' title='bbox 2671 1221 2983 1293; x_wconf 89' lang='lat' dir='ltr'><strong><em>disponunt.</em></strong></span> <span class='ocrx_word' id='word_1_490' title='bbox 3026 1218 3202 1288; x_wconf 88' lang='lat' dir='ltr'><strong><em>Atque</em></strong></span> <span class='ocrx_word' id='word_1_491' title='bbox 3247 1217 3368 1273; x_wconf 88' lang='lat' dir='ltr'><strong><em>ideo</em></strong></span> <span class='ocrx_word' id='word_1_492' title='bbox 3397 1218 3705 1286; x_wconf 81' lang='lat' dir='ltr'><strong><em>suggestio-</em></strong></span> 
     </span>
    </p>
   </div>
   <div class='ocr_carea' id='block_1_75' title="bbox 2110 1308 3705 1385">
    <p class='ocr_par' dir='ltr' id='par_1_75' title="bbox 2110 1308 3705 1385">
     <span class='ocr_line' id='line_1_75' title="bbox 2110 1308 3705 1385; baseline -0.006 -14"><span class='ocrx_word' id='word_1_493' title='bbox 2110 1316 2193 1372; x_wconf 91' lang='lat' dir='ltr'><strong><em>nis</em></strong></span> <span class='ocrx_word' id='word_1_494' title='bbox 2220 1323 2417 1371; x_wconf 63' lang='lat' dir='ltr'><strong><em>vestrm</em></strong></span> <span class='ocrx_word' id='word_1_495' title='bbox 2444 1322 2634 1372; x_wconf 91' lang='lat' dir='ltr'><strong><em>tenore</em></strong></span> <span class='ocrx_word' id='word_1_496' title='bbox 2668 1320 2971 1385; x_wconf 75' lang='lat' dir='ltr'><strong><em>Comperto,</em></strong></span> <span class='ocrx_word' id='word_1_497' title='bbox 3019 1325 3182 1381; x_wconf 90' lang='lat' dir='ltr'><strong><em>quam</em></strong></span> <span class='ocrx_word' id='word_1_498' title='bbox 3226 1310 3493 1367; x_wconf 88' lang='lat' dir='ltr'><strong><em>charitate</em></strong></span> <span class='ocrx_word' id='word_1_499' title='bbox 3531 1308 3705 1363; x_wconf 87' lang='lat' dir='ltr'><strong><em>civica</em></strong></span> 
     </span>
    </p>
   </div>
   <div class='ocr_carea' id='block_1_76' title="bbox 2110 1398 3705 1474">
    <p class='ocr_par' dir='ltr' id='par_1_76' title="bbox 2110 1398 3705 1474">
     <span class='ocr_line' id='line_1_76' title="bbox 2110 1398 3705 1474; baseline -0.006 -9"><span class='ocrx_word' id='word_1_500' title='bbox 2110 1410 2165 1465; x_wconf 91' lang='lat' dir='ltr'><strong><em>in</em></strong></span> <span class='ocrx_word' id='word_1_501' title='bbox 2213 1406 2639 1465; x_wconf 88' lang='lat' dir='ltr'><strong><em>communiendis</em></strong></span> <span class='ocrx_word' id='word_1_502' title='bbox 2691 1406 2959 1463; x_wconf 87' lang='lat' dir='ltr'><strong><em>moenibus</em></strong></span> <span class='ocrx_word' id='word_1_503' title='bbox 3001 1402 3347 1474; x_wconf 89' lang='lat' dir='ltr'><strong><em>suscepistis,</em></strong></span> <span class='ocrx_word' id='word_1_504' title='bbox 3397 1398 3705 1457; x_wconf 87' lang='lat' dir='ltr'><strong><em>absolutam</em></strong></span> 
     </span>
    </p>
   </div>
   <div class='ocr_carea' id='block_1_77' title="bbox 2111 1494 3707 1573">
    <p class='ocr_par' dir='ltr' id='par_1_77' title="bbox 2111 1494 3707 1573">
     <span class='ocr_line' id='line_1_77' title="bbox 2111 1494 3707 1573; baseline -0.004 -16"><span class='ocrx_word' id='word_1_505' title='bbox 2111 1500 2270 1573; x_wconf 87' lang='lat' dir='ltr'><strong><em>huius</em></strong></span> <span class='ocrx_word' id='word_1_506' title='bbox 2309 1502 2390 1558; x_wconf 90' lang='lat' dir='ltr'><strong><em>rei</em></strong></span> <span class='ocrx_word' id='word_1_507' title='bbox 2418 1500 2573 1557; x_wconf 88' lang='lat' dir='ltr'><strong><em>vobis</em></strong></span> <span class='ocrx_word' id='word_1_508' title='bbox 2602 1514 2885 1557; x_wconf 88' lang='lat' dir='ltr'><strong><em>censemus</em></strong></span> <span class='ocrx_word' id='word_1_509' title='bbox 2912 1513 3032 1555; x_wconf 90' lang='lat' dir='ltr'><strong><em>esse</em></strong></span> <span class='ocrx_word' id='word_1_510' title='bbox 3060 1497 3333 1553; x_wconf 88' lang='lat' dir='ltr'><strong><em>licentiam</em></strong></span> <span class='ocrx_word' id='word_1_511' title='bbox 3362 1514 3375 1550; x_wconf 91' lang='lat'>:</span> <span class='ocrx_word' id='word_1_512' title='bbox 3405 1512 3506 1552; x_wconf 90' lang='lat' dir='ltr'><strong><em>nec</em></strong></span> <span class='ocrx_word' id='word_1_513' title='bbox 3545 1494 3707 1565; x_wconf 89' lang='lat' dir='ltr'><strong><em>quid-</em></strong></span> 
     </span>
    </p>
   </div>
   <div class='ocr_carea' id='block_1_78' title="bbox 2111 1588 3705 1666">
    <p class='ocr_par' dir='ltr' id='par_1_78' title="bbox 2111 1588 3705 1666">
     <span class='ocr_line' id='line_1_78' title="bbox 2111 1588 3705 1666; baseline -0.007 -15"><span class='ocrx_word' id='word_1_514' title='bbox 2111 1610 2274 1666; x_wconf 90' lang='lat' dir='ltr'><strong><em>quam</em></strong></span> <span class='ocrx_word' id='word_1_515' title='bbox 2302 1591 2369 1649; x_wconf 91' lang='lat' dir='ltr'><strong><em>de</em></strong></span> <span class='ocrx_word' id='word_1_516' title='bbox 2390 1593 2491 1649; x_wconf 91' lang='lat' dir='ltr'><strong><em>hac</em></strong></span> <span class='ocrx_word' id='word_1_517' title='bbox 2517 1609 2580 1650; x_wconf 90' lang='lat' dir='ltr'><strong><em>re</em></strong></span> <span class='ocrx_word' id='word_1_518' title='bbox 2600 1590 2914 1656; x_wconf 88' lang='lat' dir='ltr'><strong><em>vereamini,</em></strong></span> <span class='ocrx_word' id='word_1_519' title='bbox 2948 1589 3091 1645; x_wconf 91' lang='lat' dir='ltr'><strong><em>unde</em></strong></span> <span class='ocrx_word' id='word_1_520' title='bbox 3138 1588 3323 1659; x_wconf 74' lang='lat' dir='ltr'><strong><em>gratim</em></strong></span> <span class='ocrx_word' id='word_1_521' title='bbox 3364 1595 3563 1643; x_wconf 69' lang='lat' dir='ltr'><strong><em>nostra:</em></strong></span> <span class='ocrx_word' id='word_1_522' title='bbox 3604 1602 3705 1641; x_wconf 81' lang='lat' dir='ltr'><strong><em>ex-</em></strong></span> 
     </span>
    </p>
   </div>
   <div class='ocr_carea' id='block_1_79' title="bbox 2038 1678 3707 1779">
    <p class='ocr_par' dir='ltr' id='par_1_79' title="bbox 2038 1678 3707 1779">
     <span class='ocr_line' id='line_1_79' title="bbox 2038 1678 3707 1779; baseline -0.007 -34"><span class='ocrx_word' id='word_1_523' title='bbox 2038 1716 2087 1779; x_wconf 79' lang='lat' dir='ltr'><strong>B</strong></span> <span class='ocrx_word' id='word_1_524' title='bbox 2111 1696 2360 1760; x_wconf 86' lang='lat' dir='ltr'><strong><em>spectare</em></strong></span> <span class='ocrx_word' id='word_1_525' title='bbox 2387 1687 2604 1759; x_wconf 88' lang='lat' dir='ltr'><strong><em>praemia</em></strong></span> <span class='ocrx_word' id='word_1_526' title='bbox 2651 1701 2779 1741; x_wconf 85' lang='lat' dir='ltr'><strong><em>mox</em></strong></span> <span class='ocrx_word' id='word_1_527' title='bbox 2807 1683 3033 1741; x_wconf 91' lang='lat' dir='ltr'><strong><em>debetis.</em></strong></span> <span class='ocrx_word' id='word_1_528' title='bbox 3065 1678 3258 1739; x_wconf 75' lang='lat' dir='ltr'><strong><em>Vestra</em></strong></span> <span class='ocrx_word' id='word_1_529' title='bbox 3292 1680 3433 1737; x_wconf 91' lang='lat' dir='ltr'><strong><em>enim</em></strong></span> <span class='ocrx_word' id='word_1_530' title='bbox 3476 1679 3707 1735; x_wconf 88' lang='lat' dir='ltr'><strong><em>munitio</em></strong></span> 
     </span>
    </p>
   </div>
   <div class='ocr_carea' id='block_1_80' title="bbox 2115 1769 3707 1842">
    <p class='ocr_par' dir='ltr' id='par_1_80' title="bbox 2115 1769 3707 1842">
     <span class='ocr_line' id='line_1_80' title="bbox 2115 1769 3707 1842; baseline -0.009 -4"><span class='ocrx_word' id='word_1_531' title='bbox 2115 1788 2302 1838; x_wconf 89' lang='lat' dir='ltr'><strong><em>nostra</em></strong></span> <span class='ocrx_word' id='word_1_532' title='bbox 2334 1786 2417 1835; x_wconf 90' lang='lat' dir='ltr'><strong><em>est</em></strong></span> <span class='ocrx_word' id='word_1_533' title='bbox 2439 1777 2783 1835; x_wconf 91' lang='lat' dir='ltr'><strong><em>nihilominus</em></strong></span> <span class='ocrx_word' id='word_1_534' title='bbox 2812 1773 3107 1842; x_wconf 86' lang='lat' dir='ltr'><strong><em>fortitudo;</em></strong></span> <span class='ocrx_word' id='word_1_535' title='bbox 3140 1779 3196 1828; x_wconf 89' lang='lat' dir='ltr'><strong><em>et</em></strong></span> <span class='ocrx_word' id='word_1_536' title='bbox 3225 1770 3481 1842; x_wconf 85' lang='lat' dir='ltr'><strong><em>quidquid</em></strong></span> <span class='ocrx_word' id='word_1_537' title='bbox 3511 1785 3603 1825; x_wconf 87' lang='lat' dir='ltr'><strong><em>vos</em></strong></span> <span class='ocrx_word' id='word_1_538' title='bbox 3633 1769 3707 1824; x_wconf 89' lang='lat' dir='ltr'><strong><em>ab</em></strong></span> 
     </span>
    </p>
   </div>
   <div class='ocr_carea' id='block_1_81' title="bbox 2114 1860 3705 1942">
    <p class='ocr_par' dir='ltr' id='par_1_81' title="bbox 2114 1860 3705 1942">
     <span class='ocr_line' id='line_1_81' title="bbox 2114 1860 3705 1942; baseline -0.01 -12"><span class='ocrx_word' id='word_1_539' title='bbox 2114 1874 2323 1930; x_wconf 89' lang='lat' dir='ltr'><strong><em>incerto</em></strong></span> <span class='ocrx_word' id='word_1_540' title='bbox 2364 1870 2545 1942; x_wconf 90' lang='lat' dir='ltr'><strong><em>eripit,</em></strong></span> <span class='ocrx_word' id='word_1_541' title='bbox 2584 1866 2780 1924; x_wconf 85' lang='lat' dir='ltr'><strong><em>famam</em></strong></span> <span class='ocrx_word' id='word_1_542' title='bbox 2825 1874 3025 1922; x_wconf 64' lang='lat' dir='ltr'><strong><em>nostrm</em></strong></span> <span class='ocrx_word' id='word_1_543' title='bbox 3067 1864 3399 1921; x_wconf 84' lang='lat' dir='ltr'><strong><em>defensionis</em></strong></span> <span class='ocrx_word' id='word_1_544' title='bbox 3442 1860 3705 1918; x_wconf 88' lang='lat' dir='ltr'><strong><em>extendit.</em></strong></span> 
     </span>
    </p>
   </div>
   <div class='ocr_carea' id='block_1_82' title="bbox 2114 1950 3710 2033">
    <p class='ocr_par' dir='ltr' id='par_1_82' title="bbox 2114 1950 3710 2033">
     <span class='ocr_line' id='line_1_82' title="bbox 2114 1950 3710 2033; baseline -0.011 -12"><span class='ocrx_word' id='word_1_545' title='bbox 2114 1964 2257 2021; x_wconf 85' lang='lat' dir='ltr'><strong><em>Saxa</em></strong></span> <span class='ocrx_word' id='word_1_546' title='bbox 2300 1977 2450 2033; x_wconf 89' lang='lat' dir='ltr'><strong><em>ergo,</em></strong></span> <span class='ocrx_word' id='word_1_547' title='bbox 2500 1976 2618 2031; x_wconf 62' lang='lat' dir='ltr'><strong><em>quae</em></strong></span> <span class='ocrx_word' id='word_1_548' title='bbox 2664 1957 2948 2029; x_wconf 86' lang='lat' dir='ltr'><strong><em>suggeritis</em></strong></span> <span class='ocrx_word' id='word_1_549' title='bbox 2986 1956 3055 2013; x_wconf 91' lang='lat' dir='ltr'><strong><em>de</em></strong></span> <span class='ocrx_word' id='word_1_550' title='bbox 3096 1954 3497 2026; x_wconf 89' lang='lat' dir='ltr'><strong><em>amphitheatro</em></strong></span> <span class='ocrx_word' id='word_1_551' title='bbox 3548 1950 3710 2020; x_wconf 83' lang='lat' dir='ltr'><strong><em>longa</em></strong></span> 
     </span>
    </p>
   </div>
   <div class='ocr_carea' id='block_1_83' title="bbox 2115 2042 3713 2125">
    <p class='ocr_par' dir='ltr' id='par_1_83' title="bbox 2115 2042 3713 2125">
     <span class='ocr_line' id='line_1_83' title="bbox 2115 2042 3713 2125; baseline -0.012 -9"><span class='ocrx_word' id='word_1_552' title='bbox 2115 2063 2384 2116; x_wconf 88' lang='lat' dir='ltr'><strong><em>vetustate</em></strong></span> <span class='ocrx_word' id='word_1_553' title='bbox 2412 2054 2671 2125; x_wconf 90' lang='lat' dir='ltr'><strong><em>collapsa,</em></strong></span> <span class='ocrx_word' id='word_1_554' title='bbox 2695 2067 2799 2109; x_wconf 89' lang='lat' dir='ltr'><strong><em>nec</em></strong></span> <span class='ocrx_word' id='word_1_555' title='bbox 2844 2048 3046 2121; x_wconf 88' lang='lat' dir='ltr'><strong><em>aliquid</em></strong></span> <span class='ocrx_word' id='word_1_556' title='bbox 3083 2046 3296 2105; x_wconf 81' lang='lat' dir='ltr'><strong><em>Ornatui</em></strong></span> <span class='ocrx_word' id='word_1_557' title='bbox 3335 2043 3555 2117; x_wconf 89' lang='lat' dir='ltr'><strong><em>publico</em></strong></span> <span class='ocrx_word' id='word_1_558' title='bbox 3597 2042 3713 2113; x_wconf 86' lang='lat' dir='ltr'><strong><em>iam</em></strong></span> 
     </span>
    </p>
   </div>
   <div class='ocr_carea' id='block_1_84' title="bbox 2117 2134 3714 2226">
    <p class='ocr_par' dir='ltr' id='par_1_84' title="bbox 2117 2134 3714 2226">
     <span class='ocr_line' id='line_1_84' title="bbox 2117 2134 3714 2226; baseline -0.013 -17"><span class='ocrx_word' id='word_1_559' title='bbox 2117 2151 2400 2226; x_wconf 89' lang='lat' dir='ltr'><strong><em>prodesse,</em></strong></span> <span class='ocrx_word' id='word_1_560' title='bbox 2442 2147 2545 2205; x_wconf 88' lang='lat' dir='ltr'><strong><em>nisi</em></strong></span> <span class='ocrx_word' id='word_1_561' title='bbox 2574 2146 2719 2203; x_wconf 88' lang='lat' dir='ltr'><strong><em>solas</em></strong></span> <span class='ocrx_word' id='word_1_562' title='bbox 2759 2150 2945 2216; x_wconf 90' lang='lat' dir='ltr'><strong><em>turpes</em></strong></span> <span class='ocrx_word' id='word_1_563' title='bbox 2992 2143 3177 2199; x_wconf 86' lang='lat' dir='ltr'><strong><em>ruinas</em></strong></span> <span class='ocrx_word' id='word_1_564' title='bbox 3202 2137 3513 2205; x_wconf 87' lang='lat' dir='ltr'><strong><em>ostendere,</em></strong></span> <span class='ocrx_word' id='word_1_565' title='bbox 3545 2134 3714 2192; x_wconf 84' lang='lat' dir='ltr'><strong><em>licen-</em></strong></span> 
     </span>
    </p>
   </div>
   <div class='ocr_carea' id='block_1_85' title="bbox 2117 2226 3712 2305">
    <p class='ocr_par' dir='ltr' id='par_1_85' title="bbox 2117 2226 3712 2305">
     <span class='ocr_line' id='line_1_85' title="bbox 2117 2226 3712 2305; baseline -0.014 -1"><span class='ocrx_word' id='word_1_566' title='bbox 2117 2247 2249 2304; x_wconf 90' lang='lat' dir='ltr'><strong><em>tiam</em></strong></span> <span class='ocrx_word' id='word_1_567' title='bbox 2279 2243 2435 2301; x_wconf 90' lang='lat' dir='ltr'><strong><em>vobis</em></strong></span> <span class='ocrx_word' id='word_1_568' title='bbox 2463 2255 2652 2298; x_wconf 91' lang='lat' dir='ltr'><strong><em>eorum</em></strong></span> <span class='ocrx_word' id='word_1_569' title='bbox 2679 2239 2732 2295; x_wconf 93' lang='lat' dir='ltr'><strong><em>in</em></strong></span> <span class='ocrx_word' id='word_1_570' title='bbox 2765 2253 2891 2295; x_wconf 91' lang='lat' dir='ltr'><strong><em>usus</em></strong></span> <span class='ocrx_word' id='word_1_571' title='bbox 2920 2235 3181 2292; x_wconf 82' lang='lat' dir='ltr'><strong><em>duntaxat</em></strong></span> <span class='ocrx_word' id='word_1_572' title='bbox 3208 2230 3455 2305; x_wconf 89' lang='lat' dir='ltr'><strong><em>publicos</em></strong></span> <span class='ocrx_word' id='word_1_573' title='bbox 3483 2226 3712 2293; x_wconf 86' lang='lat' dir='ltr'><strong><em>damus;</em></strong></span> 
     </span>
    </p>
   </div>
   <div class='ocr_carea' id='block_1_86' title="bbox 2118 2327 3715 2402">
    <p class='ocr_par' dir='ltr' id='par_1_86' title="bbox 2118 2327 3715 2402">
     <span class='ocr_line' id='line_1_86' title="bbox 2118 2327 3715 2402; baseline -0.014 -4"><span class='ocrx_word' id='word_1_574' title='bbox 2118 2349 2180 2399; x_wconf 90' lang='lat' dir='ltr'><strong><em>ut</em></strong></span> <span class='ocrx_word' id='word_1_575' title='bbox 2206 2341 2262 2396; x_wconf 92' lang='lat' dir='ltr'><strong><em>in</em></strong></span> <span class='ocrx_word' id='word_1_576' title='bbox 2290 2350 2570 2395; x_wconf 90' lang='lat' dir='ltr'><strong><em>murorum</em></strong></span> <span class='ocrx_word' id='word_1_577' title='bbox 2599 2333 2789 2390; x_wconf 85' lang='lat' dir='ltr'><strong><em>faciem</em></strong></span> <span class='ocrx_word' id='word_1_578' title='bbox 2812 2336 3016 2402; x_wconf 85' lang='lat' dir='ltr'><strong><em>surgat,</em></strong></span> <span class='ocrx_word' id='word_1_579' title='bbox 3052 2327 3198 2400; x_wconf 90' lang='lat' dir='ltr'><strong><em>quod</em></strong></span> <span class='ocrx_word' id='word_1_580' title='bbox 3237 2341 3345 2382; x_wconf 92' lang='lat' dir='ltr'><strong><em>non</em></strong></span> <span class='ocrx_word' id='word_1_581' title='bbox 3376 2330 3562 2397; x_wconf 88' lang='lat' dir='ltr'><strong><em>potest</em></strong></span> <span class='ocrx_word' id='word_1_582' title='bbox 3588 2336 3715 2393; x_wconf 87' lang='lat' dir='ltr'><strong><em>pro-</em></strong></span> 
     </span>
    </p>
   </div>
   <div class='ocr_carea' id='block_1_87' title="bbox 2120 2414 3717 2503">
    <p class='ocr_par' dir='ltr' id='par_1_87' title="bbox 2120 2414 3717 2503">
     <span class='ocr_line' id='line_1_87' title="bbox 2120 2414 3717 2503; baseline -0.014 -12"><span class='ocrx_word' id='word_1_583' title='bbox 2120 2433 2298 2503; x_wconf 90' lang='lat' dir='ltr'><strong><em>desse,</em></strong></span> <span class='ocrx_word' id='word_1_584' title='bbox 2327 2431 2374 2489; x_wconf 89' lang='lat' dir='ltr'><strong><em>si</em></strong></span> <span class='ocrx_word' id='word_1_585' title='bbox 2399 2428 2595 2501; x_wconf 90' lang='lat' dir='ltr'><strong><em>iaceat.</em></strong></span> <span class='ocrx_word' id='word_1_586' title='bbox 2628 2425 2891 2494; x_wconf 82' lang='lat' dir='ltr'><strong><em>Quocirca</em></strong></span> <span class='ocrx_word' id='word_1_587' title='bbox 2914 2422 3156 2495; x_wconf 88' lang='lat' dir='ltr'><strong><em>perﬁcite</em></strong></span> <span class='ocrx_word' id='word_1_588' title='bbox 3194 2418 3535 2477; x_wconf 87' lang='lat' dir='ltr'><strong><em>conﬁdenter</em></strong></span> <span class='ocrx_word' id='word_1_589' title='bbox 3562 2414 3717 2488; x_wconf 86' lang='lat' dir='ltr'><strong><em>quid-</em></strong></span> 
     </span>
    </p>
   </div>
   <div class='ocr_carea' id='block_1_88' title="bbox 2120 2508 3720 2601">
    <p class='ocr_par' dir='ltr' id='par_1_88' title="bbox 2120 2508 3720 2601">
     <span class='ocr_line' id='line_1_88' title="bbox 2120 2508 3720 2601; baseline -0.013 -16"><span class='ocrx_word' id='word_1_590' title='bbox 2120 2526 2252 2601; x_wconf 90' lang='lat' dir='ltr'><strong><em>quid</em></strong></span> <span class='ocrx_word' id='word_1_591' title='bbox 2281 2523 2460 2582; x_wconf 87' lang='lat' dir='ltr'><strong><em>cautio</em></strong></span> <span class='ocrx_word' id='word_1_592' title='bbox 2500 2522 2565 2578; x_wconf 88' lang='lat' dir='ltr'><strong><em>ad</em></strong></span> <span class='ocrx_word' id='word_1_593' title='bbox 2611 2520 2909 2585; x_wconf 89' lang='lat' dir='ltr'><strong><em>munimen,</em></strong></span> <span class='ocrx_word' id='word_1_594' title='bbox 2942 2512 3201 2589; x_wconf 87' lang='lat' dir='ltr'><strong><em>quidquid</em></strong></span> <span class='ocrx_word' id='word_1_595' title='bbox 3246 2522 3473 2570; x_wconf 90' lang='lat' dir='ltr'><strong><em>ornatus</em></strong></span> <span class='ocrx_word' id='word_1_596' title='bbox 3514 2508 3720 2581; x_wconf 82' lang='lat' dir='ltr'><strong><em>expetit</em></strong></span> 
     </span>
    </p>
   </div>
   <div class='ocr_carea' id='block_1_89' title="bbox 2122 2599 3719 2678">
    <p class='ocr_par' dir='ltr' id='par_1_89' title="bbox 2122 2599 3719 2678">
     <span class='ocr_line' id='line_1_89' title="bbox 2122 2599 3719 2678; baseline -0.012 -3"><span class='ocrx_word' id='word_1_597' title='bbox 2122 2599 2192 2675; x_wconf 82' lang='lat' dir='ltr'><strong><em>ad</em></strong></span> <span class='ocrx_word' id='word_1_598' title='bbox 2217 2616 2471 2674; x_wconf 90' lang='lat' dir='ltr'><strong><em>decorem</em></strong></span> <span class='ocrx_word' id='word_1_599' title='bbox 2496 2632 2509 2669; x_wconf 88' lang='lat'><strong>:</strong></span> <span class='ocrx_word' id='word_1_600' title='bbox 2540 2618 2751 2669; x_wconf 90' lang='lat' dir='ltr'><strong><em>tantum</em></strong></span> <span class='ocrx_word' id='word_1_601' title='bbox 2779 2610 2937 2667; x_wconf 90' lang='lat' dir='ltr'><strong><em>nobis</em></strong></span> <span class='ocrx_word' id='word_1_602' title='bbox 2959 2607 3147 2665; x_wconf 89' lang='lat' dir='ltr'><strong><em>scituri</em></strong></span> <span class='ocrx_word' id='word_1_603' title='bbox 3166 2615 3382 2678; x_wconf 86' lang='lat' dir='ltr'><strong><em>gratum</em></strong></span> <span class='ocrx_word' id='word_1_604' title='bbox 3409 2603 3552 2671; x_wconf 82' lang='lat' dir='ltr'><strong><em>fore,</em></strong></span> <span class='ocrx_word' id='word_1_605' title='bbox 3574 2599 3719 2673; x_wconf 89' lang='lat' dir='ltr'><strong><em>quod</em></strong></span> 
     </span>
    </p>
   </div>
   <div class='ocr_carea' id='block_1_90' title="bbox 2122 2694 3720 2781">
    <p class='ocr_par' dir='ltr' id='par_1_90' title="bbox 2122 2694 3720 2781">
     <span class='ocr_line' id='line_1_90' title="bbox 2122 2694 3720 2781; baseline -0.009 -13"><span class='ocrx_word' id='word_1_606' title='bbox 2122 2711 2318 2781; x_wconf 84' lang='lat' dir='ltr'><strong><em>facitis,</em></strong></span> <span class='ocrx_word' id='word_1_607' title='bbox 2365 2716 2628 2781; x_wconf 89' lang='lat' dir='ltr'><strong><em>quantum</em></strong></span> <span class='ocrx_word' id='word_1_608' title='bbox 2672 2705 2868 2765; x_wconf 81' lang='lat' dir='ltr'><strong><em>exinde</em></strong></span> <span class='ocrx_word' id='word_1_609' title='bbox 2918 2703 3090 2776; x_wconf 88' lang='lat' dir='ltr'><strong><em>gratia</em></strong></span> <span class='ocrx_word' id='word_1_610' title='bbox 3137 2716 3198 2761; x_wconf 90' lang='lat' dir='ltr'><strong><em>se</em></strong></span> <span class='ocrx_word' id='word_1_611' title='bbox 3231 2708 3429 2758; x_wconf 85' lang='lat' dir='ltr'><strong><em>vestrae</em></strong></span> <span class='ocrx_word' id='word_1_612' title='bbox 3485 2694 3720 2755; x_wconf 86' lang='lat' dir='ltr'><strong><em>civitatis</em></strong></span> 
     </span>
    </p>
   </div>
   <div class='ocr_carea' id='block_1_91' title="bbox 2124 2804 2398 2864">
    <p class='ocr_par' dir='ltr' id='par_1_91' title="bbox 2124 2804 2398 2864">
     <span class='ocr_line' id='line_1_91' title="bbox 2124 2804 2398 2864; baseline -0.015 0"><span class='ocrx_word' id='word_1_613' title='bbox 2124 2804 2398 2864; x_wconf 80' lang='lat' dir='ltr'><strong><em>extulerit.</em></strong></span> 
     </span>
    </p>
   </div>
   <div class='ocr_carea' id='block_1_92' title="bbox 2716 2910 3150 2974">
    <p class='ocr_par' dir='ltr' id='par_1_92' title="bbox 2716 2910 3150 2974">
     <span class='ocr_line' id='line_1_92' title="bbox 2716 2910 3150 2974; baseline -0.012 -2"><span class='ocrx_word' id='word_1_614' title='bbox 2716 2910 3049 2974; x_wconf 79' lang='lat' dir='ltr'><strong><em>EPISTOLA</em></strong></span> <span class='ocrx_word' id='word_1_615' title='bbox 3086 2910 3150 2968; x_wconf 91' lang='lat' dir='ltr'><strong><em>L.</em></strong></span> 
     </span>
    </p>
   </div>
   <div class='ocr_carea' id='block_1_93' title="bbox 2306 3016 3543 3072">
    <p class='ocr_par' dir='ltr' id='par_1_93' title="bbox 2306 3016 3543 3072">
     <span class='ocr_line' id='line_1_93' title="bbox 2306 3016 3543 3072; baseline -0.012 -1"><span class='ocrx_word' id='word_1_616' title='bbox 2306 3016 2734 3072; x_wconf 65' lang='lat' dir='ltr'><strong><em>rnovmcisuaus</em></strong></span> <span class='ocrx_word' id='word_1_617' title='bbox 2768 3023 2972 3066; x_wconf 69' lang='lat' dir='ltr'><strong><em>nomen</em></strong></span> <span class='ocrx_word' id='word_1_618' title='bbox 3011 3016 3375 3062; x_wconf 78' lang='lat' dir='ltr'><strong><em>rasonomcns</em></strong></span> <span class='ocrx_word' id='word_1_619' title='bbox 3411 3016 3543 3059; x_wconf 77' lang='lat' dir='ltr'><strong><em>an.</em></strong></span> 
     </span>
    </p>
   </div>
   <div class='ocr_carea' id='block_1_94' title="bbox 2131 3096 3727 3170">
    <p class='ocr_par' dir='ltr' id='par_1_94' title="bbox 2131 3096 3727 3170">
     <span class='ocr_line' id='line_1_94' title="bbox 2131 3096 3727 3170; baseline -0.011 -1"><span class='ocrx_word' id='word_1_620' title='bbox 2131 3112 2377 3170; x_wconf 82' lang='lat' dir='ltr'><strong><em>Decernit</em></strong></span> <span class='ocrx_word' id='word_1_621' title='bbox 2400 3117 2458 3163; x_wconf 86' lang='lat' dir='ltr'><strong><em>ut</em></strong></span> <span class='ocrx_word' id='word_1_622' title='bbox 2487 3109 2895 3163; x_wconf 74' lang='lat' dir='ltr'><strong><em>Alemannorum</em></strong></span> <span class='ocrx_word' id='word_1_623' title='bbox 2929 3102 3076 3158; x_wconf 80' lang='lat' dir='ltr'><strong><em>boves</em></strong></span> <span class='ocrx_word' id='word_1_624' title='bbox 3104 3098 3306 3170; x_wconf 76' lang='lat' dir='ltr'><strong><em>itineris</em></strong></span> <span class='ocrx_word' id='word_1_625' title='bbox 3344 3096 3727 3170; x_wconf 61' lang='lat' dir='ltr'><strong><em>tormina-titan</em></strong></span> 
     </span>
    </p>
   </div>
   <div class='ocr_carea' id='block_1_95' title="bbox 2206 3168 3725 3257">
    <p class='ocr_par' dir='ltr' id='par_1_95' title="bbox 2206 3168 3725 3257">
     <span class='ocr_line' id='line_1_95' title="bbox 2206 3168 3725 3257; baseline -0.013 -17"><span class='ocrx_word' id='word_1_626' title='bbox 2206 3185 2313 3257; x_wconf 80' lang='lat'><strong><em>56</em></strong></span> <span class='ocrx_word' id='word_1_627' title='bbox 2354 3191 2404 3238; x_wconf 84' lang='lat' dir='ltr'><strong><em>et</em></strong></span> <span class='ocrx_word' id='word_1_628' title='bbox 2452 3180 2628 3237; x_wconf 79' lang='lat' dir='ltr'><strong><em>labore</em></strong></span> <span class='ocrx_word' id='word_1_629' title='bbox 2671 3178 2844 3250; x_wconf 75' lang='lat' dir='ltr'><strong><em>fracti,</em></strong></span> <span class='ocrx_word' id='word_1_630' title='bbox 2878 3172 3195 3230; x_wconf 83' lang='lat' dir='ltr'><strong><em>Noricorum</em></strong></span> <span class='ocrx_word' id='word_1_631' title='bbox 3244 3168 3451 3226; x_wconf 77' lang='lat' dir='ltr'><strong><em>bovibus</em></strong></span> <span class='ocrx_word' id='word_1_632' title='bbox 3499 3183 3725 3222; x_wconf 78' lang='lat' dir='ltr'><strong><em>commu-</em></strong></span> 
     </span>
    </p>
   </div>
   <div class='ocr_carea' id='block_1_96' title="bbox 2203 3264 2393 3311">
    <p class='ocr_par' dir='ltr' id='par_1_96' title="bbox 2203 3264 2393 3311">
     <span class='ocr_line' id='line_1_96' title="bbox 2203 3264 2393 3311; baseline -0.011 0"><span class='ocrx_word' id='word_1_633' title='bbox 2203 3264 2393 3311; x_wconf 83' lang='lat' dir='ltr'><strong><em>tentur.</em></strong></span> 
     </span>
    </p>
   </div>
   <div class='ocr_carea' id='block_1_97' title="bbox 2203 3328 3726 3412">
    <p class='ocr_par' dir='ltr' id='par_1_97' title="bbox 2203 3328 3726 3412">
     <span class='ocr_line' id='line_1_97' title="bbox 2203 3328 3726 3412; baseline -0.011 -10"><span class='ocrx_word' id='word_1_634' title='bbox 2203 3345 2368 3402; x_wconf 88' lang='lat' dir='ltr'><strong><em>Grate</em></strong></span> <span class='ocrx_word' id='word_1_635' title='bbox 2393 3339 2735 3412; x_wconf 87' lang='lat' dir='ltr'><strong><em>suscipienda</em></strong></span> <span class='ocrx_word' id='word_1_636' title='bbox 2790 3345 2873 3395; x_wconf 85' lang='lat' dir='ltr'><strong><em>est</em></strong></span> <span class='ocrx_word' id='word_1_637' title='bbox 2900 3335 3204 3401; x_wconf 89' lang='lat' dir='ltr'><strong><em>ordinatio,</em></strong></span> <span class='ocrx_word' id='word_1_638' title='bbox 3236 3349 3357 3405; x_wconf 74' lang='lat' dir='ltr'><strong><em>qute</em></strong></span> <span class='ocrx_word' id='word_1_639' title='bbox 3399 3328 3621 3388; x_wconf 89' lang='lat' dir='ltr'><strong><em>dantem</em></strong></span> <span class='ocrx_word' id='word_1_640' title='bbox 3642 3328 3726 3402; x_wconf 87' lang='lat' dir='ltr'><strong><em>iu-</em></strong></span> 
     </span>
    </p>
   </div>
   <div class='ocr_carea' id='block_1_98' title="bbox 2132 3414 3723 3510">
    <p class='ocr_par' dir='ltr' id='par_1_98' title="bbox 2132 3414 3723 3510">
     <span class='ocr_line' id='line_1_98' title="bbox 2132 3414 3723 3510; baseline -0.011 -11"><span class='ocrx_word' id='word_1_641' title='bbox 2132 3449 2242 3510; x_wconf 89' lang='lat' dir='ltr'><strong><em>vat,</em></strong></span> <span class='ocrx_word' id='word_1_642' title='bbox 2274 3448 2330 3497; x_wconf 92' lang='lat' dir='ltr'><strong><em>et</em></strong></span> <span class='ocrx_word' id='word_1_643' title='bbox 2352 3438 2704 3510; x_wconf 90' lang='lat' dir='ltr'><strong><em>accipientem</em></strong></span> <span class='ocrx_word' id='word_1_644' title='bbox 2731 3451 2828 3508; x_wconf 89' lang='lat' dir='ltr'><strong><em>pro</em></strong></span> <span class='ocrx_word' id='word_1_645' title='bbox 2844 3432 3102 3506; x_wconf 88' lang='lat' dir='ltr'><strong><em>temporis</em></strong></span> <span class='ocrx_word' id='word_1_646' title='bbox 3119 3428 3448 3487; x_wconf 88' lang='lat' dir='ltr'><strong><em>necessitate</em></strong></span> <span class='ocrx_word' id='word_1_647' title='bbox 3464 3414 3723 3484; x_wconf 64' lang='lat' dir='ltr'><strong><em>laetiﬁcat.</em></strong></span> 
     </span>
    </p>
   </div>
   <div class='ocr_carea' id='block_1_99' title="bbox 2133 3516 3728 3605">
    <p class='ocr_par' dir='ltr' id='par_1_99' title="bbox 2133 3516 3728 3605">
     <span class='ocr_line' id='line_1_99' title="bbox 2133 3516 3728 3605; baseline -0.012 -12"><span class='ocrx_word' id='word_1_648' title='bbox 2133 3536 2265 3594; x_wconf 87' lang='lat' dir='ltr'><strong><em>Nam</em></strong></span> <span class='ocrx_word' id='word_1_649' title='bbox 2291 3534 2411 3604; x_wconf 88' lang='lat' dir='ltr'><strong><em>quis</em></strong></span> <span class='ocrx_word' id='word_1_650' title='bbox 2451 3539 2641 3605; x_wconf 89' lang='lat' dir='ltr'><strong><em>putare</em></strong></span> <span class='ocrx_word' id='word_1_651' title='bbox 2666 3529 2839 3602; x_wconf 87' lang='lat' dir='ltr'><strong><em>possit</em></strong></span> <span class='ocrx_word' id='word_1_652' title='bbox 2878 3542 3037 3594; x_wconf 92' lang='lat' dir='ltr'><strong><em>onus,</em></strong></span> <span class='ocrx_word' id='word_1_653' title='bbox 3068 3520 3159 3581; x_wconf 89' lang='lat' dir='ltr'><strong><em>ubi</em></strong></span> <span class='ocrx_word' id='word_1_654' title='bbox 3199 3522 3375 3593; x_wconf 91' lang='lat' dir='ltr'><strong><em>maius</em></strong></span> <span class='ocrx_word' id='word_1_655' title='bbox 3402 3529 3645 3577; x_wconf 88' lang='lat' dir='ltr'><strong><em>meretur</em></strong></span> <span class='ocrx_word' id='word_1_656' title='bbox 3671 3516 3728 3575; x_wconf 89' lang='lat' dir='ltr'><strong><em>in</em></strong></span> 
     </span>
    </p>
   </div>
   <div class='ocr_carea' id='block_1_100' title="bbox 2134 3606 3731 3691">
    <p class='ocr_par' dir='ltr' id='par_1_100' title="bbox 2134 3606 3731 3691">
     <span class='ocr_line' id='line_1_100' title="bbox 2134 3606 3731 3691; baseline -0.011 -8"><span class='ocrx_word' id='word_1_657' title='bbox 2134 3622 2560 3683; x_wconf 88' lang='lat' dir='ltr'><strong><em>commutatione</em></strong></span> <span class='ocrx_word' id='word_1_658' title='bbox 2581 3616 2994 3691; x_wconf 85' lang='lat' dir='ltr'><strong><em>compendium?</em></strong></span> <span class='ocrx_word' id='word_1_659' title='bbox 3016 3614 3085 3672; x_wconf 88' lang='lat' dir='ltr'><strong><em>Et</em></strong></span> <span class='ocrx_word' id='word_1_660' title='bbox 3110 3615 3234 3672; x_wconf 90' lang='lat' dir='ltr'><strong><em>ideo</em></strong></span> <span class='ocrx_word' id='word_1_661' title='bbox 3255 3612 3613 3685; x_wconf 70' lang='lat' dir='ltr'><strong><em>prtesentibus</em></strong></span> <span class='ocrx_word' id='word_1_662' title='bbox 3634 3606 3731 3667; x_wconf 81' lang='lat' dir='ltr'><strong><em>de-</em></strong></span> 
     </span>
    </p>
   </div>
   <div class='ocr_carea' id='block_1_101' title="bbox 2134 3701 3730 3781">
    <p class='ocr_par' dir='ltr' id='par_1_101' title="bbox 2134 3701 3730 3781">
     <span class='ocr_line' id='line_1_101' title="bbox 2134 3701 3730 3781; baseline -0.009 -8"><span class='ocrx_word' id='word_1_663' title='bbox 2134 3716 2403 3773; x_wconf 89' lang='lat' dir='ltr'><strong><em>cernimus</em></strong></span> <span class='ocrx_word' id='word_1_664' title='bbox 2448 3710 2775 3781; x_wconf 88' lang='lat' dir='ltr'><strong><em>constitutis,</em></strong></span> <span class='ocrx_word' id='word_1_665' title='bbox 2818 3718 2880 3766; x_wconf 91' lang='lat' dir='ltr'><strong><em>ut</em></strong></span> <span class='ocrx_word' id='word_1_666' title='bbox 2908 3709 3332 3764; x_wconf 89' lang='lat' dir='ltr'><strong><em>Alemannorum</em></strong></span> <span class='ocrx_word' id='word_1_667' title='bbox 3389 3705 3580 3772; x_wconf 89' lang='lat' dir='ltr'><strong><em>boves,</em></strong></span> <span class='ocrx_word' id='word_1_668' title='bbox 3636 3701 3730 3774; x_wconf 90' lang='lat' dir='ltr'><strong><em>qui</em></strong></span> 
     </span>
    </p>
   </div>
   <div class='ocr_carea' id='block_1_102' title="bbox 2134 3796 3733 3878">
    <p class='ocr_par' dir='ltr' id='par_1_102' title="bbox 2134 3796 3733 3878">
     <span class='ocr_line' id='line_1_102' title="bbox 2134 3796 3733 3878; baseline -0.009 -14"><span class='ocrx_word' id='word_1_669' title='bbox 2134 3806 2390 3864; x_wconf 90' lang='lat' dir='ltr'><strong><em>videntur</em></strong></span> <span class='ocrx_word' id='word_1_670' title='bbox 2416 3804 2770 3878; x_wconf 90' lang='lat' dir='ltr'><strong><em>pretiosiores</em></strong></span> <span class='ocrx_word' id='word_1_671' title='bbox 2810 3811 3035 3874; x_wconf 87' lang='lat' dir='ltr'><strong><em>propter</em></strong></span> <span class='ocrx_word' id='word_1_672' title='bbox 3069 3799 3313 3872; x_wconf 88' lang='lat' dir='ltr'><strong><em>corporis</em></strong></span> <span class='ocrx_word' id='word_1_673' title='bbox 3348 3796 3733 3869; x_wconf 86' lang='lat' dir='ltr'><strong><em>granditatem,</em></strong></span> 
     </span>
    </p>
   </div>
   <div class='ocr_carea' id='block_1_103' title="bbox 2134 3884 3731 3969">
    <p class='ocr_par' dir='ltr' id='par_1_103' title="bbox 2134 3884 3731 3969">
     <span class='ocr_line' id='line_1_103' title="bbox 2134 3884 3731 3969; baseline -0.01 -12"><span class='ocrx_word' id='word_1_674' title='bbox 2134 3899 2230 3957; x_wconf 90' lang='lat' dir='ltr'><strong><em>sed</em></strong></span> <span class='ocrx_word' id='word_1_675' title='bbox 2276 3896 2483 3954; x_wconf 90' lang='lat' dir='ltr'><strong><em>itineris</em></strong></span> <span class='ocrx_word' id='word_1_676' title='bbox 2522 3894 2917 3969; x_wconf 82' lang='lat' dir='ltr'><strong><em>longinquitate</em></strong></span> <span class='ocrx_word' id='word_1_677' title='bbox 2960 3891 3154 3949; x_wconf 81' lang='lat' dir='ltr'><strong><em>defecti</em></strong></span> <span class='ocrx_word' id='word_1_678' title='bbox 3203 3898 3349 3956; x_wconf 89' lang='lat' dir='ltr'><strong><em>sunt,</em></strong></span> <span class='ocrx_word' id='word_1_679' title='bbox 3393 3884 3731 3946; x_wconf 86' lang='lat' dir='ltr'><strong><em>commutari</em></strong></span> 
     </span>
    </p>
   </div>
   <div class='ocr_carea' id='block_1_104' title="bbox 2134 3978 3734 4057">
    <p class='ocr_par' dir='ltr' id='par_1_104' title="bbox 2134 3978 3734 4057">
     <span class='ocr_line' id='line_1_104' title="bbox 2134 3978 3734 4057; baseline -0.009 -8"><span class='ocrx_word' id='word_1_680' title='bbox 2134 3990 2419 4049; x_wconf 85' lang='lat' dir='ltr'><strong><em>vobiscum</em></strong></span> <span class='ocrx_word' id='word_1_681' title='bbox 2446 3988 2628 4057; x_wconf 87' lang='lat' dir='ltr'><strong><em>liceat,</em></strong></span> <span class='ocrx_word' id='word_1_682' title='bbox 2664 3986 2905 4043; x_wconf 89' lang='lat' dir='ltr'><strong><em>minores</em></strong></span> <span class='ocrx_word' id='word_1_683' title='bbox 2932 3982 3148 4055; x_wconf 89' lang='lat' dir='ltr'><strong><em>quidem</em></strong></span> <span class='ocrx_word' id='word_1_684' title='bbox 3176 3980 3452 4049; x_wconf 89' lang='lat' dir='ltr'><strong><em>membris,</em></strong></span> <span class='ocrx_word' id='word_1_685' title='bbox 3484 3978 3585 4036; x_wconf 87' lang='lat' dir='ltr'><strong><em>sed</em></strong></span> <span class='ocrx_word' id='word_1_686' title='bbox 3614 3978 3734 4036; x_wconf 78' lang='lat' dir='ltr'><strong><em>ido-</em></strong></span> 
     </span>
    </p>
   </div>
   <div class='ocr_carea' id='block_1_105' title="bbox 2136 4071 3736 4147">
    <p class='ocr_par' dir='ltr' id='par_1_105' title="bbox 2136 4071 3736 4147">
     <span class='ocr_line' id='line_1_105' title="bbox 2136 4071 3736 4147; baseline -0.008 -8"><span class='ocrx_word' id='word_1_687' title='bbox 2136 4100 2270 4142; x_wconf 90' lang='lat' dir='ltr'><strong><em>neos</em></strong></span> <span class='ocrx_word' id='word_1_688' title='bbox 2300 4081 2368 4138; x_wconf 91' lang='lat' dir='ltr'><strong><em>ad</em></strong></span> <span class='ocrx_word' id='word_1_689' title='bbox 2394 4081 2641 4147; x_wconf 89' lang='lat' dir='ltr'><strong><em>labores;</em></strong></span> <span class='ocrx_word' id='word_1_690' title='bbox 2673 4088 2734 4135; x_wconf 92' lang='lat' dir='ltr'><strong><em>ut</em></strong></span> <span class='ocrx_word' id='word_1_691' title='bbox 2779 4086 2834 4136; x_wconf 90' lang='lat' dir='ltr'><strong><em>et</em></strong></span> <span class='ocrx_word' id='word_1_692' title='bbox 2870 4076 3087 4134; x_wconf 88' lang='lat' dir='ltr'><strong><em>illorum</em></strong></span> <span class='ocrx_word' id='word_1_693' title='bbox 3133 4072 3396 4147; x_wconf 83' lang='lat' dir='ltr'><strong><em>proiectio</em></strong></span> <span class='ocrx_word' id='word_1_694' title='bbox 3425 4071 3736 4128; x_wconf 79' lang='lat' dir='ltr'><strong><em>sanioribus</em></strong></span> 
     </span>
    </p>
   </div>
   <div class='ocr_carea' id='block_1_106' title="bbox 2137 4164 3737 4242">
    <p class='ocr_par' dir='ltr' id='par_1_106' title="bbox 2137 4164 3737 4242">
     <span class='ocr_line' id='line_1_106' title="bbox 2137 4164 3737 4242; baseline -0.009 -10"><span class='ocrx_word' id='word_1_695' title='bbox 2137 4174 2456 4232; x_wconf 86' lang='lat' dir='ltr'><strong><em>animalibus</em></strong></span> <span class='ocrx_word' id='word_1_696' title='bbox 2496 4170 2803 4242; x_wconf 88' lang='lat' dir='ltr'><strong><em>adiuvetur,</em></strong></span> <span class='ocrx_word' id='word_1_697' title='bbox 2852 4179 2907 4227; x_wconf 90' lang='lat' dir='ltr'><strong><em>et</em></strong></span> <span class='ocrx_word' id='word_1_698' title='bbox 2929 4168 3094 4226; x_wconf 88' lang='lat' dir='ltr'><strong><em>vestri</em></strong></span> <span class='ocrx_word' id='word_1_699' title='bbox 3135 4168 3250 4238; x_wconf 84' lang='lat' dir='ltr'><strong><em>agri</em></strong></span> <span class='ocrx_word' id='word_1_700' title='bbox 3279 4164 3539 4222; x_wconf 87' lang='lat' dir='ltr'><strong><em>armentis</em></strong></span> <span class='ocrx_word' id='word_1_701' title='bbox 3567 4177 3737 4235; x_wconf 81' lang='lat' dir='ltr'><strong><em>gran-</em></strong></span> 
     </span>
    </p>
   </div>
   <div class='ocr_carea' id='block_1_107' title="bbox 2137 4256 3739 4329">
    <p class='ocr_par' dir='ltr' id='par_1_107' title="bbox 2137 4256 3739 4329">
     <span class='ocr_line' id='line_1_107' title="bbox 2137 4256 3739 4329; baseline -0.01 -1"><span class='ocrx_word' id='word_1_702' title='bbox 2137 4270 2378 4329; x_wconf 87' lang='lat' dir='ltr'><strong><em>dioribus</em></strong></span> <span class='ocrx_word' id='word_1_703' title='bbox 2408 4268 2765 4323; x_wconf 88' lang='lat' dir='ltr'><strong><em>instruantur.</em></strong></span> <span class='ocrx_word' id='word_1_704' title='bbox 2814 4262 2894 4319; x_wconf 89' lang='lat' dir='ltr'><strong><em>lta</em></strong></span> <span class='ocrx_word' id='word_1_705' title='bbox 2935 4262 2994 4318; x_wconf 87' lang='lat' dir='ltr'><strong><em>lit</em></strong></span> <span class='ocrx_word' id='word_1_706' title='bbox 3023 4270 3083 4317; x_wconf 90' lang='lat' dir='ltr'><strong><em>ut</em></strong></span> <span class='ocrx_word' id='word_1_707' title='bbox 3107 4260 3185 4317; x_wconf 91' lang='lat' dir='ltr'><strong><em>illi</em></strong></span> <span class='ocrx_word' id='word_1_708' title='bbox 3215 4259 3501 4329; x_wconf 76' lang='lat' dir='ltr'><strong><em>acquirunt</em></strong></span> <span class='ocrx_word' id='word_1_709' title='bbox 3528 4256 3739 4313; x_wconf 88' lang='lat' dir='ltr'><strong><em>viribus</em></strong></span> 
     </span>
    </p>
   </div>
   <div class='ocr_carea' id='block_1_108' title="bbox 2137 4348 3740 4428">
    <p class='ocr_par' dir='ltr' id='par_1_108' title="bbox 2137 4348 3740 4428">
     <span class='ocr_line' id='line_1_108' title="bbox 2137 4348 3740 4428; baseline -0.011 -7"><span class='ocrx_word' id='word_1_710' title='bbox 2137 4363 2410 4428; x_wconf 86' lang='lat' dir='ltr'><strong><em>robustos,</em></strong></span> <span class='ocrx_word' id='word_1_711' title='bbox 2434 4375 2533 4416; x_wconf 89' lang='lat' dir='ltr'><strong><em>vos</em></strong></span> <span class='ocrx_word' id='word_1_712' title='bbox 2575 4357 2749 4415; x_wconf 84' lang='lat' dir='ltr'><strong><em>forma</em></strong></span> <span class='ocrx_word' id='word_1_713' title='bbox 2791 4355 3147 4428; x_wconf 88' lang='lat' dir='ltr'><strong><em>conspicuos;</em></strong></span> <span class='ocrx_word' id='word_1_714' title='bbox 3179 4361 3235 4409; x_wconf 89' lang='lat' dir='ltr'><strong><em>et</em></strong></span> <span class='ocrx_word' id='word_1_715' title='bbox 3263 4351 3411 4423; x_wconf 90' lang='lat' dir='ltr'><strong><em>quod</em></strong></span> <span class='ocrx_word' id='word_1_716' title='bbox 3437 4366 3567 4406; x_wconf 89' lang='lat' dir='ltr'><strong><em>raro</em></strong></span> <span class='ocrx_word' id='word_1_717' title='bbox 3597 4348 3740 4406; x_wconf 86' lang='lat' dir='ltr'><strong><em>solet</em></strong></span> 
     </span>
    </p>
   </div>
   <div class='ocr_carea' id='block_1_109' title="bbox 2137 4439 3737 4522">
    <p class='ocr_par' dir='ltr' id='par_1_109' title="bbox 2137 4439 3737 4522">
     <span class='ocr_line' id='line_1_109' title="bbox 2137 4439 3737 4522; baseline -0.009 -11"><span class='ocrx_word' id='word_1_718' title='bbox 2137 4467 2438 4522; x_wconf 79' lang='lat' dir='ltr'><strong><em>emergere,</em></strong></span> <span class='ocrx_word' id='word_1_719' title='bbox 2461 4452 2516 4507; x_wconf 87' lang='lat' dir='ltr'><strong><em>in</em></strong></span> <span class='ocrx_word' id='word_1_720' title='bbox 2543 4466 2651 4506; x_wconf 88' lang='lat' dir='ltr'><strong><em>una</em></strong></span> <span class='ocrx_word' id='word_1_721' title='bbox 2677 4449 3011 4505; x_wconf 88' lang='lat' dir='ltr'><strong><em>mercatione</em></strong></span> <span class='ocrx_word' id='word_1_722' title='bbox 3046 4448 3264 4517; x_wconf 88' lang='lat' dir='ltr'><strong><em>utrique</em></strong></span> <span class='ocrx_word' id='word_1_723' title='bbox 3302 4441 3599 4502; x_wconf 82' lang='lat' dir='ltr'><strong><em>videamini</em></strong></span> <span class='ocrx_word' id='word_1_724' title='bbox 3643 4439 3737 4499; x_wconf 87' lang='lat' dir='ltr'><strong><em>de—</em></strong></span> 
     </span>
    </p>
   </div>
   <div class='ocr_carea' id='block_1_110' title="bbox 2138 4538 3083 4615">
    <p class='ocr_par' dir='ltr' id='par_1_110' title="bbox 2138 4538 3083 4615">
     <span class='ocr_line' id='line_1_110' title="bbox 2138 4538 3083 4615; baseline -0.012 -10"><span class='ocrx_word' id='word_1_725' title='bbox 2138 4547 2373 4605; x_wconf 88' lang='lat' dir='ltr'><strong><em>siderata</em></strong></span> <span class='ocrx_word' id='word_1_726' title='bbox 2406 4538 2727 4615; x_wconf 87' lang='lat' dir='ltr'><strong><em>compendia</em></strong></span> <span class='ocrx_word' id='word_1_727' title='bbox 2755 4540 3083 4614; x_wconf 90' lang='lat' dir='ltr'><strong><em>percepisse.</em></strong></span> 
     </span>
    </p>
   </div>
   <div class='ocr_carea' id='block_1_111' title="bbox 2700 4676 3155 4736">
    <p class='ocr_par' dir='ltr' id='par_1_111' title="bbox 2700 4676 3155 4736">
     <span class='ocr_line' id='line_1_111' title="bbox 2700 4676 3155 4736; baseline -0.002 -2"><span class='ocrx_word' id='word_1_728' title='bbox 2700 4677 3033 4736; x_wconf 82' lang='lat' dir='ltr'><strong><em>EPISTULA</em></strong></span> <span class='ocrx_word' id='word_1_729' title='bbox 3068 4676 3155 4733; x_wconf 90' lang='lat' dir='ltr'><strong><em>LI.</em></strong></span> 
     </span>
    </p>
   </div>
   <div class='ocr_carea' id='block_1_112' title="bbox 2218 4780 3651 4834">
    <p class='ocr_par' dir='ltr' id='par_1_112' title="bbox 2218 4780 3651 4834">
     <span class='ocr_line' id='line_1_112' title="bbox 2218 4780 3651 4834; baseline -0.01 0"><span class='ocrx_word' id='word_1_730' title='bbox 2218 4793 2421 4834; x_wconf 62' lang='grc' dir='ltr'><strong><em>Μυετο</em></strong></span> <span class='ocrx_word' id='word_1_731' title='bbox 2459 4790 2753 4832; x_wconf 65' lang='lat' dir='ltr'><strong><em>PREFECTO</em></strong></span> <span class='ocrx_word' id='word_1_732' title='bbox 2792 4788 3070 4829; x_wconf 67' lang='grc' dir='ltr'><strong><em>ΡΒᾸΞΤΟΒΙΟ</em></strong></span> <span class='ocrx_word' id='word_1_733' title='bbox 3110 4781 3478 4828; x_wconf 71' lang='lat' dir='ltr'><strong><em>THEODORICUS</em></strong></span> <span class='ocrx_word' id='word_1_734' title='bbox 3513 4780 3651 4822; x_wconf 71' lang='grc' dir='ltr'><strong><em>ω.</em></strong></span> 
     </span>
    </p>
   </div>
   <div class='ocr_carea' id='block_1_113' title="bbox 2136 4857 3738 4938">
    <p class='ocr_par' dir='ltr' id='par_1_113' title="bbox 2136 4857 3738 4938">
     <span class='ocr_line' id='line_1_113' title="bbox 2136 4857 3738 4938; baseline -0.009 -11"><span class='ocrx_word' id='word_1_735' title='bbox 2136 4871 2330 4928; x_wconf 85' lang='lat' dir='ltr'><strong><em>Scribit</em></strong></span> <span class='ocrx_word' id='word_1_736' title='bbox 2374 4869 2675 4924; x_wconf 82' lang='lat' dir='ltr'><strong><em>Thomatem</em></strong></span> <span class='ocrx_word' id='word_1_737' title='bbox 2720 4868 2961 4938; x_wconf 82' lang='lat' dir='ltr'><strong><em>aurigam</em></strong></span> <span class='ocrx_word' id='word_1_738' title='bbox 3006 4868 3297 4938; x_wconf 77' lang='lat' dir='ltr'><strong><em>frequenter</em></strong></span> <span class='ocrx_word' id='word_1_739' title='bbox 3326 4864 3382 4938; x_wconf 76' lang='lat' dir='ltr'><strong><em>in</em></strong></span> <span class='ocrx_word' id='word_1_740' title='bbox 3420 4857 3738 4933; x_wconf 73' lang='lat' dir='ltr'><strong><em>spectaculis</em></strong></span> 
     </span>
    </p>
   </div>
   <div class='ocr_carea' id='block_1_114' title="bbox 2203 4936 3736 5009">
    <p class='ocr_par' dir='ltr' id='par_1_114' title="bbox 2203 4936 3736 5009">
     <span class='ocr_line' id='line_1_114' title="bbox 2203 4936 3736 5009; baseline -0.008 -14"><span class='ocrx_word' id='word_1_741' title='bbox 2203 4944 2464 5005; x_wconf 82' lang='lat' dir='ltr'><strong><em>victorem,</em></strong></span> <span class='ocrx_word' id='word_1_742' title='bbox 2512 4940 2595 4993; x_wconf 87' lang='lat' dir='ltr'><strong><em>cui</em></strong></span> <span class='ocrx_word' id='word_1_743' title='bbox 2616 4939 2792 5009; x_wconf 84' lang='lat' dir='ltr'><strong><em>justas</em></strong></span> <span class='ocrx_word' id='word_1_744' title='bbox 2821 4936 3060 4992; x_wconf 75' lang='lat' dir='ltr'><strong><em>annonas</em></strong></span> <span class='ocrx_word' id='word_1_745' title='bbox 3090 4937 3310 5008; x_wconf 84' lang='lat' dir='ltr'><strong><em>largitus</em></strong></span> <span class='ocrx_word' id='word_1_746' title='bbox 3349 4936 3536 5009; x_wconf 69' lang='lat' dir='ltr'><strong><em>fuerat,</em></strong></span> <span class='ocrx_word' id='word_1_747' title='bbox 3580 4944 3736 5009; x_wconf 57' lang='lat' dir='ltr'><strong><em>men-</em></strong></span> 
     </span>
    </p>
   </div>
   <div class='ocr_carea' id='block_1_115' title="bbox 2210 5000 3739 5083">
    <p class='ocr_par' dir='ltr' id='par_1_115' title="bbox 2210 5000 3739 5083">
     <span class='ocr_line' id='line_1_115' title="bbox 2210 5000 3739 5083; baseline -0.007 -16"><span class='ocrx_word' id='word_1_748' title='bbox 2210 5022 2357 5083; x_wconf 80' lang='lat' dir='ltr'><strong><em>strua</em></strong></span> <span class='ocrx_word' id='word_1_749' title='bbox 2382 5000 2635 5083; x_wconf 60' lang='lat' dir='ltr'><strong><em>largitate</em></strong></span> <span class='ocrx_word' id='word_1_750' title='bbox 2664 5000 3306 5083; x_wconf 42' lang='lat' dir='ltr'><strong><em>essesolidandumftum</em></strong></span> <span class='ocrx_word' id='word_1_751' title='bbox 3333 5000 3397 5061; x_wconf 71' lang='lat' dir='ltr'><strong><em>de</em></strong></span> <span class='ocrx_word' id='word_1_752' title='bbox 3420 5000 3739 5075; x_wconf 58' lang='lat' dir='ltr'><strong><em>spectantia</em></strong></span> 
     </span>
    </p>
   </div>
   <div class='ocr_carea' id='block_1_116' title="bbox 2210 5079 3297 5154">
    <p class='ocr_par' dir='ltr' id='par_1_116' title="bbox 2210 5079 3297 5154">
     <span class='ocr_line' id='line_1_116' title="bbox 2210 5079 3297 5154; baseline -0.005 -16"><span class='ocrx_word' id='word_1_753' title='bbox 2210 5091 2261 5139; x_wconf 80' lang='lat' dir='ltr'><strong><em>et</em></strong></span> <span class='ocrx_word' id='word_1_754' title='bbox 2289 5079 2506 5154; x_wconf 76' lang='lat' dir='ltr'><strong><em>Auguin</em></strong></span> <span class='ocrx_word' id='word_1_755' title='bbox 2531 5083 2713 5152; x_wconf 85' lang='lat' dir='ltr'><strong><em>imper.</em></strong></span> <span class='ocrx_word' id='word_1_756' title='bbox 2747 5081 2884 5137; x_wconf 81' lang='lat' dir='ltr'><strong><em>circa</em></strong></span> <span class='ocrx_word' id='word_1_757' title='bbox 2916 5082 3030 5153; x_wconf 79' lang='lat' dir='ltr'><strong><em>fuse</em></strong></span> <span class='ocrx_word' id='word_1_758' title='bbox 3049 5079 3297 5151; x_wconf 77' lang='lat' dir='ltr'><strong><em>loquitur.</em></strong></span> 
     </span>
    </p>
   </div>
   <div class='ocr_carea' id='block_1_117' title="bbox 2210 5171 3743 5245">
    <p class='ocr_par' dir='ltr' id='par_1_117' title="bbox 2210 5171 3743 5245">
     <span class='ocr_line' id='line_1_117' title="bbox 2210 5171 3743 5245; baseline -0.005 -12"><span class='ocrx_word' id='word_1_759' title='bbox 2210 5177 2482 5245; x_wconf 87' lang='lat' dir='ltr'><strong><em>Quantum</em></strong></span> <span class='ocrx_word' id='word_1_760' title='bbox 2524 5172 2878 5233; x_wconf 87' lang='lat' dir='ltr'><strong><em>histrionibus</em></strong></span> <span class='ocrx_word' id='word_1_761' title='bbox 2905 5188 3032 5230; x_wconf 90' lang='lat' dir='ltr'><strong><em>rara</em></strong></span> <span class='ocrx_word' id='word_1_762' title='bbox 3060 5171 3368 5231; x_wconf 87' lang='lat' dir='ltr'><strong><em>constantia</em></strong></span> <span class='ocrx_word' id='word_1_763' title='bbox 3416 5172 3743 5227; x_wconf 61' lang='lat' dir='ltr'><strong><em>nouatum-</em></strong></span> 
     </span>
    </p>
   </div>
   <div class='ocr_carea' id='block_1_118' title="bbox 2138 5259 3738 5341">
    <p class='ocr_par' dir='ltr' id='par_1_118' title="bbox 2138 5259 3738 5341">
     <span class='ocr_line' id='line_1_118' title="bbox 2138 5259 3738 5341; baseline -0.007 -15"><span class='ocrx_word' id='word_1_764' title='bbox 2138 5283 2247 5341; x_wconf 90' lang='lat' dir='ltr'><strong><em>que</em></strong></span> <span class='ocrx_word' id='word_1_765' title='bbox 2272 5276 2481 5337; x_wconf 88' lang='lat' dir='ltr'><strong><em>votum,</em></strong></span> <span class='ocrx_word' id='word_1_766' title='bbox 2513 5274 2665 5324; x_wconf 85' lang='lat' dir='ltr'><strong><em>tanto</em></strong></span> <span class='ocrx_word' id='word_1_767' title='bbox 2713 5266 3003 5339; x_wconf 88' lang='lat' dir='ltr'><strong><em>pretiosior</em></strong></span> <span class='ocrx_word' id='word_1_768' title='bbox 3028 5272 3135 5337; x_wconf 88' lang='lat' dir='ltr'><strong><em>est,</em></strong></span> <span class='ocrx_word' id='word_1_769' title='bbox 3170 5278 3294 5322; x_wconf 87' lang='lat' dir='ltr'><strong><em>cum</em></strong></span> <span class='ocrx_word' id='word_1_770' title='bbox 3332 5263 3390 5319; x_wconf 85' lang='lat' dir='ltr'><strong><em>in</em></strong></span> <span class='ocrx_word' id='word_1_771' title='bbox 3415 5260 3495 5320; x_wconf 89' lang='lat' dir='ltr'><strong><em>eis</em></strong></span> <span class='ocrx_word' id='word_1_772' title='bbox 3522 5259 3738 5334; x_wconf 88' lang='lat' dir='ltr'><strong><em>proba-</em></strong></span> 
     </span>
    </p>
   </div>
   <div class='ocr_carea' id='block_1_119' title="bbox 2139 5348 3745 5421">
    <p class='ocr_par' dir='ltr' id='par_1_119' title="bbox 2139 5348 3745 5421">
     <span class='ocr_line' id='line_1_119' title="bbox 2139 5348 3745 5421; baseline -0.005 -2"><span class='ocrx_word' id='word_1_773' title='bbox 2139 5359 2263 5421; x_wconf 81' lang='lat' dir='ltr'><strong><em>bilis</em></strong></span> <span class='ocrx_word' id='word_1_774' title='bbox 2294 5366 2629 5421; x_wconf 85' lang='lat' dir='ltr'><strong><em>monstratur</em></strong></span> <span class='ocrx_word' id='word_1_775' title='bbox 2662 5357 2911 5420; x_wconf 72' lang='lat' dir='ltr'><strong><em>allectus.</em></strong></span> <span class='ocrx_word' id='word_1_776' title='bbox 2947 5354 3188 5417; x_wconf 84' lang='lat' dir='ltr'><strong><em>Charum</em></strong></span> <span class='ocrx_word' id='word_1_777' title='bbox 3214 5348 3486 5418; x_wconf 54' lang='lat' dir='ltr'><strong><em>est&#39;enim</em></strong></span> <span class='ocrx_word' id='word_1_778' title='bbox 3524 5349 3745 5413; x_wconf 76' lang='lat' dir='ltr'><strong><em>homini</em></strong></span> 
     </span>
    </p>
   </div>
   <div class='ocr_carea' id='block_1_120' title="bbox 2135 5566 3744 5641">
    <p class='ocr_par' dir='ltr' id='par_1_120' title="bbox 2135 5566 3744 5641">
     <span class='ocr_line' id='line_1_120' title="bbox 2135 5566 3744 5641; baseline -0.001 -15"><span class='ocrx_word' id='word_1_779' title='bbox 2135 5570 2287 5641; x_wconf 89' lang='lat' dir='ltr'><strong><em>iacit,</em></strong></span> <span class='ocrx_word' id='word_1_780' title='bbox 2317 5577 2729 5641; x_wconf 84' lang='lat' dir='ltr'><strong><em>etsupervaeuo</em></strong></span> <span class='ocrx_word' id='word_1_781' title='bbox 2756 5568 2943 5626; x_wconf 91' lang='lat' dir='ltr'><strong><em>labore</em></strong></span> <span class='ocrx_word' id='word_1_782' title='bbox 2984 5567 3235 5636; x_wconf 87' lang='lat' dir='ltr'><strong><em>lassatur,</em></strong></span> <span class='ocrx_word' id='word_1_783' title='bbox 3265 5575 3329 5641; x_wconf 86' lang='lat' dir='ltr'><strong><em>ut</em></strong></span> <span class='ocrx_word' id='word_1_784' title='bbox 3352 5566 3605 5641; x_wconf 77' lang='lat' dir='ltr'><strong><em>sulﬁeere</em></strong></span> <span class='ocrx_word' id='word_1_785' title='bbox 3636 5580 3744 5641; x_wconf 69' lang='lat' dir='ltr'><strong><em>ne-</em></strong></span> 
     </span>
    </p>
   </div>
   <div class='ocr_carea' id='block_1_121' title="bbox 2143 5638 3743 5712">
    <p class='ocr_par' dir='ltr' id='par_1_121' title="bbox 2143 5638 3743 5712">
     <span class='ocr_line' id='line_1_121' title="bbox 2143 5638 3743 5712; baseline -0.003 -14"><span class='ocrx_word' id='word_1_786' title='bbox 2143 5638 2379 5699; x_wconf 83' lang='lat' dir='ltr'><strong><em>cessario</em></strong></span> <span class='ocrx_word' id='word_1_787' title='bbox 2408 5638 2597 5712; x_wconf 78' lang='lat' dir='ltr'><strong><em>possit.</em></strong></span> <span class='ocrx_word' id='word_1_788' title='bbox 2631 5640 2803 5712; x_wconf 75' lang='lat' dir='ltr'><strong><em>Quem</em></strong></span> <span class='ocrx_word' id='word_1_789' title='bbox 2830 5641 2885 5696; x_wconf 91' lang='lat' dir='ltr'><strong><em>in</em></strong></span> <span class='ocrx_word' id='word_1_790' title='bbox 2927 5641 3041 5711; x_wconf 88' lang='lat' dir='ltr'><strong><em>ipsa</em></strong></span> <span class='ocrx_word' id='word_1_791' title='bbox 3070 5657 3131 5698; x_wconf 91' lang='lat' dir='ltr'><strong><em>re</em></strong></span> <span class='ocrx_word' id='word_1_792' title='bbox 3158 5640 3433 5712; x_wconf 88' lang='lat' dir='ltr'><strong><em>trepidare</em></strong></span> <span class='ocrx_word' id='word_1_793' title='bbox 3472 5638 3743 5701; x_wconf 84' lang='lat' dir='ltr'><strong><em>nolueris.</em></strong></span> 
     </span>
    </p>
   </div>
   <div class='ocr_carea' id='block_1_122' title="bbox 2144 5710 3753 5782">
    <p class='ocr_par' dir='ltr' id='par_1_122' title="bbox 2144 5710 3753 5782">
     <span class='ocr_line' id='line_1_122' title="bbox 2144 5710 3753 5782; baseline 0 -14"><span class='ocrx_word' id='word_1_794' title='bbox 2144 5721 2271 5768; x_wconf 91' lang='lat' dir='ltr'><strong><em>ante</em></strong></span> <span class='ocrx_word' id='word_1_795' title='bbox 2293 5710 2706 5770; x_wconf 59' lang='lat' dir='ltr'><strong><em>rem&#39;exereeas.</em></strong></span> <span class='ocrx_word' id='word_1_796' title='bbox 2738 5710 3003 5782; x_wconf 84' lang='lat' dir='ltr'><strong><em>Isocrates</em></strong></span> <span class='ocrx_word' id='word_1_797' title='bbox 3039 5720 3225 5769; x_wconf 89' lang='lat' dir='ltr'><strong><em>monet</em></strong></span> <span class='ocrx_word' id='word_1_798' title='bbox 3246 5710 3591 5782; x_wconf 67' lang='lat' dir='ltr'><strong><em>spontaneos</em></strong></span> <span class='ocrx_word' id='word_1_799' title='bbox 3611 5720 3753 5768; x_wconf 61' lang='lat' dir='ltr'><strong><em>esse</em></strong></span> 
     </span>
    </p>
   </div>
   <div class='ocr_carea' id='block_1_123' title="bbox 2101 5779 3662 5857">
    <p class='ocr_par' dir='ltr' id='par_1_123' title="bbox 2101 5779 3662 5857">
     <span class='ocr_line' id='line_1_123' title="bbox 2101 5779 3662 5857; baseline -0.003 -14"><span class='ocrx_word' id='word_1_800' title='bbox 2101 5830 2106 5834; x_wconf 91' lang='lat'><strong><em>.</em></strong></span> <span class='ocrx_word' id='word_1_801' title='bbox 2142 5784 2358 5845; x_wconf 58' lang='lat' dir='ltr'><strong><em>laborm</em></strong></span> <span class='ocrx_word' id='word_1_802' title='bbox 2385 5784 2683 5853; x_wconf 79' lang='lat' dir='ltr'><strong><em>adeundos.</em></strong></span> <span class='ocrx_word' id='word_1_803' title='bbox 2712 5791 2772 5843; x_wconf 84' lang='lat' dir='ltr'><strong><em>ut</em></strong></span> <span class='ocrx_word' id='word_1_804' title='bbox 2800 5781 3083 5845; x_wconf 83' lang='lat' dir='ltr'><strong><em>ardentius</em></strong></span> <span class='ocrx_word' id='word_1_805' title='bbox 3108 5779 3464 5857; x_wconf 76' lang='lat' dir='ltr'><strong><em>perieramus.</em></strong></span> <span class='ocrx_word' id='word_1_806' title='bbox 3485 5779 3662 5843; x_wconf 68' lang='grc' dir='ltr'><strong>Εσιι.</strong></span> 
     </span>
    </p>
   </div>
  </div>
