3958 6450
197 304 328 362 605

1515 313 1872 379 VARIABUM
1910 313 2114 371 LIBER
2151 313 2239 370 III.
2339 331 2342 335 '
3398 309 3505 368 606

197 416 527 486 reperisse,
555 420 642 476 ubi
669 419 867 490 aliquid
894 435 952 478 se
989 421 1255 478 laudabile
1294 437 1401 478 non
1429 432 1711 494 putaverat
1733 425 1816 479 in-
1845 429 1892 487 Α
1923 437 2224 495 temporum
2252 424 2575 495 quadrifaria
2601 425 2863 483 divisione
2900 424 3220 494 funduntur;
3261 423 3508 495 prasinus

198 507 439 565 venire.
475 509 683 566 Dudum
709 512 971 582 siquidem
1010 509 1256 570 Thomati
1286 515 1508 583 aurigae,
1540 530 1607 571 ex
1631 513 1822 570 Orien-
1925 517 2120 572 virenti
2165 532 2350 582 verno,
2395 527 2621 574 venetus
2649 519 2844 574 nubilze
2872 519 3064 588 hiemi,
3111 533 3299 576 roseus
3335 519 3509 575 :estati

198 597 283 652 tis
325 601 595 669 partibus
634 600 972 669 advenienti,
1012 617 1252 660 annonas
1280 604 1624 660 rationabiles
1651 604 1825 660 consi-
1925 607 2216 673 ﬂammeae,
2266 607 2416 664 albus
2463 611 2719 680 pruinoso
2759 617 3016 668 autumno
3043 612 3251 670 dicatus
3290 621 3408 682 est,
3448 619 3510 669 ut

200 686 449 745 deratio
497 696 682 748 nostra
711 691 901 762 largita
929 700 1042 760 est,
1076 692 1247 749 donec
1275 692 1391 763 ejus
1419 700 1590 749 artem
1630 693 1825 781 prob'a-
1925 701 2078 772 quasi
2111 715 2206 771 per
2233 701 2514 757 duodecim
2558 701 2707 771 signa
2743 701 3052 770 digrediens
3092 719 3262 761 annus
3303 704 3512 775 integer

201 793 412 838 remus
445 789 508 839 et
536 784 793 840 animum.
822 783 930 842 Sed
968 785 1223 855 quoniam
1265 785 1320 841 in
1367 786 1472 841 hoc
1511 798 1682 854 agone
1724 784 1828 854 pri-
1926 791 2248 859 signaretur.
2278 786 2370 847 Sic
2399 789 2630 856 factum,
2661 801 2720 845 nt
2742 798 2948 846 naturae
2975 792 3266 849 ministeria
3292 801 3509 866 specta-

202 881 439 933 matum
475 881 719 937 noscitur
755 879 1032 948 obtinere,
1075 881 1299 950 ejusque
1336 880 1618 945 voluntas,
1652 879 1824 950 patria
1928 881 2168 935 culorum
2225 877 2518 949 composita
2565 878 2950 949 imaginatione
3001 879 3328 938 luderentur.
3381 883 3510 953 Biga

201 961 494 1024 derelicta
515 1010 531 1035 ,
565 971 735 1026 nostri
765 972 923 1028 sedes
950 969 1132 1028 fovere
1159 969 1358 1040 delegit
1385 971 1625 1041 imperii,
1655 987 1829 1026 mens-
1928 970 2081 1041 quasi
2111 969 2249 1025 lunze
2272 1011 2286 1036 ,
2335 969 2591 1040 quadriga
2640 970 2770 1026 solis
2815 969 3115 1025 imitatione
3156 977 3367 1041 reperta
3407 980 3507 1030 est.

204 1061 342 1110 trua
390 1071 530 1115 eum
563 1059 814 1117 duximus
861 1062 1109 1133 largitate
1149 1061 1480 1117 solidandum
1514 1078 1526 1114 :
1559 1076 1626 1116 ne
1655 1060 1828 1117 adhuc
1928 1055 2064 1130 Equi
2085 1061 2381 1126 desultorii,
2412 1077 2509 1132 per
2536 1077 2672 1133 quos
2700 1062 3016 1118 circensium
3056 1063 3286 1118 ministri
3320 1064 3512 1122 missos

201 1146 551 1220 ambiguum
570 1149 946 1218 redderemus,
977 1167 1137 1222 quem
1163 1149 1328 1207 Italiae
1354 1151 1685 1207 dominatum
1713 1151 1825 1207 ele-
1927 1153 2243 1210 denuntiant
2272 1155 2531 1220 exituros,
2564 1153 2770 1210 luciferi
2798 1155 3175 1226 praecursorias
3202 1154 3515 1212 velocitates

201 1236 364 1304 gisse
397 1241 781 1310 cognovimus.
823 1240 872 1298 Is
911 1243 1054 1298 enim
1080 1242 1390 1313 frequenter
1415 1243 1589 1298 victor
1615 1257 1713 1312 per
1742 1241 1827 1297 di-
1929 1243 2226 1300 imitantur.
2257 1243 2347 1299 Sic
2375 1243 2569 1300 accidit
2595 1252 2652 1302 ut
2678 1244 2804 1300 dum
2845 1259 2904 1300 se
2949 1244 3131 1301 colere
3173 1252 3316 1301 astra
3355 1253 3512 1315 puta-

201 1341 520 1385 versorum
548 1347 642 1389 ora
668 1332 930 1398 volitavit,
963 1331 1082 1406 plus
1108 1341 1294 1390 vectus
1316 1321 1499 1388 favore
1519 1347 1679 1403 quam
1707 1347 1832 1388 cur-
1929 1341 2084 1402 rent,
2122 1333 2437 1402 religionem
2476 1349 2629 1390 suam
2661 1334 2862 1391 ludicra
2891 1335 3237 1392 similitudine
3264 1335 3516 1407 profana-

202 1417 392 1473 ribus.
430 1418 690 1492 Suscepit
729 1429 937 1493 partem
965 1422 1152 1494 populi
1192 1425 1436 1493 protlnus
1482 1422 1786 1478 inclinatam
1809 1463 1825 1491 ,
1929 1434 2068 1482 rent.
2099 1424 2232 1480 Alba
2271 1425 2413 1481 linea
2436 1434 2460 1463 ε
2491 1441 2600 1482 non
2634 1425 2794 1495 longe
2832 1427 2899 1486 ab
2942 1428 3095 1483 ostiis
3134 1427 3190 1482 in
3229 1435 3515 1497 utrumque

205 1515 270 1562 et
299 1523 461 1579 quos
491 1511 609 1582 ipse
629 1512 831 1568 fecerat
859 1515 1073 1584 tristes,
1101 1515 1362 1570 laboravit
1389 1515 1581 1569 iterum
1607 1513 1831 1570 reddere
1930 1517 2171 1588 podium,
2201 1517 2353 1586 quasi
2373 1515 2557 1586 regula
2583 1515 2807 1584 directa,
2841 1517 3189 1587 producitur;
3212 1526 3271 1574 ut
3290 1518 3510 1589 quadri-

202 1593 500 1654 ltetiores:
529 1599 690 1656 modo
711 1601 1000 1670 agitatores
1029 1609 1144 1658 arte
1158 1617 1452 1672 superans:
1482 1599 1642 1656 modo
1663 1615 1832 1671 equo-
1931 1609 2011 1678 gis
2041 1606 2526 1678 progredientibus,
2549 1603 2674 1662 inde
2693 1615 2964 1663 certamen
2986 1601 3218 1663 oriretur
3248 1625 3263 1664 :
3293 1624 3362 1664 ne
3386 1607 3514 1663 dum

202 1703 339 1744 rum
368 1691 669 1749 velocitate
698 1695 1082 1752 transcendens
1106 1703 1158 1750 α.
1186 1694 1507 1764 Frequentia
1534 1692 1829 1764 palmarum
1931 1713 2146 1768 semper
2170 1713 2401 1769 propere
2440 1705 2704 1754 conantur
2748 1695 2976 1767 elidere,
3015 1699 3295 1770 spectandi
3320 1700 3512 1771 volup—

200 1791 343 1837 σθω
391 1783 507 1840 diei
544 1783 773 1842 faciebat
815 1785 1118 1844 maleficum
1146 1785 1197 1856 ι’,
1239 1787 1381 1842 inter
1407 1801 1541 1857 quos
1568 1799 1818 1854 magnum
1849 1803 1896 1863 Β
1925 1794 2091 1852 tatem
2120 1786 2430 1842 viderentur
2459 1786 2672 1856 populis
2712 1787 2992 1858 abrogare.
3039 1787 3257 1857 Septem
3289 1788 3448 1843 metis
3489 1785 3508 1826 τ

200 1877 566 1943 pmconium
591 1877 805 1933 videtur
831 1891 954 1935 esse
995 1878 1065 1934 ad
1099 1878 1229 1934 talia
1271 1878 1492 1934 crimina
1526 1876 1830 1947 pervenRe,
1935 1887 2207 1935 certamen
2235 1894 2396 1934 omne
2437 1877 2729 1950 peragitur,
2779 1877 2834 1934 in
2880 1879 3280 1936 similitudinem
3305 1879 3514 1936 hebdo-

199 1962 475 2024 Necesse
498 1975 584 2025 est
611 1969 753 2025 enim
784 1969 853 2026 ad
893 1970 1302 2041 perversitatem
1330 1971 1594 2042 magicam
1620 1969 1831 2036 referri,
1929 1969 2101 2025 madis
2129 1969 2441 2039 reciprocae.
2465 1967 2598 2038 Ipsze
2622 1984 2751 2024 vero
2770 1977 2927 2025 metae
2945 1967 3238 2026 secundum
3264 1969 3512 2027 zodiacus

197 2057 453 2125 quando
494 2059 721 2116 victoria
763 2074 1028 2131 equorum
1071 2063 1278 2118 meritis
1304 2077 1414 2117 non
1443 2069 1622 2134 potest
1662 2059 1831 2131 appli-
1929 2057 2161 2115 decanos
2191 2067 2372 2116 ternas
2408 2057 2654 2116 obtinent
2688 2061 3052 2130 summitates,
3087 2074 3220 2129 quas
3246 2058 3315 2115 ad
3341 2058 3511 2115 instar

199 2149 359 2206 cari.
394 2151 782 2223 Spectaculum
818 2155 1091 2226 expellens
1118 2156 1460 2228 gravissimos
1501 2171 1701 2224 mores,
1742 2155 1828 2210 in-
1928 2149 2057 2206 solis
2081 2149 2351 2220 quadrigae
2381 2149 2586 2206 celeres
2611 2156 2990 2220 pervagantur.
3019 2147 3172 2207 Rotze
3199 2147 3433 2205 Orientis
3453 2155 3510 2205 et

199 2241 409 2297 vitans
433 2242 733 2300 levissimas
760 2248 1156 2315 contentiones,
1189 2246 1468 2303 evacuatio
1507 2245 1826 2314 honestatis,
1927 2241 2234 2301 Occidentis
2276 2243 2532 2299 terminos
2576 2243 2874 2313 designant.
2907 2242 3139 2315 Euripus
3164 2243 3328 2299 maris
3352 2241 3511 2300 vitrei

202 2326 342 2384 fons
365 2329 610 2402 irriguus
625 2331 946 2403 iurgiorum,
975 2336 1122 2407 quod
1145 2343 1386 2394 vetustas
1406 2336 1618 2409 quidem
1642 2336 1830 2392 habuit
1927 2335 2102 2394 reddit
2128 2335 2438 2408 imaginem,
2462 2334 2602 2394 unde
2630 2335 2756 2392 illuc
2780 2335 3016 2406 delphini
3033 2335 3268 2406 :equorei
3290 2345 3315 2384 ε
3341 2349 3510 2404 aquas

205 2432 482 2490 sacrum,
511 2421 608 2479 sed
647 2426 984 2482 contentiosa
1029 2428 1320 2499 posteritas
1360 2427 1489 2484 fecit
1527 2443 1648 2484 esse
1687 2426 1828 2484 ludi-
1924 2423 2260 2486 interﬂuunt.
2292 2427 2660 2486 Obeliscorum
2687 2443 2902 2501 quoque
2926 2425 3263 2499 prolixitates
3290 2427 3358 2482 ad
3385 2426 3510 2482 coeli

204 2508 402 2566 larium
436 2510 543 2584 [ac.
584 2512 890 2590 lubricum].
922 2516 1133 2576 Primus
1161 2520 1304 2576 enim
1333 2520 1437 2576 hoc
1457 2521 1597 2592 apud
1617 2519 1828 2578 Elidem
1932 2521 2272 2578 altitudinem
2325 2521 2706 2588 sublevantur;
2751 2517 2845 2575 sed
2893 2515 3072 2591 potior
3109 2518 3239 2586 soli,
3290 2513 3514 2573 inferior

205 2599 364 2658 Asiae
414 2604 691 2663 civitatem
743 2606 1042 2667 Enomaus
1096 2611 1265 2668 fertur
1316 2612 1548 2668 edidisse
1608 2630 1622 2666 :
1679 2610 1828 2684 quod
1927 2613 2065 2670 lunae
2100 2613 2309 2670 dicatus
2351 2619 2436 2670 est
2483 2631 2497 2667 :
2545 2611 2636 2670 ubi
2677 2627 2830 2668 saera
2873 2613 3170 2683 priscorum
3213 2607 3515 2666 Chaldaicis

206 2703 419 2764 postea
443 2695 706 2756 Romulus
734 2700 788 2756 in
812 2708 970 2773 raptu
996 2703 1338 2772 Sabinarum,
1377 2705 1605 2761 necdum
1635 2703 1828 2761 funda-
1925 2705 2110 2776 signis,
2133 2706 2286 2776 quasi
2313 2705 2508 2762 litteris
2535 2703 2856 2761 indicantur.
2881 2701 3044 2774 Spina
3072 2701 3362 2756 infelicium
3389 2711 3516 2770 cap-

207 2784 285 2841 tis
326 2785 601 2856 aediliciis,
642 2790 896 2847 ruraliter
923 2795 1216 2849 ostentavit
1260 2793 1446 2851 Italiae.
1493 2793 1600 2850 Sed
1643 2793 1827 2851 mundi

207 2873 486 2936 dominus
512 2878 582 2936 ad
609 2881 907 2951 potentiam
943 2898 1094 2939 suam
1125 2899 1260 2956 opus
1303 2886 1600 2954 extollens,
1628 2886 1829 2941 miran-

209 2966 353 3023 dam
379 2970 549 3026 etiam
570 2970 830 3030 Romanis
857 2975 1116 3031 fabricam
1145 2975 1200 3031 in
1228 2976 1424 3034 vallem
1461 2975 1719 3033 Murciam
1746 2985 1829 3035 te-
1928 2975 2118 3046 gaudia
2144 2981 2518 3046 perceperunt.
2551 2973 2742 3045 Mappa
2767 2970 2794 3010 ιι
2825 2987 2976 3040 vero,
3007 2986 3127 3041 quae
3155 2969 3364 3040 signum
3391 2971 3520 3026 dare

209 3061 410 3142 tendit
458 3064 770 3133 Augustus;
815 3073 876 3120 ut
914 3065 1176 3124 immensa
1212 3067 1384 3125 moles
1427 3067 1651 3125 tlrmiter
1687 3084 1827 3142 prae-
1927 3068 2138 3124 videtur
2175 3067 2532 3132 circensibus,
2570 3066 2664 3121 tali
2699 3079 2826 3122 casu
2856 3064 3010 3119 ﬂuxit
3039 3065 3090 3118 in
3118 3077 3364 3119 morem:
3397 3077 3518 3118 cum

209 3141 411 3255 cincta
452 3151 726 3209 montibus
768 3156 1099 3224 contineret,
1146 3153 1237 3213 ubi
1283 3171 1597 3230 magnarum
1642 3141 1823 3216 rerum
1849 3192 1896 3255 ε
1932 3157 2074 3215 Nero
2103 3157 2382 3230 prandium
2409 3155 2782 3228 protenderet,
2813 3162 2868 3210 et
2891 3153 3254 3242 celeritatem,
3286 3159 3345 3206 ut
3369 3165 3518 3206 asso-

213 3236 434 3299 indicltt
459 3237 850 3299 clauderentur.
896 3243 1120 3301 Bissena
1167 3246 1366 3317 quippe
1404 3248 1542 3304 ostia
1579 3248 1647 3304 ad
1689 3247 1828 3307 duo-
1852 3236 1896 3255 “”
1927 3252 2024 3322 let,
2053 3253 2240 3308 avidus
2266 3249 2539 3321 spectandi
2564 3248 2793 3320 pepulus
2821 3244 3102 3316 ﬂagitaret,
3132 3236 3222 3301 ille
3247 3257 3516 3313 mappam,

213 3330 412 3388 decim
456 3335 610 3405 signa
653 3345 966 3406 posuerunt.
999 3333 1126 3394 Haec
1163 3340 1230 3396 ab
1270 3340 1527 3397 hermulis
1558 3351 1582 3381 ο
1611 3340 1827 3399 funibus

219 3421 490 3480 demissis
516 3425 691 3482 subita
729 3429 1038 3500 aequalitate
1075 3425 1382 3500 panduntur
1413 3448 1426 3484 :
1459 3431 1714 3489 docentes
1744 3439 1827 3490 to-

1931 2795 2160 2850 tivorum
2203 2803 2407 2850 sortem
2453 2793 2696 2864 designat
2750 2811 2763 2847 :
2811 2793 2902 2848 ubi
2944 2791 3108 2848 duces
3151 2789 3516 2846 Romanorum

1927 2899 2090 2956 supra
2133 2883 2292 2940 dorsa
2333 2883 2570 2940 hostium
2609 2881 2973 2950 ambulantes,
3016 2881 3258 2938 laborum
3298 2895 3518 2938 suorum

1926 3357 2032 3412 qua
2073 3338 2344 3412 tergendis
2397 3336 2645 3394 manibus
2692 3336 2961 3403 utebatur,
3012 3331 3171 3404 jussit
3214 3329 3371 3402 abjiei
3422 3343 3520 3400 per

1924 3430 2244 3494 fenestram,
2299 3434 2359 3484 ut
2401 3427 2703 3482 libertatem
2766 3424 2920 3480 daret
2969 3417 3278 3480 certaminis
3327 3427 3517 3490 postu-

221 3519 347 3568 tttlll
376 3512 513 3578 Illic,
545 3519 607 3571 ut
649 3517 957 3587 putabatur,
989 3519 1215 3575 consilio
1244 3517 1376 3589 geri,
1405 3519 1497 3576 ubi
1523 3519 1698 3592 imago
1736 3535 1827 3578 ca-

225 3603 363 3674 pitis
387 3601 423 3646 ⁸
451 3607 792 3680 cognoscitur
819 3609 1053 3682 operari.
1099 3610 1324 3669 Colores
1363 3620 1545 3668 autem
1569 3611 1624 3669 in
1656 3611 1828 3671 vicem

301 3765 614 3842 tuarum,
642 3776 704 3824 ut
742 3768 1030 3842 celeriores
1059 3783 1227 3839 equos
1252 3769 1577 3842 redderent,
1608 3771 1831 3842 magicis

229 3835 772 3913 artibusptebantur,
796 3847 856 3895 ut
879 3835 1130 3911 colligere
1142 3849 1233 3913 est
1251 3857 1318 3896 ex
1346 3835 1831 3913 llieronymo,'Hi-

227 3900 678 4031 Εἶιὲὶἓὲβωοδίο
706 3900 799 3964 lib.
849 3926 900 3975 ι,
945 3900 1094 3966 et'ex
1142 3909 1180 3966 l.
1224 3925 1307 3977 ιι,
1338 3926 1460 3982 cap.
1499 3900 1570 3966 αἱ
1602 3900 1825 3982 male/ie.

335 3991 440 4032 ετ.

302 4043 333 4086 δ
362 4046 647 4105 Laudatur
672 4049 760 4106 hic
784 4048 1210 4122 nobilium-iga,
1234 4049 1378 4120 quod
1416 4051 1578 4108 modo
1605 4051 1832 4122 agitato-

229 4130 317 4172 res
337 4124 465 4190 arte
487 4128 786 4190 superaret,
807 4128 863 4175 et
881 4120 1045 4176 modo
1066 4135 1327 4190 equorum
1346 4122 1634 4178 velocitate
1647 4120 1834 4178 trans-

231 4179 501 4271 penderet
537 4179 694 4271 z'guo
733 4179 854 4246 loco
882 4179 1176 4271 notandum
1207 4200 1291 4271 est
1316 4190 1541 4271 mirifice
1568 4192 1834 4271 placuisse

230 4251 283 4340 ip
313 4251 656 4340 spectaculis
684 4273 941 4340 equorum
981 4261 1508 4340 celeritatem,_ade_o
1552 4251 1610 4316 ut
1650 4269 1836 4340 na_rret

231 4323 576 4406 Qapitolinus
612 4323 1237 4406 Verum-imperatorem
1273 4323 1479 4406 vulneri
1521 4345 1662 4406 equo
1701 4329 1834 4406 Pra-_

231 4399 351 4454 sino
401 4413 629 4472 aureum
681 4399 1028 4472 simulacrum
1072 4400 1299 4468 fecisse;
1349 4399 1642 4472 quinetiam
1681 4403 1834 4456 multi

233 4468 690 4546 exoagitatoribus
719 4469 1144 4546 adversariorum
1174 4468 1835 4546 equos_d:emoniaeis__im-

268 4535 637 4609 récationibus
657 4539 1038 4609 impediebant,
1061 4550 1118 4594 ut
1141 4535 1266 4597 suos
1295 4539 1362 4596 ad
1389 4558 1602 4597 cursum
1624 4540 1831 4599 facilius

255 4607 600 4682 mpellerent.
639 4605 856 4682 Optime
876 4608 1150 4682 Arnobius
1192 4610 1269 4682 de
1305 4623 1581 4681 magorum
1627 4612 1831 4670 artibus

233 4673 469 4746 loquens
501 4693 516 4732 :
549 4677 679 4746 Quis
692 4673 847 4736 'enim
874 4681 973 4736 hos
1009 4682 1212 4743 nesciat
1251 4673 1587 4736 famil'arium
1625 4682 1829 4736 dirum-

232 4759 363 4814 pere
395 4746 706 4818 charitates,
736 4757 830 4806 aut
846 4751 961 4807 sine
991 4751 1229 4806 clavibus
1250 4767 1490 4807 reserare
1510 4766 1628 4820 quae
1649 4752 1830 4809 clausa

237 4825 399 4891 sunt,_
414 4823 511 4891 aut
539 4833 635 4891 ora
662 4820 876 4876 silentio
905 4821 1126 4887 vincire,
1158 4829 1251 4877 aut
1277 4821 1330 4876 in
1361 4823 1638 4878 curriculis
1661 4838 1830 4891 equos

236 4883 542 4957 debilitare,
565 4889 808 4954 incitare,
840 4891 1072 4947 tardare.
1111 4883 1191 4948 'Ac
1221 4891 1532 4948 Ammianus
1559 4883 1829 4948 Marcelli-

236 4967 336 5038 nus
387 4958 974 5038 scribit_Apronianun1
1018 4963 1327 5038 praelectum
1378 4961 1567 5038 Urbis,
1614 4963 1830 5038 capitali

240 5027 706 5086 animadversione
754 5027 1035 5088 damnasse
1063 5031 1320 5088 Hilarium
1364 5027 1604 5090 aurigam
1644 5027 1828 5089 convi-

239 5102 479 5173 ctum__ac
495 5099 817 5173 confessum,
833 5102 1054 5173 Avixdum
1082 5103 1458 5173 pubescentem
1483 5099 1646 5159 [ilium
1670 5111 1827 5160 suum

242 5166 487 5223 veneﬁco
513 5166 1028 5228 tradidisse'docemi
1050 5166 1244 5229 artium
1267 5175 1588 5230 nefariarum
1617 5181 1827 5229 secreta

243 5230 450 5314 legibus
478 5238 782 5314 interdicta,
815 5249 874 5296 ut
901 5243 1046 5300 nullo
1071 5244 1290 5300 conscio
1318 5242 1650 5300 adminiculis
1673 5242 1826 5314 juva-

246 5313 396 5362 retur
415 5309 662 5366 internis.
689 5309 877 5366 Baoss.

248 5376 520 5504 ισξιξξδθ
543 5377 763 5454 ³⁰⁶θΡδσ
805 5379 1059 5452 δωίαετ.
1091 5382 1242 5441 Lect.
1279 5383 1522 5441 Ausonii.
1579 5397 1701 5455 cap.
1733 5380 1821 5439 14.

269 5555 272 5598 ὲ
301 5516 342 5604 f
373 5519 637 5646 Longius
677 5521 769 5578 lib.
800 5537 819 5579 ι
847 5524 914 5607 de
947 5522 1145 5579 laudib.
1180 5522 1418 5595 iustitia,
1465 5535 1602 5646 pag;
1623 5521 1723 5589 75;
1769 5529 1825 5580 et

269 5590 477 5646 Stdoms
548 5593 798 5646 tvmoloc.
828 5594 920 5646 lib.
951 5609 1078 5646 xvm
1100 5634 1116 5646 .
1140 5609 1258 5646 ean.
1289 5594 1353 5646 de
1379 5594 1535 5646 colon
1605 5611 1630 5646 ε
1665 5609 1824 5646 cauo-

499 5585 926 5678 ῐαῖςγῐιιοζοεηιίι)ἒ
936 5609 1078 5678 Διιζψ
1100 5634 1116 5660 ,
1140 5585 1258 5678 cap,
1289 5594 1353 5649 de
1379 5585 1631 5678 coloribus
1665 5585 1824 5678 equo-

250 5673 391 5736 εεξσῃς
411 5673 475 5736 et
515 5663 637 5736 cap.
679 5663 1152 5736 de'desuitoribus;
1176 5735 1179 5736 ν
1205 5663 1259 5721 et
1301 5680 1422 5736 cap.
1472 5665 1536 5721 de
1579 5663 1820 5736 obelisco.

247 5724 735 5866 fmguetonium
759 5750 879 5812 cap.
907 5735 969 5811 7;
1012 5743 1070 5797 et
1105 5724 1428 5799 Pliniumlib
1480 5751 1554 5810 ιι,
1581 5735 1833 5818 βρίθει.ρξ

641 5926 684 5943 Α

1856 4574 1910 4637 D

1925 3521 2022 3588 lati
2051 3517 2205 3594 [alii,
2224 3515 2558 3590 postulandi;
2587 3517 2701 3583 alii,
2722 3513 3011 3587 postulanti
3041 3509 3082 3585 ].
3115 3509 3252 3567 Hinc
3292 3513 3520 3566 tractum

1927 3619 2038 3681 est,
2093 3619 2154 3667 ut
2201 3619 2419 3668 ostensa
2469 3619 2663 3681 mappa
2713 3607 2728 3645 ί
2779 3613 2927 3663 certa
2967 3604 3216 3660 videatur
3241 3614 3361 3658 esse
3389 3611 3519 3670 pro-

2003 3774 2028 3803 °
2060 3763 2262 3820 Plinius
2287 3763 2381 3819 lib.
2437 3779 2602 3833 xxxv,
2629 3777 2758 3833 cap,
2793 3760 2890 3827 I7;
2921 3767 2976 3815 et
3015 3758 3220 3815 Seneca
3271 3756 3364 3812 lib.
3398 3771 3512 3833 nx,

1930 3836 2090 3895 epist.
2134 3835 2255 3890 109.
2285 3833 2478 3890 Juas'r.
2510 3825 2713 3888 Albam"
2728 3825 2924 3887 lineam
2948 3836 3108 3884 vocat
3133 3836 3338 3895 auctor,
3375 3825 3518 3895 quod

1988 3901 2190 3975 artialls
2211 3912 2470 3960 cretatam
2505 3915 2755 3975 mappam
2776 3901 3032 3975 nominat.
3066 3893 3196 3975 Yide
3217 3893 3516 3975 Cedreitmp

1930 3975 1988 4050 in
2010 3974 2258 4031 Historiae
2278 3963 2612 4050 Compendid
2634 3963 2656 4028 ἐ
2688 3973 2762 4050 ibi
2789 3971 2931 4027 enim
2959 3967 3428 4050 condnpanturet
3456 3963 3518 4016 il-

1931 4045 2228 4117 lustrantur
2241 4060 2361 4117 quaa
2382 4035 2450 4101 ab
2469 4053 2691 4101 auctore
2709 4042 2777 4098 de
2793 4053 3002 4110 mappas
3025 4037 3231 4107 origine
3249 4035 3511 4090 dicuntur.

1932 4115 2196 4243 Βῃῗῗῖιιθ
2223 4185 2538 4242 Suetonium
2576 4184 2632 4238 in
2651 4179 2876 4238 Claudio
2905 4193 3005 4244 cap
3033 4177 3130 4244 21;
3161 4181 3219 4232 et
3251 4171 3514 4229 lsidorum

1933 4255 2112 4381 fitme
2153 4255 2246 4310 lib.
2280 4270 2428 4324 mu,
2457 4269 2577 4324 cap.
2608 4251 2707 4318 50;
2737 4260 2794 4308 et
2817 4265 2936 4322 cap.
2970 4247 3057 4316 57,
3087 4247 3152 4302 de
3178 4252 3372 4318 septem
3399 4261 3519 4315 δρα·
3597 4307 3602 4313 ,

1959 4345 2041 4381 ιω.
2115 4341 2276 4380 URET.

1937 4329 2041 4382 tiis.
2082 4329 2276 4381 Juns'r.

2006 4409 2032 4468 tt
2057 4397 2294 4468 gelatus
2321 4393 2514 4450 Paren.
2545 4391 2638 4468 lib.
2667 4399 2871 4468 v,_cap.
2901 4389 2989 4443 27.
3015 4387 3208 4468 tua".
3471 4456 3482 4468 .

2006 4465 2038 4505 ιι
2062 4466 2309 4539 Mappam
2333 4472 2493 4539 vocat
2509 4459 2834 4539 circensium
2851 4459 3232 4539 spectaculum,
3254 4471 3376 4539 quin
3393 4459 3516 4539 quio

1937 4537 2059 4592 dem
2083 4527 2403 4605 vox-legitur
2427 4534 2481 4590 in
2507 4527 2966 4605 Novellisﬁraecis
2995 4549 3009 4584 :
3051 4529 3294 4605 meminit
3320 4527 3516 4605 sueto-

1931 4609 2052 4665 nius
2075 4607 2128 4661 in
2151 4597 2389 4675 Augusto
2412 4644 2427 4671 ,
2458 4619 2504 4660 c.
2539 4600 2634 4668 45,
2679 4603 2765 4658 ubi
2795 4602 2846 4658 lo
2889 4602 3029 4656 uitur
3060 4599 3128 4655 de
3156 4597 3508 4668 aurigatione,

1932 4679 2108 4728 denue
2147 4677 2297 4728 circo
2326 4675 2589 4728 maximo.
2633 4681 2793 4728 atoue
2819 4618 2952 4728 adeo
2980 4671 3047 4726 de
3074 4667 3229 4728 cuuis
3258 4668 3508 4724 certanti-

1932 4679 2108 4748 deque
2147 4667 2297 4748 circo
2326 4667 2589 4748 maxime,
2622 4667 2793 4744 atque
2819 4667 2952 4728 adeo
2980 4671 3047 4726 de
3074 4667 3229 4748 equis
3258 4667 3517 4748 certanti-

1930 4739 2036 4803 bus'
2055 4757 2112 4819 et
2139 4746 2579 4819 circensibus,be_t_
2596 4739 3002 4819 mappa,_quam_
3016 4739 3360 4819 magistratus
3387 4739 3516 4819 olim

1929 4817 2236 4882 mittebant,
2261 4817 2411 4888 signi,
2423 4810 2671 4888 videlicet
2688 4810 3058 4888 dandi—gratia.
3073 4810 3333 4888 Figurate_
3351 4810 3514 4888 etiam

1928 4903 2186 4957 equorum
2222 4879 2452 4957 'agi'tatio
2480 4885 2733 4942 circensis
2762 4879 2980 4957 mappa
3012 4897 3108 4957 per
3134 4879 3513 4957 synecdochen

1929 4903 2186 4957 equorum
2233 4898 2452 4957 agitatio
2480 4901 2733 4942 Cll‘CCﬂSlS
2779 4899 2970 4954 mappa
3049 4898 3108 4937 er
3136 4898 3513 4952 synccuocnen

1929 4967 2124 5034 vocata
2147 4967 2266 5023 est,
2306 4965 2366 5034 et
2402 4957 2475 5034 ita
2501 4971 2609 5011 non
2638 4955 2814 5034 modo
2842 4952 2984 5034 apud
3011 4898 3389 5034 gustinianum,
3420 4945 3515 5034 sed

1930 5029 2072 5098 apud
2098 5027 2409 5086 Juvenalem
2433 5026 2609 5098 Satyr.
2630 5025 2699 5081 12
2724 5024 3511 5098 quoque_accipitur,_cum‘ait,

1929 5087 2089 5155 ludos
2113 5098 2401 5168 circenses,
2430 5087 2602 5168 qui'et
2627 5087 2808 5168 magni
2835 5087 2963 5152 dicti
2987 5087 3134 5161 sunt,
3165 5097 3220 5148 et
3244 5087 3518 5158 Megalen-

1929 5182 2034 5237 ses,
2058 5167 2378 5237 intelligens,

2113 5277 2308 5328 Interea
2330 5277 2670 5340 Megalesiacae
2689 5273 2967 5341 spectacula
2983 5283 3200 5336 mappa;

1928 5392 1985 5440 et
2009 5384 2148 5456 apud
2174 5383 2434 5441 Senecam
2461 5399 2582 5456 cap.
2605 5383 2693 5452 50,
2713 5383 2775 5439 de
2799 5381 2902 5448 ira,
2929 5379 3019 5436 lib.
3049 5394 3110 5436 ni
3147 5393 3255 5449 quo
3274 5375 3400 5433 loco
3424 5389 3513 5431 ur-

1931 5470 2022 5507 sos
2066 5455 2353 5507 leonesaue
2383 5471 2575 5507 manna
2606 5455 2852 5507 proritat.
2884 5452 3073 5507 Bnoss.
3105 5421 3238 5504 Vide
3278 5461 3404 5504 nov.
3449 5445 3513 5504 de

1931 5470 2022 5510 sos
2066 5455 2353 5526 leonesque
2383 5455 2575 5527 mappa
2606 5455 2852 5525 proritat.
2884 5455 3073 5508 Bnoss.
3107 5455 3238 5504 Vide
3278 5461 3404 5504 nov.
3449 5455 3516 5504 de

1931 5524 2557 5608 σορξιξιίιξμεοῦιιριο,θ,ε
2578 5525 2717 5608 ϐψς.
2909 5591 2952 5608 .-
3459 5586 3516 5608 λ,

2007 5595 2025 5633 ί
2058 5595 2114 5652 Id
2135 5597 2294 5674 etiam
2325 5597 2489 5674 refert
2514 5593 2744 5674 Tertull:
2767 5593 2868 5674 lib,
2893 5591 2986 5674 de“
3005 5590 3422 5674 Spectacmcap.

1931 5683 2158 5722 uulnere.
2190 5666 2406 5723 Servius
2435 5667 2487 5720 in
2535 5666 2626 5720 lib.
2677 5661 2890 5723 Eneid.
2930 5661 2994 5720 Ει
3020 5658 3207 5722 Isidor.
3240 5658 3336 5718 lib.
3366 5658 3514 5728 tvm,

1930 5751 2048 5812 cap.
2081 5736 2152 5796 9.4
2175 5745 2230 5796 et
2257 5753 2378 5812 cap.
2405 5736 2493 5797 41.
2515 5733 2636 5796 Jun.
