3958 6436
394 334 500 398 607

402 457 590 515 missio

397 550 621 615 dicitur;
651 547 942 613 circenses,
968 546 1123 617 quasi
1152 546 1455 603 circuenses
1479 564 1492 601 :
1515 554 1804 618 propterea
1832 545 1977 617 quod

398 640 542 710 apud
584 638 963 708 antiquitatem
1010 638 1217 706 rudem,
1275 654 1393 708 quae
1422 640 1646 695 necdum
1674 638 1978 709 spectacula

396 731 452 786 in
481 739 730 786 ornatum
751 730 1051 786 deduxerat
1070 730 1413 799 fabricarum,
1447 732 1587 786 inter
1609 748 1765 787 enses
1789 739 1844 786 et
1881 729 1979 785 flu-

397 823 543 877 mina
572 822 705 878 locis
732 821 1031 877 virentibus
1060 832 1364 891 agerentur.
1412 824 1523 878 Nec
1551 832 1706 879 vacat
1726 822 1870 892 quod
1900 822 1979 876 vi-

398 915 531 984 ginti
559 922 791 984 quatuor
834 915 1082 971 missibus
1129 913 1156 954 δ
1202 916 1438 971 conditio
1476 916 1633 985 hujus
1677 915 1984 971 certaminis

399 1004 705 1075 expeditur,
736 1012 796 1059 ut
815 1005 923 1060 diei
949 1006 1236 1075 noctisque
1278 1007 1425 1061 horm
1452 1007 1545 1061 tali
1588 1022 1815 1061 numero
1839 1006 1985 1061 clau-

398 1094 676 1150 derentur.
726 1093 837 1149 Nec
870 1094 999 1150 illud
1027 1103 1246 1164 putetur
1292 1095 1500 1149 irritum
1549 1095 1693 1165 quod
1722 1104 1986 1151 metarum

402 1186 662 1241 circuitus
699 1200 925 1240 ovorum
960 1185 1323 1240 erectionibus
1370 1185 1741 1253 exprimatur:
1773 1184 1987 1253 quando

404 1287 556 1333 actus
611 1278 749 1348 ipse,
804 1278 987 1333 multis
1039 1278 1513 1348 superstitionibus
1564 1277 1851 1346 gravidus,
1902 1275 1990 1331 ovi

405 1370 674 1441 exemplo,
694 1370 1001 1440 geniturum
1023 1384 1082 1423 se
1103 1370 1278 1438 aliqua
1310 1368 1610 1440 proﬁtetur.
1641 1367 1709 1422 Et
1739 1368 1863 1423 ideo
1891 1367 1989 1422 da-

404 1469 494 1516 tur
520 1461 766 1531 intelligi,
792 1461 1079 1517 volitante$
1108 1468 1270 1531 atque
1317 1460 1840 1515 inconstantissimos
1869 1460 1992 1515 inde

404 1568 585 1609 mores
627 1553 796 1618 nasci,
828 1568 966 1621 quos
1003 1554 1181 1607 avium
1211 1552 1473 1607 matribus
1504 1559 1843 1623 aptaverunt.
1878 1551 1995 1606 Ca:-

407 1651 525 1698 tera
565 1644 695 1699 circi
736 1642 968 1698 Romani
1006 1644 1228 1712 longum
1268 1651 1351 1698 est
1396 1657 1645 1700 sermone
1686 1642 1993 1708 decurrere,

405 1734 533 1789 dum
553 1733 732 1788 omnia
763 1733 1049 1789 videantur
1085 1734 1153 1788 ad
1192 1749 1382 1789 causas
1424 1734 1661 1804 singulas
1699 1735 1991 1803 pertinere.

1594 336 1666 391 Μ.
1707 332 1986 392 AURELII
2023 331 2418 390 CASSIODORI

707 451 1027 508 circensium
1064 448 1387 507 futurorum.
1420 447 1628 518 Circus,
1648 461 1673 489 ἰ
1696 467 1726 507 a
1748 452 1975 507 circuitu
2000 457 2050 513 Α
2079 450 2216 518 Quid
2262 453 2351 507 isti
2400 451 2657 520 lacerent,
2688 451 2734 507 si
2777 452 2833 507 in
2860 448 3192 524 Egyptiacis
3219 450 3467 525 partibus
3493 450 3722 523 possi-

3581 328 3724 384 608

2078 543 2289 609 derent,
2314 543 2404 598 ubi
2424 543 2524 597 Nili
2552 534 2785 599 ﬂuminis
2804 545 3216 615 superveniente
3236 543 3721 613 diluvio,indicia

2081 633 2264 688 ﬁnium
2287 634 2621 689 vastissimus
2649 647 2841 703 gurges
2868 635 3102 704 abradit,
3124 645 3181 691 et
3198 635 3492 692 indiscreta
3512 645 3721 692 terra

2078 724 2241 781 iacies
2262 724 2522 790 redditur,
2547 725 2635 779 ubi
2655 725 2835 780 omnia
2862 726 3021 782 limus
3042 735 3225 798 tegere
3251 728 3721 799 comprobatur?

2083 815 2421 887 Quapropter
2442 832 2543 872 nec
2564 824 2693 872 tunc
2714 816 2780 873 ad
2802 833 2949 873 arma
2978 833 3303 876 concurrere
3332 818 3709 889 debuissent,

2084 910 2129 965 si
2157 910 2389 965 excitata
2416 910 2483 965 lis
2504 909 2647 965 nulla
2671 908 3037 966 satisfactione
3064 921 3317 982 superata
3348 911 3705 970 discederet.

2084 998 2203 1057 Hoc
2249 1001 2393 1055 enim
2439 1016 2536 1071 per
2579 1002 2935 1070 geometricas
2980 1001 3181 1057 formas
3220 1010 3278 1057 et
3321 1004 3710 1072 gromaticam

2091 1103 2115 1133 ο
2142 1092 2475 1163 disciplinam
2513 1094 2587 1148 ita
2615 1093 2898 1163 diligenter
2943 1094 3272 1163 agnoscitur,
3320 1094 3711 1165 quemadmo-

2088 1186 2215 1242 dum
2238 1185 2432 1241 litteris
2460 1187 2634 1242 omnis
2662 1201 2842 1243 sermo
2869 1186 3154 1243 conclusus
3178 1195 3280 1242 est.
3308 1186 3709 1242 Geometriam

2091 1278 2309 1347 quippe,
2351 1285 2409 1332 ut
2437 1284 2520 1332 est
2564 1278 2843 1333 hominum
2890 1291 3060 1347 genus
3102 1279 3260 1333 nimis
3305 1278 3709 1334 acutissimum

2094 1378 2255 1438 atque
2282 1368 2592 1435 sollicitum,
2621 1367 2855 1424 Chaldaei
2884 1370 3116 1439 primum
3164 1370 3435 1425 invenisse
3474 1384 3705 1424 memo-

2092 1468 2317 1515 rantur:
2348 1461 2441 1530 qui
2487 1460 2754 1515 rationem
2803 1461 2971 1529 ipsius
3017 1460 3311 1531 disciplinae
3354 1461 3705 1529 generante

2095 1550 2427 1618 colligentes,
2442 1560 2496 1603 et
2523 1550 2576 1603 in
2605 1550 2980 1605 astronomicis
3001 1551 3181 1618 rebus,
3197 1560 3253 1605 et
3273 1551 3327 1605 in
3356 1551 3617 1620 musicis,
3637 1559 3703 1608 et

2096 1642 2151 1697 in
2179 1640 2522 1707 mechanicis,
2552 1648 2605 1695 et
2645 1640 2701 1695 in
2729 1640 3115 1707 architecticis,
3148 1651 3204 1696 et
3231 1643 3285 1697 in
3332 1642 3698 1711 medicinam,

2098 1743 2152 1789 et
2178 1732 2245 1787 ad
2269 1742 2440 1787 artem
2485 1732 2807 1800 logisticam,
2840 1734 2923 1787 vel
2967 1732 3226 1803 quidquid
3269 1742 3452 1803 potest
3497 1734 3704 1792 formis

406 1823 523 1880 [Ioc
565 1832 773 1880 tantum
810 1825 1036 1881 dicimus
1082 1824 1403 1881 omnimodis
1448 1825 1788 1897 stupendum,
1848 1825 1993 1895 quod
2021 1829 2070 1891 Β
2095 1826 2433 1896 εφρηιίὺιιε
2459 1825 2742 1891 contineri,
2766 1836 2946 1897 aptam
2970 1841 3091 1883 esse
3120 1825 3447 1894 docuerunt;
3481 1837 3539 1883 ut
3566 1830 3704 1885 sine

406 1916 537 1981 illic,
568 1932 727 1987 supra
760 1926 953 1973 caetera
996 1919 1329 1989 spectacula,
1357 1918 1538 1974 fervor
1569 1920 1870 1974 animorum
1918 1920 1993 1974 in-

407 2008 654 2062 consulta
684 2010 949 2076 gravitate
972 2009 1109 2082 [Jur.
1134 2012 1269 2081 forte
1287 2008 1573 2082 pravitate]
1595 2012 1835 2079 rapiatur
1865 1996 1993 2079 (Vi-4

407 2098 472 2154 de
516 2099 672 2170 Cypr.
723 2100 814 2155 lib.
865 2102 929 2155 de
975 2102 1263 2174 Spectac.).
1315 2102 1529 2158 Transit
1565 2103 1827 2173 prasinus,
1871 2116 1996 2172 pars

406 2192 593 2261 populi
617 2202 841 2257 moeret;
871 2194 1127 2263 praecedit
1149 2204 1395 2261 venetus,
1421 2201 1479 2248 et
1519 2193 1699 2263 potior
1732 2194 1887 2248 turba
1914 2192 1995 2248 ci-

406 2281 591 2336 vitatis
624 2280 877 2350 alﬂigitur
903 2300 916 2335 :
946 2284 1079 2337 nihil
1124 2282 1488 2355 proﬁcientes,
1520 2284 1791 2340 ferventer
1830 2286 1997 2341 insul-

408 2378 556 2439 tant;
598 2373 735 2428 nihil
782 2375 1077 2443 patientes,
1136 2377 1373 2444 gravitcr
1412 2377 1789 2445 vulnerantur;
1833 2388 1891 2434 et
1932 2377 1999 2435 ad

412 2464 601 2520 inanes
662 2467 1037 2524 contentiones
1088 2468 1167 2525 sic
1213 2469 1575 2536 descenditur,
1634 2478 1888 2541 tanquam
1934 2469 2001 2527 de

412 2567 559 2615 statu
608 2561 960 2630 periclitantis
1018 2563 1205 2634 patria:
1258 2563 1551 2619 laboretur.
1604 2563 1759 2630 Quod
1806 2563 2001 2622 merito

412 2651 655 2707 creditur
682 2652 919 2709 dicatum
946 2670 1245 2710 ntunerosae
1278 2655 1665 2725 superstitioni,
1695 2656 1784 2711 ubi
1813 2656 1879 2710 ab
1902 2656 2002 2711 ho-

415 2744 585 2799 nestis
612 2747 851 2802 moribus
888 2747 966 2803 sic
1006 2755 1221 2804 constat
1253 2748 1448 2803 excidi.
1475 2747 1603 2804 Haec
1628 2764 1727 2803 nos
1760 2747 2002 2805 fovemus

413 2837 739 2892 necessitate
781 2838 1103 2909 populorum
1142 2839 1561 2907 imminentium,
1592 2839 1788 2911 quibus
1815 2848 2000 2895 votum

415 2938 501 2987 est
526 2932 593 2988 ad
618 2934 745 2988 talia
768 2936 1078 3004 convenire,
1103 2936 1230 2991 dum
1268 2936 1626 3004 cogitationes
1654 2938 1824 2993 serias
1854 2936 2003 2993 delc-

404 3028 630 3093 ‘ctantur
655 3024 906 3092 abjicere.
931 3024 1138 3083 Paucos
1166 3027 1314 3083 enim
1336 3027 1441 3099 57
1468 3029 1605 3084 ratio
1642 3030 1807 3099 capit,
1838 3037 1894 3083 ct
1924 3044 2005 3083 ra-

416 3129 507 3170 ros
529 3115 823 3186 probabilis
834 3116 1070 3173 oblectat
1086 3118 1334 3186 intentio,
1353 3126 1408 3173 et
1432 3119 1644 3175 adillud
1657 3119 1835 3190 potius
1846 3119 2002 3174 turba

2096 1932 2161 1972 ea
2189 1917 2320 1971 nihil
2348 1917 2542 1971 borum
2569 1917 2739 1988 possit
2761 1918 2832 1973 ad
2860 1918 3190 1989 agnitionem
3208 1921 3549 1975 verissimam
3566 1936 3701 1991 per-

2095 2008 2301 2062 venire.
2348 2005 2498 2061 Hane
2544 2016 2667 2077 post
2693 2006 2955 2079 Egyptii,
2985 2024 3094 2065 non
3140 2008 3475 2067 dissimiliter
3525 2013 3699 2069 animi

2097 2095 2309 2152 fervore
2357 2096 2616 2164 calentes,
2660 2106 2881 2167 propter
2930 2108 3218 2171 augmenta
3266 2099 3527 2169 Nilotica,
3575 2116 3699 2170 (ειη

2098 2187 2321 2256 singulis
2350 2188 2505 2245 annis
2532 2188 2715 2243 votiva
2764 2188 3115 2244 inundatione
3154 2191 3447 2259 patiuntur,
3496 2190 3567 2245 ad
3612 2191 3698 2245 di-

2099 2281 2433 2335 mensionem
2483 2290 2637 2335 terra:
2706 2289 2763 2336 et
2808 2282 3203 2351 recuperandas
3250 2280 3450 2338 formas
3506 2282 3698 2338 ﬁnium

2104 2371 2528 2438 transtulerunt;
2559 2379 2619 2426 ut
2659 2369 2815 2427 ﬁeret
2856 2380 2974 2427 arte
3021 2371 3349 2440 distinctum,
3391 2371 3540 2441 quod
3586 2372 3697 2427 liti-

2103 2466 2265 2535 giosze
2310 2463 2609 2520 confusioni
2658 2464 2941 2519 videbatur
2987 2465 3303 2520 obnoxium.
3353 2464 3696 2536 Quapropter

2104 2555 2526 2624 agrimensorem
2565 2554 2967 2627 peritissimum,
2993 2556 3078 2610 cui
3104 2556 3172 2611 ab
3197 2566 3315 2611 arte
3340 2570 3543 2611 nomen
3590 2564 3692 2624 at,

2102 2654 2284 2700 vestra
2309 2644 2655 2700 nihilominus
2687 2644 2941 2701 adhibeat
2972 2646 3318 2716 magnitudo;
3343 2656 3403 2702 ut
3425 2646 3543 2716 jam
3574 2662 3692 2703 om-

2105 2736 2217 2804 nia,
2248 2750 2368 2806 quze
2408 2734 2691 2791 manifesta
2718 2736 2930 2791 ratione
2976 2735 3227 2792 distincta
3265 2744 3414 2805 sunt,
3458 2752 3561 2807 per
3586 2738 3695 2813 evi-

2106 2828 2289 2884 dentia
2315 2829 2511 2884 debeat
2534 2828 2857 2885 documenta
2885 2837 3210 2885 monstrare.
3235 2829 3370 2885 Nam
3390 2830 3439 2885 si
3462 2829 3573 2886 hoc
3591 2832 3693 2900 egit

2108 2921 2195 2976 illa
2225 2920 2507 2992 disciplina
2533 2921 2810 2986 mirabilis,
2839 2930 2899 2976 ut
2925 2920 3370 2979 indeterminatos
3416 2936 3583 2993 agros
3605 2939 3689 2978 ra-

2111 3015 2257 3071 tione
2285 3022 2434 3072 certa
2459 3015 2833 3086 distingueret,
2850 3023 3055 3086 quanto
3072 3014 3242 3085 magis
3271 3015 3373 3071 iste
3392 3024 3692 3071 monstrare

2110 3107 2270 3163 debet
2297 3108 2498 3176 omnia,
2525 3122 2646 3177 quae
2668 3107 2782 3178 jam
2809 3108 3108 3178 probantur
3150 3107 3260 3163 suis
3288 3106 3483 3161 ﬁnibus
3510 3106 3693 3163 termi—

416 3206 649 3275 ducitur,
672 3209 817 3277 quod
863 3210 930 3264 ad
959 3224 1213 3265 curarum
1260 3211 1635 3267 remissionem
1664 3218 1878 3267 constat
1919 3210 2003 3264 in-
2031 3206 2078 3270 C
2110 3198 2273 3252 "ala?
2302 3196 2526 3266 Augusti
2555 3197 2826 3268 Siquidem
2866 3197 3202 3273 temporibus
3246 3197 3397 3253 orbis
3420 3197 3691 3253 Roman“

418 3310 663 3354 ventum.
687 3301 822 3355 Nam
851 3301 1109 3370 quidquid
1129 3303 1363 3358 aestimat
1385 3302 1795 3375 voluptuosum,
1825 3303 1930 3359 hoc
1955 3312 2012 3359 et

424 3390 495 3445 ad
540 3392 928 3447 beatitudinem
994 3402 1301 3464 temporum
1345 3394 1550 3465 judieat
1608 3395 2005 3466 applicandum.

421 3480 766 3552 Quapropter
791 3482 1081 3552 largiamur
1107 3495 1393 3555 expensas,
1442 3500 1551 3541 non
1597 3500 1810 3556 semper
1838 3501 1903 3539 ex
1928 3484 2014 3555 ju-

428 3573 572 3628 dicio
600 3573 810 3630 demus.
852 3573 1085 3645 Expedit
1130 3576 1401 3631 interdum
1428 3575 1698 3648 desipere,
1738 3586 1799 3634 ut
1827 3576 2013 3649 populi

423 3662 691 3733 possimus
716 3664 1022 3722 desiderata
1041 3666 1235 3737 gaudia
1257 3666 1555 3723 continere.

983 3773 1317 3832 EPISTOLA
1347 3776 1455 3832 LII.

569 3880 859 3923 CONSULARI
895 3884 1021 3924 νιιιο
1057 3883 1303 3924 ιιιυετιιι
1340 3884 1706 3927 THEODORICUS
1742 3886 1867 3926 REX.

428 3955 707 4035 Prtzcipit_
729 3968 786 4015 ut
812 3962 974 4035 eligat
1027 3963 1454 4035 agﬁntensorem,
1504 3966 1590 4035 qui
1638 3966 2015 4020 contentionem

498 4032 629 4103 inter
673 4029 946 4087 Leontium
984 4029 1136 4101 atque
1162 4029 1626 4103 Paschasium'pro
1650 4050 1887 4090 casarum
1916 4045 2019 4090 ter-

498 4101 652 4157 minis
680 4110 848 4158 ortam
877 4104 1108 4158 dirimat.

496 4192 650 4250 Sicut
677 4194 941 4251 invidiosa
979 4196 1141 4252 nimis
1187 4196 1646 4268 interpellantium
1675 4200 2019 4269 suggestione

428 4284 810 4354 comperimus,
842 4286 985 4342 inter
1012 4285 1294 4343 Leontium
1325 4294 1486 4358 atque
1514 4286 1862 4345 Paschasium
1891 4304 2018 4360 spe-

429 4374 657 4431 ctabiles
683 4376 829 4433 viros
858 4376 1031 4434 linalis
1077 4386 1196 4434 orta
1238 4377 1514 4434 contentio
1542 4386 1646 4446 est,
1699 4379 1773 4434 ita
1822 4387 1882 4434 ut
1911 4388 2019 4435 ter-

430 4464 605 4520 minos
628 4481 875 4522 casarum
901 4482 1119 4523 suarum
1151 4483 1262 4524 non
1302 4469 1531 4539 legibus,
1555 4470 1649 4526 sed
1672 4471 1875 4527 viribus
1903 4487 2021 4528 cre-

2114 3290 2256 3358 agris
2284 3289 2506 3355 divisus,
2537 3302 2809 3359 censuque
2854 3289 3156 3361 descriptus
3182 3298 3295 3357 est;
3343 3297 3405 3345 ut
3432 3289 3692 3360 possessio

2111 3396 2206 3437 sua
2256 3381 2389 3440 nulli
2436 3380 2727 3436 haberetur
2751 3381 2978 3448 incerta,
3025 3396 3187 3452 quam
3237 3397 3338 3452 pro
3378 3382 3693 3438 tributorum

2113 3481 2430 3544 susceperat
2452 3474 2758 3543 quantitate
2785 3465 3062 3531 solvenda.
3099 3474 3217 3532 Hoc
3250 3481 3447 3531 auctor
3467 3474 3690 3547 Hyl-nmo

2112 3565 2370 3621 metricus
2399 3564 2608 3635 redegit
2636 3563 2708 3619 ad
2755 3565 2951 3634 dogma
2992 3566 3388 3638 conscriptum;
3437 3574 3693 3636 quatenus

2112 3657 2383 3714 studiosus
2431 3656 2660 3725 legendo
2705 3658 2876 3727 possit
2920 3672 3231 3727 agnoscere,
3281 3659 3427 3729 quod
3481 3658 3693 3714 deberet

2114 3750 2285 3806 oculis
2331 3748 2578 3806 absolute
2613 3758 2938 3805 monstrare.
2971 3750 3199 3807 Videant
3240 3752 3373 3807 artis
3416 3751 3578 3820 hujus
3604 3765 3692 3820 pe-

2114 3840 2225 3907 riti,
2254 3839 2385 3910 quid
2413 3840 2479 3895 de
2508 3840 2637 3910 ipsis
2662 3841 2877 3912 publica
2902 3843 3066 3897 sentit
3093 3843 3407 3899 auctoritas.
3454 3842 3589 3898 Nam
3615 3843 3689 3898 di-

2115 3932 2351 4002 sciplina:
2381 3932 2501 3997 illa),
2535 3940 2652 3987 toto
2680 3932 2814 3988 orbe
2842 3933 3145 4000 celebratae,
3179 3950 3289 3990 non
3318 3934 3523 3991 habent
3561 3936 3688 3991 hunc

2114 4023 2397 4079 honorem.
2426 4022 2830 4078 Arithmeticam
2859 4025 3013 4093 dicis,
3041 4025 3320 4080 auditoriis
3357 4034 3534 4080 vacat.
3562 4025 3691 4081 Geo-

2116 4113 2327 4181 metria,
2355 4129 2477 4169 cum
2507 4120 2714 4168 tantum
2754 4114 2823 4170 de
2852 4115 3162 4172 coelestibus
3207 4115 3461 4186 disputat,
3495 4124 3688 4171 tantum

2119 4204 2371 4261 studiosis
2396 4203 2698 4275 exponitur.
2731 4204 3073 4261 Astronomia
3103 4213 3159 4260 et
3198 4206 3400 4260 musica
3424 4205 3689 4261 discuntur

2120 4294 2188 4349 ad
2215 4293 2497 4350 scientiam
2516 4294 2716 4361 solam;
2748 4294 3098 4364 agrimensori
3122 4309 3249 4351 vero
3276 4292 3460 4350 ﬁnium
3489 4296 3555 4352 lis
3580 4305 3688 4352 orta

2121 4384 2495 4453 committitur,
2524 4392 2586 4439 ut
2625 4386 3035 4441 contentionum
3076 4386 3401 4455 protervitas
3430 4386 3688 4443 abscinda-

2120 4483 2228 4531 tur.
2259 4475 2433 4532 Judex
2455 4484 2536 4534 est
2561 4477 2742 4546 itaque
2766 4476 2895 4532 artis
2916 4492 3047 4547 sua),
3070 4477 3249 4533 forum
3270 4479 3436 4548 ipsius
3460 4481 3574 4550 agri
3599 4479 3684 4535 de-

431 4553 622 4610 derent
646 4557 1017 4614 vindicandos.
1054 4556 1202 4613 Unde
1223 4560 1482 4615 miramur
1502 4567 1650 4615 tanta
1679 4562 2022 4620 animositate
2047 4582 2099 4643 ι)
2123 4567 2253 4622 serti
2282 4574 2406 4622 sunt
2449 4585 2463 4621 :
2506 4566 2614 4637 58
2654 4567 2947 4622 fanaticum
2995 4568 3189 4634 credis,
3239 4584 3401 4639 quem
3448 4570 3689 4626 tortuosis

434 4642 599 4700 luisse
626 4645 909 4716 litigatum,
938 4648 1084 4717 quod
1111 4655 1203 4704 aut
1232 4648 1472 4708 terminis
1494 4650 1734 4717 testibus,
1768 4658 1859 4706 aut
1876 4651 2019 4723 jugis
2058 4642 2071 4643 ί
2121 4658 2327 4714 semitis
2355 4657 2632 4713 ambulare
2666 4657 3037 4726 conspexeris.
3064 4657 3265 4714 Indicia
3308 4658 3571 4728 siquidem
3613 4674 3690 4714 re-

434 4735 722 4806 montium,
742 4746 835 4793 aut
862 4736 1142 4817 ﬂuminum
1162 4739 1312 4809 ripis,
1343 4748 1436 4794 aut
1455 4740 1717 4797 arcaturis
1742 4750 2021 4800 construc-

436 4827 507 4884 tis
526 4827 750 4899 aliisque
776 4829 942 4901 signis
966 4829 1301 4887 evidentibus
1328 4839 1540 4889 constat
1575 4845 1695 4889 esse
1719 4830 2017 4893 deﬁnitum.

509 5067 537 5097 ι
560 5055 749 5131 Circus
774 5058 928 5131 locus
974 5066 1092 5131 erat
1135 5060 1397 5131 publicus,
1430 5059 1559 5115 ὀποῦ
1582 5060 1822 5129 μάλιστα,
1854 5066 1914 5115 ιιι
1941 5067 2022 5115 est

438 5128 577 5197 apud
606 5128 971 5185 Herodianum
1000 5130 1091 5187 lib.
1136 5128 1175 5187 it
1220 5130 1379 5197 Hist.,
1412 5131 1467 5187 τὸ
1492 5128 1677 5193 πλῆθος
1718 5132 1886 5185 συνιὸν
1940 5132 2020 5184 ἐκ·

438 5201 718 5271 ἕλησᾷᾳζςι,
758 5200 813 5254 in
840 5214 946 5271 quo
974 5202 1206 5271 populus
1232 5200 1387 5256 ludos
1406 5208 1658 5271 spectans
1685 5200 2017 5260 considebat.

438 5268 621 5341 Virgil.
653 5268 747 5325 lib.
774 5285 810 5325 v
839 5268 1063 5326 [Ene'idl
1092 5288 1105 5324 :

812 5363 1111 5426 ..Mediaque
1136 5363 1187 5412 in
1207 5360 1332 5413 valle
1358 5361 1539 5414 theatri

624 5424 791 5475 Circus
813 5433 937 5475 erat.

440 5500 677 5560 Fuerunt
704 5515 883 5561 autem
923 5513 1031 5561 tres
1077 5504 1203 5560 circi
1253 5503 1458 5559 Romae.
1515 5501 1701 5560 Circus
1752 5505 2019 5563 maximus

443 5574 584 5646 inter
612 5575 875 5631 Palatium
903 5584 959 5631 et
985 5575 1340 5646 Aventinum;
1363 5574 1556 5646 circus
1582 5573 1895 5646 Flaminius,
1932 5577 2025 5646 qui

447 5650 501 5696 et
529 5643 868 5712 Apollinaris,
902 5655 956 5701 et
980 5647 1153 5701 circus
1176 5644 1405 5698 Neronis
1434 5644 1484 5698 in
1514 5643 1794 5700 Vaticano.
1837 5643 2021 5702 Bnoss.

521 5713 545 5750 ιι
578 5713 790 5783 Missus,
837 5733 915 5771 us.
975 5715 1104 5770 Erat
1151 5729 1337 5769 cursus
1383 5722 1591 5783 septem
1638 5715 2026 5773 curriculorum

448 5782 702 5850 solemnis
730 5786 1004 5842 confectus
1053 5793 1119 5840 ab
1149 5782 1499 5850 agitatoribus
1541 5783 1595 5837 in
1623 5783 1747 5838 ludo
1776 5785 2022 5842 circensi.

444 5848 663 5926 .Ouuph.
690 5851 915 5915 Panuin.
946 5885 1018 5921 :-
1039 5848 1285 5914 Missibus
1313 5869 1382 5914 ex
1400 5853 1466 5913 V.
1495 5852 1560 5914 C.
1589 5853 1874 5927 legendum
1921 5866 2024 5919 est.

2121 4768 2241 4808 rum
2287 4752 2428 4807 inter
2454 4751 2615 4807 silvas
2643 4765 2864 4821 asperas
2901 4758 2957 4807 et
3002 4751 3223 4808 dumeta
3269 4752 3553 4823 perquirit,
3592 4766 3687 4807 non

2123 4841 2359 4898 ambulat
2380 4840 2502 4911 jure
2528 4841 2818 4911 communi,
2841 4841 2927 4898 via
2955 4841 3034 4899 illi
3054 4850 3138 4900 est
3176 4857 3275 4900 sua
3300 4842 3482 4910 lectio,
3515 4852 3685 4900 osten-

2121 5068 2213 5148 S_ic
2230 5064 2587 5148 (gassiodorus
2608 5067 2672 5148 in
2691 5065 2959 5125 Chronico
2974 5068 3083 5148 sub
3127 5067 3376 5148 Philippo
3540 5067 3681 5148 im_p_.,

2124 5138 2491 5210 A‘Jmilianoet
2501 5138 2750 5210 Aquilino
2772 5153 2948 5207 cons.,
2974 5138 3145 5195 Varro
3174 5138 3245 5194 de
3270 5137 3351 5194 Re
3374 5138 3573 5193 rustica
3597 5137 3681 5192 lib.

2119 5226 2159 5277 ι’
2411 5206 2673 5359 ἐὲᾗῖοηθε
2692 5294 2872 5359 quam_
2896 5279 3247 5359 manuscripti
3276 5277 3479 5333 habent
3523 5290 3683 5359 gram-

2121 5350 2395 5413 maticam,
2410 5348 2504 5403 sed
2532 5364 2685 5404 error
2711 5358 2829 5415 est;
2858 5350 3143 5418 legendum
3162 5350 3304 5418 enim
3326 5348 3679 5418 gromatieam,

2122 5435 2231 5489 quo
2260 5420 2478 5489 nomine
2517 5418 2789 5489 inscripsit
2822 5416 2960 5489 eum
3003 5420 3197 5474 librum
3245 5416 3506 5488 Hyginus,
3536 5424 3684 5489 utte-

2123 5484 2296 5546 statur
2321 5484 2702 5543 Volaterranus
2744 5487 2909 5543 Urba.
2939 5489 3242 5544 Comment.
3288 5484 3380 5543 lib.
3414 5500 3501 5541 xv:
3531 5496 3580 5541 et
3598 5484 3679 5539 lib.

2122 5577 2249 5615 xxx.
2278 5559 2370 5613 Est
2396 5566 2577 5612 autem
2602 5574 2706 5613 vox
2728 5560 2944 5629 propria
2966 5560 3409 5629 agrimensorum.
3439 5556 3569 5629 Vide
3591 5555 3683 5609 No-

2123 5632 2269 5685 nium
2300 5628 2608 5684 Marcellum
2636 5629 2690 5682 in
2712 5625 2878 5683 verbo
2901 5625 3120 5683 Granius
3160 5637 3214 5685 et
3242 5627 3469 5683 Gram.
3502 5625 3673 5680 Junsr.

2123 5700 2274 5754 Hanc
2320 5698 2606 5755 lectionem
2638 5699 2942 5759 emendavit
2982 5700 3145 5763 etiam
3191 5700 3408 5763 Vossius
3456 5698 3523 5754 de
3567 5697 3681 5751 Arte

2122 5768 2363 5829 Gramm.
2395 5782 2516 5840 pag.
2540 5769 2594 5825 5.
