3958 6446
200 276 327 339 609

1465 281 1828 340 VARIARUM
1866 280 2068 341 LIBER
2104 285 2197 344 IV.

2830 245 2834 247 .
2866 232 2945 250 .-1Α

3383 304 3489 366 610

206 393 292 450 dit
321 391 474 463 quod
511 390 661 459 dicit,
710 394 905 465 probat
954 397 1098 468 quod
1125 395 1332 464 didicit,
1381 398 1651 469 gressibus
1689 398 1802 488 suis
1827 401 1880 464 Α
1906 415 2025 454 rum
2070 403 2302 461 volitare
2349 406 2752 478 spissitudinem
2819 415 3204 488 conspexerint
3265 421 3486 478 omnino

210 483 645 541 concertantium
669 483 790 554 jura
814 486 1098 555 discernit;
1124 497 1178 545 et
1205 505 1356 545 more
1378 489 1666 546 vastissimi
1696 487 1798 543 llu-

205 577 380 636 minis
407 585 458 646 ι,
479 577 601 633 aliis
637 579 810 649 spatia
832 581 989 648 tollit,
1036 582 1156 638 aliis
1183 596 1308 637 rura
1351 581 1615 637 concedit.
1653 582 1801 648 Qua-

209 676 442 740 propter
468 671 794 725 auctoritate
815 679 998 728 nostra
1024 671 1245 740 sulfulti,
1270 673 1431 728 talem
1454 673 1657 742 eligite,
1680 679 1804 744 post

210 773 380 830 quem
419 767 602 830 partes
629 761 954 818 erubescant
998 764 1292 834 impudenti
1339 765 1515 821 fronte
1551 766 1800 834 litigare;

209 858 485 920 quatenus
509 866 883 922 possessorum
907 855 1029 926 jura
1049 855 1270 912 confusa
1295 871 1536 912 essenon
1547 856 1799 922 debeant,

208 941 412 1010 quibus
440 949 526 998 est
548 945 912 1002 necessarium
940 947 1100 1004 rebus
1126 947 1360 1020 propriis
1401 947 1656 1004 adhibere
1685 948 1802 1004 cul-

207 1037 415 1088 turam.

761 1147 1095 1208 EPISTOLA
1129 1151 1262 1208 LIII.

206 1247 510 1294 ΔΡΒΟΝῙΛΝΟ
547 1238 668 1295 νηιο
704 1254 967 1308 ιιιυετιιι,
1007 1259 1192 1300 οοιιτι
1229 1259 1589 1316 ΡΒΙΥΑΤΔΒῸΠ,
1629 1260 1800 1303 τηεο-

817 1328 1039 1370 DOBICUS
1066 1331 1193 1372 REX.

175 1417 468 1502 ~Praecipit
496 1432 554 1477 ut
585 1425 632 1478 si
677 1426 984 1502 aquilegem,
1020 1431 1106 1502 qui
1155 1428 1378 1486 Romam
1404 1448 1468 1486 ea:
1495 1433 1678 1502 Africa
1711 1447 1800 1485 ve-

279 1500 466 1572 nerat,
505 1497 809 1572 compererit
853 1497 964 1572 esse
1010 1497 1162 1572 hujus
1217 1505 1347 1556 artis
1393 1497 1798 1572 peritissimum,

273 1563 512 1632 inapiam
530 1563 649 1644 ejus
678 1570 984 1644 necessariis
1013 1563 1238 1626 annonis
1265 1563 1469 1639 releuet,
1495 1573 1640 1643 eique
1671 1563 1802 1644 ἀαηὲ

233 1672 236 1674 η
284 1641 378 1704 gat
408 1635 793 1704 mechanicum,
821 1640 908 1708 qui
935 1656 1050 1694 eum
1079 1658 1236 1711 opera
1261 1658 1359 1696 sua
1378 1635 1544 1714 juuet.

1907 507 2234 564 muscarum,
2258 505 2388 553 tunc
2411 503 2732 570 promittunt
2753 505 2859 561 lani
2879 508 3037 564 facile
3065 511 3208 579 quod
3231 513 3490 583 quaeritur

1907 581 2155 638 inveniri.
2189 585 2406 642 Addunt
2427 591 2588 645 etiam
2616 592 2670 646 in
2698 595 2962 652 columna:
2990 601 3223 668 speciem
3249 581 3488 675 conspici

1905 674 2192 741 quemdam
2213 679 2584 736 tenuissimum
2612 681 2836 753 fumum,
2869 687 2959 758 qui
2988 701 3188 759 quanta
3219 674 3394 750 fuerit,
3415 697 3489 752 al-

1903 763 2136 821 titudine
2158 776 2438 837 porrectus
2466 771 2534 825 ad
2562 787 2851 838 summum,
2887 782 3038 832 tanto
3082 779 3138 835 in
3166 782 3332 839 imum
3358 785 3488 840 lati—

1904 866 1995 909 ces
2023 855 2190 912 latere
2220 868 2585 930 cognoscunt;
2617 871 2678 918 ut
2702 865 2806 920 hoc
2835 865 2907 920 sit
2933 867 3196 937 mirabile,
3226 877 3369 944 quod
3390 892 3500 948 per

1902 941 2020 999 base
2038 944 2249 1015 aliaque
2276 948 2426 1016 signa
2454 949 2666 1008 diversa
2693 969 2945 1011 mensura
2983 956 3202 1015 deﬁnita
3240 941 3488 1033 praedici-

1901 1041 2011 1103 tur,
2042 1045 2242 1106 quanta
2266 1039 2628 1110 profunditate
2660 1049 2884 1115 quaesita
2911 1059 3257 1107 monstretur.
3293 1053 3491 1110 Praedi-

1901 1134 2031 1182 cunt
2059 1127 2221 1184 etiam
2241 1145 2463 1200 sapores
2491 1148 2749 1203 aquarum
2780 1135 2904 1207 d,ut
2924 1156 3026 1196 nec
3053 1157 3242 1212 aspera
3271 1141 3489 1213 dispen-

1902 1217 2055 1275 dioso
2083 1220 2269 1276 labore
2297 1222 2493 1278 debeat
2530 1227 2715 1294 quaeri,
2746 1243 2846 1284 nec
2875 1231 3049 1287 dulcis
3076 1233 3489 1302 necessariaque

1903 1310 2166 1366 inhonora
2187 1315 2479 1368 contemni.
2507 1315 2655 1373 Hanc
2684 1319 2966 1377 scientiam
2991 1321 3345 1394 'sequentibus
3371 1325 3482 1394 pul-

1901 1403 2031 1459 chre
2051 1403 2386 1460 tradiderunt
2406 1407 2547 1476 apud
2566 1406 2785 1466 Graecos
2806 1413 2918 1483 ille,
2939 1410 3081 1486 apud
3105 1415 3325 1472 Latinos
3347 1416 3488 1472 Mar-

1900 1493 2097 1561 cellus;
2128 1494 2222 1564 qui
2262 1511 2370 1551 non
2397 1496 2570 1551 solum
2597 1498 2665 1554 de
2704 1501 3067 1561 subterraneis
3114 1505 3346 1572 liuentis,
3393 1506 3488 1562 sed

1900 1585 1970 1641 de
1997 1587 2114 1656 ipso
2143 1601 2360 1658 quoque
2405 1603 2502 1646 ore
2545 1589 2774 1648 fontium
2820 1594 3052 1652 sollicite
3102 1605 3482 1653 tractaverunt.

1899 1675 2098 1732 Dicunt
2139 1679 2285 1733 enim
2328 1695 2496 1751 aquas
2542 1697 2663 1752 quae
2709 1683 2778 1738 ad
2825 1685 3092 1741 orientem
3143 1694 3489 1759 austrumquc

275 1743 661 1812 Magnitudinis
685 1755 878 1804 vestra:
905 1751 1172 1808 relatione
1197 1753 1598 1827 jcomperimus,
1646 1762 1800 1832 aqui—
1826 1792 1875 1854 Β
1901 1778 2286 1840 prorumpunt,
2334 1743 2516 1826 dulces
2556 1743 2716 1842 atque
2749 1775 3060 1844 perspicuas
3109 1789 3246 1843 esse,
3288 1784 3344 1833 et
3385 1743 3486 1846 pro

197 1837 408 1907 legium
429 1839 458 1879 ιι
491 1840 718 1898 Romam
745 1845 958 1900 venisse
995 1847 1063 1902 de
1101 1848 1346 1918 partibus
1387 1850 1671 1922 Africanis,
1705 1856 1796 1912 mai

197 1944 292 1986 ars
336 1932 451 2002 ipsa
475 1947 575 2003 pro
602 1935 846 1991 locorum
875 1938 1122 1994 siccitate
1161 1955 1357 2010 magno
1382 1945 1561 2001 studio
1584 1962 1798 2020 semper

193 2021 494 2089 excolitur,
519 2025 612 2093 qui
654 2027 819 2083 aridis
856 2028 990 2086 locis
1029 2043 1197 2100 aquas
1233 2034 1404 2102 possit
1431 2035 1561 2092 dare
1591 2041 1797 2094 venati-

113 2103 118 2108 ’
191 2111 280 2167 les
316 2125 374 2180 =;
417 2123 478 2169 ut
521 2116 784 2174 benelicio
819 2134 920 2176 suo
966 2122 1212 2180 habitare
1258 2123 1418 2181 faciat
1462 2127 1582 2184 loca
1629 2131 1795 2188 nimia

190 2207 495 2295 sterilitate
516 2211 737 2295 siccata.
754 2212 871 2270 Hoc
899 2217 1055 2272 nobis
1077 2218 1241 2275 fuisse
1264 2230 1475 2289 gratum
1496 2239 1791 2295 cognosce;

194 2293 478 2368 quatenus
503 2293 764 2360 industria
792 2306 882 2362 illa
910 2309 1175 2378 majorum
1204 2311 1356 2368 libris
1383 2293 1647 2386 exposita,
1693 2333 1795 2373 no-

191 2390 330 2446 stris
359 2395 692 2464 temporibus
717 2399 928 2455 venerit
963 2403 1329 2473 approbanda.
1372 2405 1553 2476 Signis
1595 2409 1795 2479 quippe

191 2484 491 2542 virentium
525 2489 813 2549 herbarum
849 2508 914 2550 ac
940 2498 1271 2566 proceritate
1299 2499 1556 2554 arborum
1597 2501 1795 2556 vicini-

190 2583 368 2634 tatem
411 2579 616 2650 colligit
657 2583 915 2642 decenter
942 2589 1224 2644 undarum.
1254 2589 1440 2647 Terris
1474 2593 1641 2658 enim,
1672 2594 1794 2663 qui-

190 2666 297 2723 bus
318 2668 494 2726 dulcis
518 2673 713 2730 humor
740 2691 848 2731 non
870 2677 1028 2748 longe
1055 2682 1260 2746 subest,
1291 2683 1510 2740 ubertas
1534 2700 1794 2755 quorum-

189 2758 323 2814 dam
350 2764 654 2831 germinum
694 2783 911 2839 semper
936 2773 1168 2840 arridet;
1199 2782 1262 2828 ut
1297 2784 1380 2830 est
1403 2777 1599 2846 juncus
1627 2793 1794 2847 aqua-

190 2851 330 2943 tilis,
373 2869 560 2912 canna-
595 2859 750 2929 levis,
795 2862 964 2918 rubus
984 2865 1215 2933 validus,
1263 2867 1402 2922 salix
1447 2868 1595 2925 lenta
1643 2872 1790 2943 [mss.

190 2939 290 2997 Gr.
324 2954 376 2997 et
403 2945 543 3020 Cuj.,
583 2949 749 3021 laeta],
781 2955 1012 3024 populus
1036 2955 1234 3022 virens,
1281 2965 1337 3012 et
1380 2959 1589 3028 reliqua
1631 2939 1793 3018 arbo-

185 3049 316 3090 rum
367 3051 588 3105 genera,
618 3057 740 3110 quae
775 3049 958 3100 tamen
989 3046 1129 3101 ultra
1178 3054 1426 3103 naturam
1468 3065 1621 3106 suam
1649 3052 1792 3109 felici

1901 1872 1998 1912 sua
2023 1857 2245 1912 levitate
2273 1859 2652 1918 saluberrimas
2695 1863 2952 1932 inveniri;
2985 1865 3040 1920 in
3065 1867 3487 1939 septentrionem

1898 1963 2030 2004 vero
2056 1957 2218 2018 atque
2244 1951 2588 2035 occidentem
2637 1969 2972 2026 quaecunque
2998 1969 3237 2026 manant,
3267 1960 3485 2030 probari

1897 2040 2113 2110 quidem
2153 2041 2310 2097 nimis
2352 2042 2591 2114 frigidas,
2621 2048 2716 2102 sed
2760 2049 3112 2106 crassitudine
3152 2065 3262 2106 suae
3305 2053 3483 2120 gravi-

1898 2133 2023 2186 tatis
2061 2133 2449 2191 incommodas.
2491 2137 2666 2208 Atque
2705 2140 2846 2207 ideo,
2887 2143 2933 2197 si
2960 2144 3153 2199 viderit
3180 2135 3480 2201 memorato

1897 2223 1972 2280 illi
2000 2225 2261 2295 sapientia
2290 2236 2471 2283 vestra
2499 2237 2554 2283 et
2577 2229 2844 2287 codicum
2875 2233 3125 2301 lectione,
3164 2244 3219 2290 et
3257 2249 3355 2290 usu
3390 2251 3483 2291 rea

1895 2331 2017 2371 rum
2043 2331 2163 2387 quas
2199 2327 2323 2373 sunt
2347 2320 2601 2389 praedicta
2625 2330 2894 2389 constare,
2921 2327 3356 2396 competentibus
3383 2340 3479 2380 an-

1896 2408 2054 2463 nonis
2097 2408 2164 2464 de
2215 2409 2431 2479 publico
2476 2413 2784 2484 deputatis,
2828 2417 3319 2488 peregrinationem
3366 2417 3481 2487 ejus

1894 2500 2244 2572 in0piamque
2259 2503 2536 2560 relevabis
2569 2524 2582 2560 :
2612 2517 2934 2578 accepturus
2953 2509 3250 2577 mercedes,
3277 2509 3365 2565 cui
3393 2524 3482 2563 ar-

1897 2593 1965 2648 tis
1990 2607 2100 2648 suae
2126 2593 2268 2649 dona
2307 2597 2636 2665 praestiterit.
2679 2597 2813 2652 Nam
2842 2600 3089 2670 quamvis
3117 2599 3359 2656 Romana
3405 2600 3480 2655 ci-

1893 2685 2034 2739 vitas
2059 2684 2213 2755 aquis
2240 2685 2477 2741 abundet
2503 2687 2739 2757 irriguis,
2761 2689 2938 2758 sitque
2965 2690 3202 2746 fontibus
3221 2689 3476 2759 gaudens,

1895 2781 1951 2830 et
1977 2773 2273 2829 formarum
2311 2776 2663 2834 inundatione
2706 2779 2988 2847 ditissima,
3028 2780 3370 2851 reperiuntur
3397 2788 3480 2834 ta-

1893 2881 2020 2922 men
2062 2868 2293 2937 plurima
2341 2871 2647 2925 suburbana
2687 2887 2806 2941 qum
2851 2873 2990 2927 hanc
3018 2873 3298 2927 videantur
3333 2871 3477 2927 desi-

1893 2957 2084 3013 derare
2109 2958 2373 3028 peritiam.
2422 2957 2488 3012 Et
2527 2959 2722 3014 merito
2750 2961 3078 3025 continetur,
3121 2961 3212 3030 qui
3244 2961 3332 3015 vel
3378 2975 3478 3030 pro

1893 3057 2049 3119 parte
2077 3051 2413 3105 necessarius
2439 3065 2557 3106 esse
2585 3052 2948 3120 cognoscitur.
2983 3053 3115 3107 lluic
3152 3060 3330 3107 tamen
3360 3067 3474 3106 me-

191 3130 536 3196 proceritate
563 3131 856 3189 luxuriant.
903 3135 1041 3191 Sunt
1081 3146 1138 3192 et
1167 3139 1270 3195 alia
1317 3141 1477 3210 hujus
1501 3143 1634 3199 artis
1659 3145 1793 3200 indi-
1821 3168 1869 3233 C
1898 3141 2154 3197 chanicus
2181 3141 2401 3196 omnino
2419 3141 2722 3213 jungendus
2749 3151 2851 3208 est,
2881 3150 2940 3196 ut
2966 3142 3154 3209 undas,
3197 3157 3331 3210 quas
3377 3143 3479 3198 iste

186 3217 302 3284 cia,
336 3235 460 3275 cum
484 3232 650 3279 nocte
676 3219 997 3283 adveniente
1039 3229 1163 3284 lana
1197 3231 1340 3286 sicca
1370 3231 1426 3286 in
1450 3238 1651 3289 terram
1690 3251 1792 3306 po.
1824 3217 1868 3233 u
1896 3234 2120 3302 reperit,
2150 3233 2242 3288 ille
2287 3235 2458 3298 levet;
2491 3242 2546 3288 et
2572 3242 2688 3289 arte
2710 3235 2890 3290 subire
2911 3234 3094 3298 faciat,
3112 3235 3256 3305 quod
3285 3249 3474 3290 ascen-

185 3308 344 3364 nitur
359 3312 474 3380 jam
499 3315 796 3386 provisam,
820 3325 876 3373 et
894 3319 1014 3374 rudi
1042 3315 1242 3377 ca‘cabo
1267 3331 1409 3378 tecta
1435 3323 1784 3394 relinquitur:

189 3407 325 3457 tunc
353 3401 400 3456 si
434 3417 588 3472 aqua:
616 3408 932 3475 proximitas
958 3411 1220 3480 arriserit,
1247 3427 1408 3469 mane
1449 3415 1668 3470 humida
1694 3430 1786 3472 re-

189 3493 421 3564 peritur.
454 3494 582 3552 Sole
602 3507 782 3554 autem
804 3500 1080 3557 declarato
1108 3503 1388 3561 intuentur
1413 3506 1579 3562 etiam
1610 3508 1782 3577 magi-

172 3586 293 3641 stri
317 3586 444 3643 loca
484 3587 717 3658 solliciti,
747 3599 804 3648 et
828 3592 918 3648 ubi
964 3608 1128 3664 supra
1155 3602 1352 3650 terram
1390 3597 1782 3654 minutissima-

263 3757 290 3786 ι
323 3748 397 3804 Et
415 3760 604 3828 contra
648 3751 868 3828 ﬂumina
888 3754 1007 3810 vice
1022 3756 1360 3828 Acensit_orum
1397 3756 1712 3828 funguntur,
1741 3759 1780 3814 l.

190 3817 278 3894 30,
311 3835 468 3894 ergo,
501 3822 722 3894 alluvio,
751 3822 830 3878 De
854 3839 973 3894 aeq.
1004 3826 1151 3880 dom.
1184 3825 1426 3882 Fonnsn.

263 3889 292 3968 ξι
321 3889 639 3968 Legen_dum
667 3889 989 3968 aquilegem.
1016 3895 1294 3952 Vocantur
1310 3898 1465 3968 enim
1499 3897 1785 3968 aquileges

191 3973 223 4014 a
251 3957 466 4016 Seneca
494 3962 683 4018 Natur.
714 3957 902 4034 quaest.
936 3966 1028 4022 lib.
1053 3983 1129 4034 lli,
1153 3981 1277 4037 cap.
1302 3965 1400 4035 15;
1432 3982 1464 4024 a
1492 3957 1666 4026 Plinio
1686 3957 1782 4026 lib.

195 4045 248 4088 x.
277 4032 441 4088 epist.
475 4031 566 4088 58.
597 4031 718 4088 Jun.

195 4045 248 4094 x,
277 4041 441 4102 epist.
475 4041 566 4088 58.
597 4041 718 4090 Jun.

1895 3325 2025 3381 dere
2069 3341 2176 3381 non
2225 3326 2481 3397 praevalet
2528 3341 2621 3396 per
2660 3334 2928 3381 naturam.
2965 3325 3239 3381 Habentur
3265 3340 3394 3396 ergo
3423 3334 3479 3382 et

1893 3417 1997 3474 iste
2025 3417 2166 3472 inter
2192 3417 2516 3486 reliquarum
2547 3417 2742 3471 artium
2769 3416 3166 3486 magistros,‘ne
3192 3416 3318 3486 quid
3337 3416 3479 3470 desi-

1892 3507 2132 3564 derabile
2173 3516 2391 3578 putetur
2410 3507 2595 3573 fuisse,
2626 3507 2771 3578 quod
2800 3509 2899 3564 sub
2922 3509 3076 3566 nobis
3096 3524 3205 3565 non
3235 3509 3476 3580 potuerit

1893 3599 2139 3656 Romana
2175 3600 2364 3656 civitas
2393 3601 2690 3657 continere.

1965 3769 1988 3798 °
2018 3758 2204 3842 ldest,
2237 3775 2400 3832 aquas
2437 3762 2652 3831 ﬂuentes
2674 3779 2704 3816 e
2739 3779 2867 3818 vena
2888 3771 3153 3836 perpetua.
3182 3760 3305 3818 Jun.
3339 3763 3473 3828 Alii,

1888 3831 2317 3971 vezngelgpore
2341 3917 2494 3972 aquae
2513 3902 2818 3958 Victruvius
2843 3904 2936 3959 lib.
2968 3918 3079 3966 vm,
3108 3915 3229 3970 cap.
3258 3900 3336 3972 ip:
3363 3916 3474 3972 quo

1887 3971 1943 4026 in
1973 3971 2089 4044 lib.,
2122 3970 2412 4028 etSeneca
2459 3973 2550 4044 lib.
2602 3989 2658 4027 ιιι
2697 3972 2882 4029 Natur.
2915 3982 3105 4044 qumst.
3137 4013 3153 4040 ,
3202 3970 3386 4044 u_1_ulta'
3407 3970 3475 4025 de

1889 4042 2060 4112 aquis,
2076 4057 2196 4113 qua:
2212 4059 2354 4098 nunc
2375 4043 2611 4114 prudens
2632 4044 2844 4110 omitto,
2860 4038 3214 4112 disputantur.
3231 4038 3472 4096 FORNEB.

207 4177 3450 4203 Mm”

1341 4299 1687 4386 LIBER
1761 4305 2369 4416 QUARTUS.
2421 4432 2423 4434 η

1692 4481 1989 4500 ψ

624 4565 734 4639 59
755 4565 1090 4624 EPISTOLA
1115 4569 1350 4626 PRIMA.

185 4645 589 4715 πειιιιιθιλιτιιωο
642 4659 794 4731 [mss.
843 4661 1204 4735 BEBIAPRIDO]
1239 4679 1363 4721 REGI
1406 4679 1780 4724 ruonmconmt

728 4746 1093 4787 THEODOBICUS
1122 4749 1248 4789 REX.

198 4815 299 4874 Dat
328 4821 408 4876 illi
446 4823 500 4876 in
529 4825 916 4900 matrimonium
940 4832 1144 4895 neptem
1171 4841 1339 4900 suam,
1367 4845 1479 4900 qua:
1502 4829 1780 4900 laudatur;

264 4903 312 4946 et
344 4895 604 4947 renuntiat
632 4911 687 4948 se
714 4911 892 4968 equos,
936 4911 1151 4966 quorum
1178 4895 1505 4968 pulchritudo
1534 4895 1783 4956 describi-

266 4972 368 5025 tur,
412 4979 504 5047 nec
549 4981 654 5019 non
681 4975 731 5020 et
773 4965 880 5019 alia
920 4965 1137 5022 munera
1164 4965 1230 5021 ab
1277 4985 1336 5024 eo
1374 4972 1536 5026 missa
1564 4972 1780 5027 libenter

265 5049 544 5105 accepisse.

267 5124 644 5183 Desiderantes
692 5143 790 5185 vos
854 5131 1055 5186 nostris
1102 5143 1394 5201 aggregare
1446 5132 1780 5203 parentibus,

199 5220 374 5288 neptis
403 5217 519 5292 [Ac.
539 5261 556 5288 ,
585 5217 828 5290 neptem]
857 5220 1026 5276 charo
1048 5222 1281 5293 pignori,
1298 5223 1529 5294 pmpitia
1551 5221 1782 5292 Deitate,

200 5312 493 5380 sociamus;
540 5319 600 5367 ut
638 5311 732 5381 qui
775 5311 844 5368 de
873 5313 1020 5381 regia
1067 5315 1234 5384 stirpe
1260 5315 1605 5382 descenditis,
1641 5329 1785 5372 nunc

267 5499 294 5528 ι
318 5488 515 5547 Uxoris
559 5489 734 5562 dotes,
773 5488 1045 5562 doctrina,
1094 5502 1293 5558 mores,
1346 5490 1539 5562 forma,
1568 5493 1772 5562 "genus,

200 5554 609 5632 dignitaspsed
659 5554 954 5631 principem
1001 5554 1177 5632 locum
1229 5554 1537 5632 eruditioni
1567 5554 1772 5617 tribuit.

203 5624 457 5687 Solebant
478 5624 909 5702 autem'veteres
949 5630 1157 5702 puellas
1185 5633 1401 5688 erudire
1427 5650 1440 5685 :
1476 5631 1654 5686 Livius
1679 5633 1770 5688 lib.

204 5710 275 5763 Ill,
323 5702 387 5773 de
414 5702 678 5771 Virginia;
713 5699 850 5756 Plin.
882 5699 972 5757 lib'.
1013 5719 1050 5770 ι,
1099 5702 1254 5773 epist.
1290 5702 1388 5769 i7;
1438 5701 1635 5773 Athen.
1678 5703 1770 5758 lib.

203 5780 293 5825 xm
309 5789 323 5839 ;
356 5771 600 5842 Lucian.,
626 5794 744 5853 περι
770 5782 869 5828 τῶν
894 5775 978 5831 ἐπὶ
1000 5771 1164 5849 uiuos:
1194 5776 1464 5831 συνόντων.
1499 5772 1773 5833 Plutarch.

1804 4579 1858 4639 Β
1884 4575 2050 4632 etiam
2079 4575 2293 4646 longius
2341 4573 2586 4632 claritate
2616 4571 2912 4644 imperialis
2953 4568 3228 4642 sanguinis
3270 4566 3468 4638 fulgeas

1890 4669 1980 4725 tis.
2025 4669 2284 4724 Mittimus
2314 4668 2380 4724 ad
2421 4683 2522 4723 vos
2547 4676 2794 4723 ornatum
2839 4665 3025 4720 aulica:
3071 4665 3284 4730 domus,
3336 4661 3476 4731 aug-

1889 4767 2072 4816 menta
2114 4761 2347 4830 generis,
2392 4760 2586 4816 solatia
2636 4758 2806 4814 fidelis
2847 4757 3087 4821 consilii,
3136 4754 3473 4811 dulcedinem

1887 4853 2258 4910 suavissimam
2308 4853 2680 4922 conjugalem;
2727 4865 2846 4921 quae
2892 4859 2948 4905 et
2991 4849 3322 4905 dominatum
3349 4843 3474 4912 jure

1888 4945 2168 5002 vobiscum
2197 4945 2438 5015 impleat,
2467 4954 2523 5000 et
2551 4945 2825 5001 nationem
2867 4951 3103 4998 vestram
3131 4941 3354 4996 meliore
3382 4937 3469 4990 in-

1889 5040 2171 5094 stitutione
2198 5045 2510 5108 componat.
2556 5037 2785 5094 Habebit
2822 5036 2950 5092 felix
2984 5032 3292 5102 Thoringia,
3324 5027 3470 5098 quod

1883 5130 2109 5184 nutrivit
2135 5127 2287 5182 Italia
2309 5129 2501 5183 litteris
2541 5129 2759 5185 doctam
2790 5139 2838 5195 ι,
2890 5127 3130 5184 moribus
3180 5121 3468 5188 eruditam,

1885 5223 2138 5280 decoram
2189 5235 2301 5276 non
2347 5221 2524 5278 solum
2570 5234 2786 5289 genere,
2837 5226 3098 5289 quantum
3140 5223 3194 5270 et
3236 5209 3468 5267 feminea

1884 5313 2174 5383 dignitate;
2205 5320 2264 5367 ut
2287 5327 2394 5368 non
2417 5312 2596 5368 minus
2617 5314 2792 5384 patria
2814 5316 2993 5366 vestra
3016 5307 3169 5363 istius
3191 5301 3472 5375 splendeat

1879 5492 2002 5574 περὶ
2030 5489 2457 5574 παρῷῃάγογῇςτ
2502 5490 2710 5574 Galieni
2742 5491 2871 5574 imp.
2901 5487 3372 5574 temporenpuellm
3412 5493 3470 5574 et

1883 5559 2058 5641 vidua:
2105 5559 2300 5641 Plotini
2344 5559 2652 5641 philosophi
2697 5559 2936 5641 scholam
2969 5559 3470 5641 disciplinm'causa

1880 5627 2295 5711 frequengbant
2335 5627 2816 5711 {ncujus'illn‘stitnti
2863 5627 3226 5711 meminerunt
3265 5627 3462 5711 Julian.

1882 5699 2079 5758 “IL—IV.
2111 5701 2208 5757 Ubi
2235 5702 2401 5771 pupil.
2419 5699 2596 5766 educ.,
2617 5699 2874 5756 Gordiani.
2905 5700 2998 5756 lib.
3025 5715 3117 5768 xv,
3141 5700 3187 5756 si
3215 5707 3465 5770 paterno,

1881 5789 1932 5831 c.
1963 5774 2026 5830 de
2052 5790 2167 5845 περ.
2201 5783 2331 5844 gest.
2370 5771 2540 5828 FORN.
