  <div class='ocr_page' id='page_1' title='image "/cluster/home/n/w/nwhite01/storage/ocr_20150623/69/hvd.32044015469349/315.png"; bbox 0 0 3958 6468; ppageno 0'>
   <div class='ocr_carea' id='block_1_1' title="bbox 1234 301 1263 311">
    <p class='ocr_par' dir='ltr' id='par_1_1' title="bbox 1234 301 1263 311">
     <span class='ocr_line' id='line_1_1' title="bbox 1234 301 1263 311; baseline 0 -4"><span class='ocrx_word' id='word_1_1' title='bbox 1234 301 1263 311; x_wconf 69' lang='grc' dir='ltr'><strong>-ν</strong></span> 
     </span>
    </p>
   </div>
   <div class='ocr_carea' id='block_1_2' title="bbox 465 342 581 415">
    <p class='ocr_par' dir='ltr' id='par_1_2' title="bbox 465 342 581 415">
     <span class='ocr_line' id='line_1_2' title="bbox 465 342 581 415; baseline 0.009 -1"><span class='ocrx_word' id='word_1_2' title='bbox 465 342 581 415; x_wconf 63' lang='grc'><strong>615⁷</strong></span> 
     </span>
    </p>
   </div>
   <div class='ocr_carea' id='block_1_3' title="bbox 1699 325 2529 395">
    <p class='ocr_par' dir='ltr' id='par_1_3' title="bbox 1699 325 2529 395">
     <span class='ocr_line' id='line_1_3' title="bbox 1699 325 2529 395; baseline -0.013 -1"><span class='ocrx_word' id='word_1_3' title='bbox 1699 335 1773 395; x_wconf 85' lang='lat' dir='ltr'><strong>M.</strong></span> <span class='ocrx_word' id='word_1_4' title='bbox 1812 330 2093 392; x_wconf 79' lang='lat' dir='ltr'><strong>AURELll</strong></span> <span class='ocrx_word' id='word_1_5' title='bbox 2127 325 2529 389; x_wconf 82' lang='lat' dir='ltr'><strong>CASSIODORI</strong></span> 
     </span>
    </p>
   </div>
   <div class='ocr_carea' id='block_1_4' title="bbox 3654 324 3787 380">
    <p class='ocr_par' dir='ltr' id='par_1_4' title="bbox 3654 324 3787 380">
     <span class='ocr_line' id='line_1_4' title="bbox 3654 324 3787 380; baseline -0.015 0"><span class='ocrx_word' id='word_1_6' title='bbox 3654 324 3787 380; x_wconf 82' lang='lat' dir='ltr'><strong>6l6</strong></span> 
     </span>
    </p>
   </div>
   <div class='ocr_carea' id='block_1_5' title="bbox 463 443 3783 541">
    <p class='ocr_par' dir='ltr' id='par_1_5' title="bbox 463 443 3783 541">
     <span class='ocr_line' id='line_1_5' title="bbox 463 443 3783 541; baseline -0.008 -13"><span class='ocrx_word' id='word_1_7' title='bbox 463 464 732 541; x_wconf 80' lang='lat' dir='ltr'><strong>explere].</strong></span> <span class='ocrx_word' id='word_1_8' title='bbox 755 463 888 520; x_wconf 89' lang='lat' dir='ltr'><strong>Nam</strong></span> <span class='ocrx_word' id='word_1_9' title='bbox 918 471 1041 518; x_wconf 87' lang='lat' dir='ltr'><strong>cum</strong></span> <span class='ocrx_word' id='word_1_10' title='bbox 1069 456 1350 516; x_wconf 76' lang='lat' dir='ltr'><strong>ambitioni</strong></span> <span class='ocrx_word' id='word_1_11' title='bbox 1381 466 1491 512; x_wconf 66' lang='lat' dir='ltr'><strong>suae</strong></span> <span class='ocrx_word' id='word_1_12' title='bbox 1516 452 1734 518; x_wconf 79' lang='lat' dir='ltr'><strong>serviat,</strong></span> <span class='ocrx_word' id='word_1_13' title='bbox 1764 465 2053 522; x_wconf 80' lang='lat' dir='ltr'><strong>prapemo-</strong></span> <span class='ocrx_word' id='word_1_14' title='bbox 2078 462 2131 518; x_wconf 76' lang='grc' dir='ltr'>Α</span> <span class='ocrx_word' id='word_1_15' title='bbox 2159 451 2289 504; x_wconf 88' lang='lat' dir='ltr'><strong>tium</strong></span> <span class='ocrx_word' id='word_1_16' title='bbox 2337 448 2620 504; x_wconf 73' lang='lat' dir='ltr'><strong>sublevem</strong></span> <span class='ocrx_word' id='word_1_17' title='bbox 2669 443 2913 503; x_wconf 85' lang='lat' dir='ltr'><strong>fortunas</strong></span> <span class='ocrx_word' id='word_1_18' title='bbox 2945 462 2958 499; x_wconf 92' lang='lat'><strong>:</strong></span> <span class='ocrx_word' id='word_1_19' title='bbox 2990 446 3119 518; x_wconf 84' lang='lat' dir='ltr'><strong>quia</strong></span> <span class='ocrx_word' id='word_1_20' title='bbox 3148 446 3297 517; x_wconf 89' lang='lat' dir='ltr'><strong>quod</strong></span> <span class='ocrx_word' id='word_1_21' title='bbox 3325 443 3510 503; x_wconf 88' lang='lat' dir='ltr'><strong>aliena</strong></span> <span class='ocrx_word' id='word_1_22' title='bbox 3533 445 3599 501; x_wconf 82' lang='lat' dir='ltr'><strong>vi</strong></span> <span class='ocrx_word' id='word_1_23' title='bbox 3630 464 3783 506; x_wconf 83' lang='lat' dir='ltr'><strong>eon-</strong></span> 
     </span>
    </p>
   </div>
   <div class='ocr_carea' id='block_1_6' title="bbox 461 545 2053 623">
    <p class='ocr_par' dir='ltr' id='par_1_6' title="bbox 461 545 2053 623">
     <span class='ocr_line' id='line_1_6' title="bbox 461 545 2053 623; baseline -0.014 -4"><span class='ocrx_word' id='word_1_24' title='bbox 461 564 592 619; x_wconf 91' lang='lat' dir='ltr'><strong>dum</strong></span> <span class='ocrx_word' id='word_1_25' title='bbox 618 561 821 615; x_wconf 88' lang='lat' dir='ltr'><strong>donare</strong></span> <span class='ocrx_word' id='word_1_26' title='bbox 847 556 1083 623; x_wconf 87' lang='lat' dir='ltr'><strong>videtur,</strong></span> <span class='ocrx_word' id='word_1_27' title='bbox 1110 554 1203 623; x_wconf 89' lang='lat' dir='ltr'><strong>qui</strong></span> <span class='ocrx_word' id='word_1_28' title='bbox 1241 550 1427 608; x_wconf 92' lang='lat' dir='ltr'><strong>vendit</strong></span> <span class='ocrx_word' id='word_1_29' title='bbox 1454 556 1692 618; x_wconf 90' lang='lat' dir='ltr'><strong>rogatus.</strong></span> <span class='ocrx_word' id='word_1_30' title='bbox 1738 545 1820 600; x_wconf 83' lang='lat' dir='ltr'><strong>Ad</strong></span> <span class='ocrx_word' id='word_1_31' title='bbox 1846 552 2053 599; x_wconf 88' lang='lat' dir='ltr'><strong>satura-</strong></span> 
     </span>
    </p>
   </div>
   <div class='ocr_carea' id='block_1_7' title="bbox 463 644 2052 707">
    <p class='ocr_par' dir='ltr' id='par_1_7' title="bbox 463 644 2052 707">
     <span class='ocr_line' id='line_1_7' title="bbox 463 644 2052 707; baseline -0.01 -1"><span class='ocrx_word' id='word_1_32' title='bbox 463 662 549 707; x_wconf 91' lang='lat' dir='ltr'><strong>tos</strong></span> <span class='ocrx_word' id='word_1_33' title='bbox 576 665 699 705; x_wconf 89' lang='lat' dir='ltr'><strong>cum</strong></span> <span class='ocrx_word' id='word_1_34' title='bbox 730 647 1001 703; x_wconf 81' lang='lat' dir='ltr'><strong>mercibus</strong></span> <span class='ocrx_word' id='word_1_35' title='bbox 1029 645 1109 700; x_wconf 91' lang='lat' dir='ltr'><strong>ire</strong></span> <span class='ocrx_word' id='word_1_36' title='bbox 1140 652 1413 700; x_wconf 82' lang='lat' dir='ltr'><strong>certamen</strong></span> <span class='ocrx_word' id='word_1_37' title='bbox 1445 647 1560 695; x_wconf 91' lang='lat' dir='ltr'><strong>est:</strong></span> <span class='ocrx_word' id='word_1_38' title='bbox 1586 653 1685 694; x_wconf 92' lang='lat' dir='ltr'><strong>suo</strong></span> <span class='ocrx_word' id='word_1_39' title='bbox 1715 644 1896 691; x_wconf 89' lang='lat' dir='ltr'><strong>autem</strong></span> <span class='ocrx_word' id='word_1_40' title='bbox 1925 648 2052 705; x_wconf 87' lang='lat' dir='ltr'><strong>pre-</strong></span> 
     </span>
    </p>
   </div>
   <div class='ocr_carea' id='block_1_8' title="bbox 460 724 2052 812">
    <p class='ocr_par' dir='ltr' id='par_1_8' title="bbox 460 724 2052 812">
     <span class='ocr_line' id='line_1_8' title="bbox 460 724 2052 812; baseline -0.011 -14"><span class='ocrx_word' id='word_1_41' title='bbox 460 742 593 798; x_wconf 90' lang='lat' dir='ltr'><strong>tium</strong></span> <span class='ocrx_word' id='word_1_42' title='bbox 613 738 788 812; x_wconf 88' lang='lat' dir='ltr'><strong>poscit</strong></span> <span class='ocrx_word' id='word_1_43' title='bbox 806 736 1051 802; x_wconf 88' lang='lat' dir='ltr'><strong>arbitrio,</strong></span> <span class='ocrx_word' id='word_1_44' title='bbox 1073 735 1166 806; x_wconf 89' lang='lat' dir='ltr'><strong>qui</strong></span> <span class='ocrx_word' id='word_1_45' title='bbox 1186 732 1439 789; x_wconf 88' lang='lat' dir='ltr'><strong>victualia</strong></span> <span class='ocrx_word' id='word_1_46' title='bbox 1466 736 1648 801; x_wconf 79' lang='lat' dir='ltr'><strong>potest</strong></span> <span class='ocrx_word' id='word_1_47' title='bbox 1670 727 1812 783; x_wconf 85' lang='lat' dir='ltr'><strong>ferre</strong></span> <span class='ocrx_word' id='word_1_48' title='bbox 1832 724 2052 796; x_wconf 84' lang='lat' dir='ltr'><strong>jejunis.</strong></span> 
     </span>
    </p>
   </div>
   <div class='ocr_carea' id='block_1_9' title="bbox 1020 863 1486 925">
    <p class='ocr_par' dir='ltr' id='par_1_9' title="bbox 1020 863 1486 925">
     <span class='ocr_line' id='line_1_9' title="bbox 1020 863 1486 925; baseline -0.009 -2"><span class='ocrx_word' id='word_1_49' title='bbox 1020 866 1361 925; x_wconf 86' lang='lat' dir='ltr'><strong>EPISTOLA</strong></span> <span class='ocrx_word' id='word_1_50' title='bbox 1398 863 1486 920; x_wconf 85' lang='lat' dir='ltr'><strong>Vl.</strong></span> 
     </span>
    </p>
   </div>
   <div class='ocr_carea' id='block_1_10' title="bbox 458 967 2052 1030">
    <p class='ocr_par' dir='ltr' id='par_1_10' title="bbox 458 967 2052 1030">
     <span class='ocr_line' id='line_1_10' title="bbox 458 967 2052 1030; baseline -0.012 -4"><span class='ocrx_word' id='word_1_51' title='bbox 458 978 737 1027; x_wconf 61' lang='lat' dir='ltr'><strong>SYRMACIIO</strong></span> <span class='ocrx_word' id='word_1_52' title='bbox 762 980 887 1022; x_wconf 78' lang='lat' dir='ltr'><strong>mo</strong></span> <span class='ocrx_word' id='word_1_53' title='bbox 913 977 1185 1030; x_wconf 74' lang='lat' dir='ltr'><strong>ILLUS&#39;I‘RI,</strong></span> <span class='ocrx_word' id='word_1_54' title='bbox 1215 974 1485 1025; x_wconf 74' lang='lat' dir='ltr'><strong>PATRICIO,</strong></span> <span class='ocrx_word' id='word_1_55' title='bbox 1532 967 1897 1012; x_wconf 76' lang='lat' dir='ltr'><strong>THEODOBICUS</strong></span> <span class='ocrx_word' id='word_1_56' title='bbox 1924 967 2052 1008; x_wconf 71' lang='lat' dir='ltr'><strong>REI.</strong></span> 
     </span>
    </p>
   </div>
   <div class='ocr_carea' id='block_1_11' title="bbox 458 1047 2055 1128">
    <p class='ocr_par' dir='ltr' id='par_1_11' title="bbox 458 1047 2055 1128">
     <span class='ocr_line' id='line_1_11' title="bbox 458 1047 2055 1128; baseline -0.012 -13"><span class='ocrx_word' id='word_1_57' title='bbox 458 1059 615 1115; x_wconf 74' lang='lat' dir='ltr'><strong>lubet</strong></span> <span class='ocrx_word' id='word_1_58' title='bbox 640 1068 697 1112; x_wconf 86' lang='lat' dir='ltr'><strong>ut</strong></span> <span class='ocrx_word' id='word_1_59' title='bbox 718 1058 856 1128; x_wconf 82' lang='lat' dir='ltr'><strong>ﬁlios</strong></span> <span class='ocrx_word' id='word_1_60' title='bbox 878 1055 1184 1128; x_wconf 66' lang='lat' dir='ltr'><strong>Valeriani,</strong></span> <span class='ocrx_word' id='word_1_61' title='bbox 1234 1068 1383 1128; x_wconf 51' lang='lat' dir='ltr'><strong>quos</strong></span> <span class='ocrx_word' id='word_1_62' title='bbox 1404 1057 1551 1128; x_wconf 67' lang='lat' dir='ltr'><strong>pater</strong></span> <span class='ocrx_word' id='word_1_63' title='bbox 1581 1047 1871 1128; x_wconf 68' lang='lat' dir='ltr'><strong>studiorum</strong></span> <span class='ocrx_word' id='word_1_64' title='bbox 1898 1060 2055 1128; x_wconf 61' lang='lat' dir='ltr'><strong>causa</strong></span> 
     </span>
    </p>
   </div>
   <div class='ocr_carea' id='block_1_12' title="bbox 533 1116 2054 1188">
    <p class='ocr_par' dir='ltr' id='par_1_12' title="bbox 533 1116 2054 1188">
     <span class='ocr_line' id='line_1_12' title="bbox 533 1116 2054 1188; baseline -0.011 -4"><span class='ocrx_word' id='word_1_65' title='bbox 533 1116 757 1183; x_wconf 65' lang='lat' dir='ltr'><strong>Romam</strong></span> <span class='ocrx_word' id='word_1_66' title='bbox 787 1126 1095 1188; x_wconf 72' lang='lat' dir='ltr'><strong>deduxerat,</strong></span> <span class='ocrx_word' id='word_1_67' title='bbox 1148 1116 1203 1177; x_wconf 79' lang='lat' dir='ltr'><strong>in</strong></span> <span class='ocrx_word' id='word_1_68' title='bbox 1247 1116 1311 1176; x_wconf 75' lang='lat' dir='ltr'><strong>ea</strong></span> <span class='ocrx_word' id='word_1_69' title='bbox 1349 1116 1615 1185; x_wconf 81' lang='lat' dir='ltr'><strong>detineat;</strong></span> <span class='ocrx_word' id='word_1_70' title='bbox 1660 1133 1754 1171; x_wconf 88' lang='lat' dir='ltr'><strong>nec</strong></span> <span class='ocrx_word' id='word_1_71' title='bbox 1792 1116 1946 1169; x_wconf 84' lang='lat' dir='ltr'><strong>liceat</strong></span> <span class='ocrx_word' id='word_1_72' title='bbox 1982 1116 2054 1168; x_wconf 76' lang='lat' dir='ltr'><strong>eis</strong></span> 
     </span>
    </p>
   </div>
   <div class='ocr_carea' id='block_1_13' title="bbox 538 1196 1353 1270">
    <p class='ocr_par' dir='ltr' id='par_1_13' title="bbox 538 1196 1353 1270">
     <span class='ocr_line' id='line_1_13' title="bbox 538 1196 1353 1270; baseline -0.012 -15"><span class='ocrx_word' id='word_1_73' title='bbox 538 1211 657 1255; x_wconf 84' lang='lat' dir='ltr'><strong>ante</strong></span> <span class='ocrx_word' id='word_1_74' title='bbox 684 1201 827 1253; x_wconf 66' lang='lat' dir='ltr'><strong>exire</strong></span> <span class='ocrx_word' id='word_1_75' title='bbox 858 1214 1016 1270; x_wconf 87' lang='lat' dir='ltr'><strong>quam</strong></span> <span class='ocrx_word' id='word_1_76' title='bbox 1043 1196 1353 1250; x_wconf 69' lang='lat' dir='ltr'><strong>dccrevert.</strong></span> 
     </span>
    </p>
   </div>
   <div class='ocr_carea' id='block_1_14' title="bbox 537 1277 2054 1359">
    <p class='ocr_par' dir='ltr' id='par_1_14' title="bbox 537 1277 2054 1359">
     <span class='ocr_line' id='line_1_14' title="bbox 537 1277 2054 1359; baseline -0.011 -12"><span class='ocrx_word' id='word_1_77' title='bbox 537 1290 912 1346; x_wconf 86' lang='lat' dir='ltr'><strong>Rationabiles</strong></span> <span class='ocrx_word' id='word_1_78' title='bbox 940 1286 1233 1359; x_wconf 86' lang='lat' dir='ltr'><strong>petitiones</strong></span> <span class='ocrx_word' id='word_1_79' title='bbox 1258 1282 1561 1354; x_wconf 85' lang='lat' dir='ltr'><strong>supplicum</strong></span> <span class='ocrx_word' id='word_1_80' title='bbox 1584 1280 1819 1335; x_wconf 88' lang='lat' dir='ltr'><strong>libenter</strong></span> <span class='ocrx_word' id='word_1_81' title='bbox 1847 1277 2054 1348; x_wconf 89' lang='lat' dir='ltr'><strong>ample-</strong></span> 
     </span>
    </p>
   </div>
   <div class='ocr_carea' id='block_1_15' title="bbox 462 1368 2056 1452">
    <p class='ocr_par' dir='ltr' id='par_1_15' title="bbox 462 1368 2056 1452">
     <span class='ocr_line' id='line_1_15' title="bbox 462 1368 2056 1452; baseline -0.009 -15"><span class='ocrx_word' id='word_1_82' title='bbox 462 1384 678 1447; x_wconf 88' lang='lat' dir='ltr'><strong>ctimur,</strong></span> <span class='ocrx_word' id='word_1_83' title='bbox 720 1382 813 1452; x_wconf 89' lang='lat' dir='ltr'><strong>qui</strong></span> <span class='ocrx_word' id='word_1_84' title='bbox 843 1382 1010 1438; x_wconf 86' lang='lat' dir='ltr'><strong>etiam</strong></span> <span class='ocrx_word' id='word_1_85' title='bbox 1039 1394 1148 1435; x_wconf 91' lang='lat' dir='ltr'><strong>non</strong></span> <span class='ocrx_word' id='word_1_86' title='bbox 1176 1376 1350 1447; x_wconf 88' lang='lat' dir='ltr'><strong>rogati</strong></span> <span class='ocrx_word' id='word_1_87' title='bbox 1391 1374 1537 1445; x_wconf 86' lang='lat' dir='ltr'><strong>justa</strong></span> <span class='ocrx_word' id='word_1_88' title='bbox 1563 1373 1882 1442; x_wconf 86' lang='lat' dir='ltr'><strong>cogitamus.</strong></span> <span class='ocrx_word' id='word_1_89' title='bbox 1917 1368 2056 1437; x_wconf 86' lang='lat' dir='ltr'><strong>Quid</strong></span> 
     </span>
    </p>
   </div>
   <div class='ocr_carea' id='block_1_16' title="bbox 460 1464 2053 1543">
    <p class='ocr_par' dir='ltr' id='par_1_16' title="bbox 460 1464 2053 1543">
     <span class='ocr_line' id='line_1_16' title="bbox 460 1464 2053 1543; baseline -0.008 -12"><span class='ocrx_word' id='word_1_90' title='bbox 460 1484 546 1532; x_wconf 90' lang='lat' dir='ltr'><strong>est</strong></span> <span class='ocrx_word' id='word_1_91' title='bbox 583 1476 728 1531; x_wconf 90' lang='lat' dir='ltr'><strong>enim</strong></span> <span class='ocrx_word' id='word_1_92' title='bbox 755 1474 968 1543; x_wconf 84' lang='lat' dir='ltr'><strong>dignius</strong></span> <span class='ocrx_word' id='word_1_93' title='bbox 995 1471 1140 1542; x_wconf 92' lang='lat' dir='ltr'><strong>quod</strong></span> <span class='ocrx_word' id='word_1_94' title='bbox 1168 1470 1257 1526; x_wconf 92' lang='lat' dir='ltr'><strong>die</strong></span> <span class='ocrx_word' id='word_1_95' title='bbox 1303 1475 1579 1537; x_wconf 91' lang='lat' dir='ltr'><strong>noctuque</strong></span> <span class='ocrx_word' id='word_1_96' title='bbox 1609 1465 1823 1521; x_wconf 90' lang='lat' dir='ltr'><strong>assidua</strong></span> <span class='ocrx_word' id='word_1_97' title='bbox 1846 1464 2053 1520; x_wconf 89' lang='lat' dir='ltr'><strong>delibe-</strong></span> 
     </span>
    </p>
   </div>
   <div class='ocr_carea' id='block_1_17' title="bbox 459 1556 2056 1631">
    <p class='ocr_par' dir='ltr' id='par_1_17' title="bbox 459 1556 2056 1631">
     <span class='ocr_line' id='line_1_17' title="bbox 459 1556 2056 1631; baseline -0.007 -9"><span class='ocrx_word' id='word_1_98' title='bbox 459 1567 673 1623; x_wconf 82' lang='lat' dir='ltr'><strong>ratione</strong></span> <span class='ocrx_word' id='word_1_99' title='bbox 715 1567 1015 1631; x_wconf 83' lang='lat' dir='ltr'><strong>volvamus,</strong></span> <span class='ocrx_word' id='word_1_100' title='bbox 1070 1563 1173 1619; x_wconf 89' lang='lat' dir='ltr'><strong>nisi</strong></span> <span class='ocrx_word' id='word_1_101' title='bbox 1221 1569 1283 1616; x_wconf 91' lang='lat' dir='ltr'><strong>ut</strong></span> <span class='ocrx_word' id='word_1_102' title='bbox 1326 1560 1577 1630; x_wconf 89' lang='lat' dir='ltr'><strong>rempub.</strong></span> <span class='ocrx_word' id='word_1_103' title='bbox 1628 1565 1866 1613; x_wconf 82' lang='lat' dir='ltr'><strong>nostram</strong></span> <span class='ocrx_word' id='word_1_104' title='bbox 1915 1556 2056 1612; x_wconf 85' lang='lat' dir='ltr'><strong>sicut</strong></span> 
     </span>
    </p>
   </div>
   <div class='ocr_carea' id='block_1_18' title="bbox 459 1649 2054 1728">
    <p class='ocr_par' dir='ltr' id='par_1_18' title="bbox 459 1649 2054 1728">
     <span class='ocr_line' id='line_1_18' title="bbox 459 1649 2054 1728; baseline -0.005 -16"><span class='ocrx_word' id='word_1_105' title='bbox 459 1673 609 1713; x_wconf 88' lang='lat' dir='ltr'><strong>arma</strong></span> <span class='ocrx_word' id='word_1_106' title='bbox 638 1664 930 1728; x_wconf 89' lang='lat' dir='ltr'><strong>protegunt</strong></span> <span class='ocrx_word' id='word_1_107' title='bbox 960 1665 1007 1723; x_wconf 80' lang='grc' dir='ltr'><strong>ι,</strong></span> <span class='ocrx_word' id='word_1_108' title='bbox 1060 1654 1289 1726; x_wconf 73' lang='lat' dir='ltr'><strong>aequitas</strong></span> <span class='ocrx_word' id='word_1_109' title='bbox 1327 1666 1545 1723; x_wconf 91' lang='lat' dir='ltr'><strong>quoque</strong></span> <span class='ocrx_word' id='word_1_110' title='bbox 1585 1649 1841 1706; x_wconf 87' lang='lat' dir='ltr'><strong>inviolata</strong></span> <span class='ocrx_word' id='word_1_111' title='bbox 1868 1656 2054 1705; x_wconf 85' lang='lat' dir='ltr'><strong>custo-</strong></span> 
     </span>
    </p>
   </div>
   <div class='ocr_carea' id='block_1_19' title="bbox 458 1743 2053 1821">
    <p class='ocr_par' dir='ltr' id='par_1_19' title="bbox 458 1743 2053 1821">
     <span class='ocr_line' id='line_1_19' title="bbox 458 1743 2053 1821; baseline -0.003 -18"><span class='ocrx_word' id='word_1_112' title='bbox 458 1749 609 1805; x_wconf 88' lang='lat' dir='ltr'><strong>diat?</strong></span> <span class='ocrx_word' id='word_1_113' title='bbox 648 1750 970 1821; x_wconf 86' lang='lat' dir='ltr'><strong>Spectabilis</strong></span> <span class='ocrx_word' id='word_1_114' title='bbox 1017 1748 1203 1818; x_wconf 86' lang='lat' dir='ltr'><strong>itaque</strong></span> <span class='ocrx_word' id='word_1_115' title='bbox 1244 1745 1565 1801; x_wconf 81' lang='lat' dir='ltr'><strong>Valerianus</strong></span> <span class='ocrx_word' id='word_1_116' title='bbox 1610 1743 1666 1800; x_wconf 91' lang='lat' dir='ltr'><strong>in</strong></span> <span class='ocrx_word' id='word_1_117' title='bbox 1711 1744 2053 1815; x_wconf 83' lang='lat' dir='ltr'><strong>Syracusana</strong></span> 
     </span>
    </p>
   </div>
   <div class='ocr_carea' id='block_1_20' title="bbox 2155 540 3780 611">
    <p class='ocr_par' dir='ltr' id='par_1_20' title="bbox 2155 540 3780 611">
     <span class='ocr_line' id='line_1_20' title="bbox 2155 540 3780 611; baseline 0 -15"><span class='ocrx_word' id='word_1_118' title='bbox 2155 549 2265 596; x_wconf 88' lang='lat' dir='ltr'><strong>stat</strong></span> <span class='ocrx_word' id='word_1_119' title='bbox 2303 540 2632 611; x_wconf 87' lang='lat' dir='ltr'><strong>impositum,</strong></span> <span class='ocrx_word' id='word_1_120' title='bbox 2667 540 2883 595; x_wconf 83' lang='lat' dir='ltr'><strong>trahere</strong></span> <span class='ocrx_word' id='word_1_121' title='bbox 2915 555 3025 594; x_wconf 86' lang='lat' dir='ltr'><strong>non</strong></span> <span class='ocrx_word' id='word_1_122' title='bbox 3055 556 3343 611; x_wconf 86' lang='lat' dir='ltr'><strong>possumus</strong></span> <span class='ocrx_word' id='word_1_123' title='bbox 3372 540 3440 595; x_wconf 90' lang='lat' dir='ltr'><strong>ad</strong></span> <span class='ocrx_word' id='word_1_124' title='bbox 3469 540 3780 596; x_wconf 65' lang='lat' dir='ltr'><strong>delictum-</strong></span> 
     </span>
    </p>
   </div>
   <div class='ocr_carea' id='block_1_21' title="bbox 2154 629 3784 703">
    <p class='ocr_par' dir='ltr' id='par_1_21' title="bbox 2154 629 3784 703">
     <span class='ocr_line' id='line_1_21' title="bbox 2154 629 3784 703; baseline 0.002 -18"><span class='ocrx_word' id='word_1_125' title='bbox 2154 630 2402 701; x_wconf 84' lang='lat' dir='ltr'><strong>Iniquum</strong></span> <span class='ocrx_word' id='word_1_126' title='bbox 2431 638 2513 686; x_wconf 89' lang='lat' dir='ltr'><strong>est</strong></span> <span class='ocrx_word' id='word_1_127' title='bbox 2557 630 2701 685; x_wconf 90' lang='lat' dir='ltr'><strong>enim</strong></span> <span class='ocrx_word' id='word_1_128' title='bbox 2732 638 2791 685; x_wconf 90' lang='lat' dir='ltr'><strong>ut</strong></span> <span class='ocrx_word' id='word_1_129' title='bbox 2844 629 3082 685; x_wconf 89' lang='lat' dir='ltr'><strong>hominis</strong></span> <span class='ocrx_word' id='word_1_130' title='bbox 3110 632 3243 686; x_wconf 86' lang='lat' dir='ltr'><strong>vitio</strong></span> <span class='ocrx_word' id='word_1_131' title='bbox 3274 631 3572 702; x_wconf 86' lang='lat' dir='ltr'><strong>deputetur</strong></span> <span class='ocrx_word' id='word_1_132' title='bbox 3616 633 3784 703; x_wconf 73' lang='lat' dir='ltr'><strong>quod</strong></span> 
     </span>
    </p>
   </div>
   <div class='ocr_carea' id='block_1_22' title="bbox 2157 722 3783 793">
    <p class='ocr_par' dir='ltr' id='par_1_22' title="bbox 2157 722 3783 793">
     <span class='ocr_line' id='line_1_22' title="bbox 2157 722 3783 793; baseline -0.001 -15"><span class='ocrx_word' id='word_1_133' title='bbox 2157 723 2274 793; x_wconf 85' lang='lat' dir='ltr'><strong>ejus</strong></span> <span class='ocrx_word' id='word_1_134' title='bbox 2304 724 2584 779; x_wconf 89' lang='lat' dir='ltr'><strong>voluntate</strong></span> <span class='ocrx_word' id='word_1_135' title='bbox 2615 737 2722 778; x_wconf 92' lang='lat' dir='ltr'><strong>non</strong></span> <span class='ocrx_word' id='word_1_136' title='bbox 2751 724 2988 790; x_wconf 84' lang='lat' dir='ltr'><strong>regitur;</strong></span> <span class='ocrx_word' id='word_1_137' title='bbox 3041 730 3098 778; x_wconf 91' lang='lat' dir='ltr'><strong>et</strong></span> <span class='ocrx_word' id='word_1_138' title='bbox 3125 723 3255 778; x_wconf 89' lang='lat' dir='ltr'><strong>illud</strong></span> <span class='ocrx_word' id='word_1_139' title='bbox 3285 722 3591 793; x_wconf 84' lang='lat' dir='ltr'><strong>imputetur</strong></span> <span class='ocrx_word' id='word_1_140' title='bbox 3621 724 3783 793; x_wconf 81' lang='lat' dir='ltr'><strong>peri-</strong></span> 
     </span>
    </p>
   </div>
   <div class='ocr_carea' id='block_1_23' title="bbox 2155 813 3778 884">
    <p class='ocr_par' dir='ltr' id='par_1_23' title="bbox 2155 813 3778 884">
     <span class='ocr_line' id='line_1_23' title="bbox 2155 813 3778 884; baseline -0.002 -13"><span class='ocrx_word' id='word_1_141' title='bbox 2155 814 2387 881; x_wconf 89' lang='lat' dir='ltr'><strong>clitanti,</strong></span> <span class='ocrx_word' id='word_1_142' title='bbox 2422 814 2566 870; x_wconf 90' lang='lat' dir='ltr'><strong>unde</strong></span> <span class='ocrx_word' id='word_1_143' title='bbox 2590 829 2715 869; x_wconf 89' lang='lat' dir='ltr'><strong>raro</strong></span> <span class='ocrx_word' id='word_1_144' title='bbox 2743 815 2901 869; x_wconf 90' lang='lat' dir='ltr'><strong>datur</strong></span> <span class='ocrx_word' id='word_1_145' title='bbox 2928 814 3180 870; x_wconf 84' lang='lat' dir='ltr'><strong>evadere.</strong></span> <span class='ocrx_word' id='word_1_146' title='bbox 3211 813 3389 884; x_wconf 83' lang='lat' dir='ltr'><strong>Atque</strong></span> <span class='ocrx_word' id='word_1_147' title='bbox 3432 813 3557 869; x_wconf 83' lang='lat' dir='ltr'><strong>ideo</strong></span> <span class='ocrx_word' id='word_1_148' title='bbox 3592 813 3778 868; x_wconf 88' lang='lat' dir='ltr'><strong>subli—</strong></span> 
     </span>
    </p>
   </div>
   <div class='ocr_carea' id='block_1_24' title="bbox 2156 903 3775 978">
    <p class='ocr_par' dir='ltr' id='par_1_24' title="bbox 2156 903 3775 978">
     <span class='ocr_line' id='line_1_24' title="bbox 2156 903 3775 978; baseline -0.002 -16"><span class='ocrx_word' id='word_1_149' title='bbox 2156 908 2316 963; x_wconf 88' lang='lat' dir='ltr'><strong>mitas</strong></span> <span class='ocrx_word' id='word_1_150' title='bbox 2341 914 2431 962; x_wconf 88' lang='lat' dir='ltr'><strong>tua</strong></span> <span class='ocrx_word' id='word_1_151' title='bbox 2460 913 2839 978; x_wconf 88' lang='lat' dir='ltr'><strong>prosecutores</strong></span> <span class='ocrx_word' id='word_1_152' title='bbox 2861 905 3255 961; x_wconf 88' lang='lat' dir='ltr'><strong>frumentorum</strong></span> <span class='ocrx_word' id='word_1_153' title='bbox 3281 916 3331 973; x_wconf 75' lang='grc' dir='ltr'><strong>ε,</strong></span> <span class='ocrx_word' id='word_1_154' title='bbox 3357 905 3452 974; x_wconf 91' lang='lat' dir='ltr'><strong>qui</strong></span> <span class='ocrx_word' id='word_1_155' title='bbox 3478 904 3547 959; x_wconf 87' lang='lat' dir='ltr'><strong>de</strong></span> <span class='ocrx_word' id='word_1_156' title='bbox 3568 903 3775 959; x_wconf 75' lang='lat' dir='ltr'><strong>Sicilia</strong></span> 
     </span>
    </p>
   </div>
   <div class='ocr_carea' id='block_1_25' title="bbox 2156 997 3765 1070">
    <p class='ocr_par' dir='ltr' id='par_1_25' title="bbox 2156 997 3765 1070">
     <span class='ocr_line' id='line_1_25' title="bbox 2156 997 3765 1070; baseline -0.004 -14"><span class='ocrx_word' id='word_1_157' title='bbox 2156 1001 2369 1058; x_wconf 79' lang='lat' dir='ltr'><strong>fuerant</strong></span> <span class='ocrx_word' id='word_1_158' title='bbox 2397 999 2464 1055; x_wconf 88' lang='lat' dir='ltr'><strong>ad</strong></span> <span class='ocrx_word' id='word_1_159' title='bbox 2484 998 2683 1055; x_wconf 82' lang='lat' dir='ltr'><strong>Gallias</strong></span> <span class='ocrx_word' id='word_1_160' title='bbox 2710 997 2985 1067; x_wconf 85' lang='lat' dir='ltr'><strong>destinati,</strong></span> <span class='ocrx_word' id='word_1_161' title='bbox 3016 998 3357 1070; x_wconf 77' lang='lat' dir='ltr'><strong>lacrymabili</strong></span> <span class='ocrx_word' id='word_1_162' title='bbox 3380 1012 3481 1053; x_wconf 89' lang='lat' dir='ltr'><strong>nos</strong></span> <span class='ocrx_word' id='word_1_163' title='bbox 3508 997 3765 1052; x_wconf 75' lang='lat' dir='ltr'><strong>aditione</strong></span> 
     </span>
    </p>
   </div>
   <div class='ocr_carea' id='block_1_26' title="bbox 2156 1091 3763 1169">
    <p class='ocr_par' dir='ltr' id='par_1_26' title="bbox 2156 1091 3763 1169">
     <span class='ocr_line' id='line_1_26' title="bbox 2156 1091 3763 1169; baseline -0.005 -17"><span class='ocrx_word' id='word_1_164' title='bbox 2156 1098 2400 1169; x_wconf 89' lang='lat' dir='ltr'><strong>pulsasse</strong></span> <span class='ocrx_word' id='word_1_165' title='bbox 2425 1102 2735 1163; x_wconf 75' lang='lat' dir='ltr'><strong>cognoscat,</strong></span> <span class='ocrx_word' id='word_1_166' title='bbox 2769 1094 2896 1148; x_wconf 92' lang='lat' dir='ltr'><strong>dum</strong></span> <span class='ocrx_word' id='word_1_167' title='bbox 2926 1100 3236 1163; x_wconf 89' lang='lat' dir='ltr'><strong>susceptum</strong></span> <span class='ocrx_word' id='word_1_168' title='bbox 3282 1108 3422 1147; x_wconf 91' lang='lat' dir='ltr'><strong>onus</strong></span> <span class='ocrx_word' id='word_1_169' title='bbox 3448 1091 3763 1161; x_wconf 85' lang='lat' dir='ltr'><strong>promovis-</strong></span> 
     </span>
    </p>
   </div>
   <div class='ocr_carea' id='block_1_27' title="bbox 2157 1185 3761 1261">
    <p class='ocr_par' dir='ltr' id='par_1_27' title="bbox 2157 1185 3761 1261">
     <span class='ocr_line' id='line_1_27' title="bbox 2157 1185 3761 1261; baseline -0.006 -15"><span class='ocrx_word' id='word_1_170' title='bbox 2157 1200 2276 1247; x_wconf 87' lang='lat' dir='ltr'><strong>sent</strong></span> <span class='ocrx_word' id='word_1_171' title='bbox 2304 1192 2358 1246; x_wconf 91' lang='lat' dir='ltr'><strong>in</strong></span> <span class='ocrx_word' id='word_1_172' title='bbox 2388 1190 2633 1261; x_wconf 82' lang='lat' dir='ltr'><strong>pelagus,</strong></span> <span class='ocrx_word' id='word_1_173' title='bbox 2691 1188 2931 1245; x_wconf 82' lang='lat' dir='ltr'><strong>adversis</strong></span> <span class='ocrx_word' id='word_1_174' title='bbox 2961 1185 3173 1242; x_wconf 82' lang='lat' dir='ltr'><strong>flatibus</strong></span> <span class='ocrx_word' id='word_1_175' title='bbox 3202 1187 3369 1242; x_wconf 85' lang='lat' dir='ltr'><strong>luisse</strong></span> <span class='ocrx_word' id='word_1_176' title='bbox 3396 1192 3761 1255; x_wconf 84' lang='lat' dir='ltr'><strong>susceptum:</strong></span> 
     </span>
    </p>
   </div>
   <div class='ocr_carea' id='block_1_28' title="bbox 2156 1278 3761 1353">
    <p class='ocr_par' dir='ltr' id='par_1_28' title="bbox 2156 1278 3761 1353">
     <span class='ocr_line' id='line_1_28' title="bbox 2156 1278 3761 1353; baseline -0.004 -14"><span class='ocrx_word' id='word_1_177' title='bbox 2156 1285 2247 1339; x_wconf 90' lang='lat' dir='ltr'><strong>ubi</strong></span> <span class='ocrx_word' id='word_1_178' title='bbox 2277 1284 2561 1338; x_wconf 80' lang='lat' dir='ltr'><strong>fatiscente</strong></span> <span class='ocrx_word' id='word_1_179' title='bbox 2587 1295 2847 1353; x_wconf 81' lang='lat' dir='ltr'><strong>compage</strong></span> <span class='ocrx_word' id='word_1_180' title='bbox 2875 1280 3131 1347; x_wconf 88' lang='lat' dir='ltr'><strong>trabium,</strong></span> <span class='ocrx_word' id='word_1_181' title='bbox 3160 1280 3341 1336; x_wconf 89' lang='lat' dir='ltr'><strong>omnia</strong></span> <span class='ocrx_word' id='word_1_182' title='bbox 3371 1279 3454 1334; x_wconf 92' lang='lat' dir='ltr'><strong>vis</strong></span> <span class='ocrx_word' id='word_1_183' title='bbox 3485 1278 3761 1334; x_wconf 85' lang='lat' dir='ltr'><strong>undarum</strong></span> 
     </span>
    </p>
   </div>
   <div class='ocr_carea' id='block_1_29' title="bbox 2156 1360 3762 1445">
    <p class='ocr_par' dir='ltr' id='par_1_29' title="bbox 2156 1360 3762 1445">
     <span class='ocr_line' id='line_1_29' title="bbox 2156 1360 3762 1445; baseline -0.006 -12"><span class='ocrx_word' id='word_1_184' title='bbox 2156 1376 2467 1443; x_wconf 85' lang='lat' dir='ltr'><strong>absorbuit;</strong></span> <span class='ocrx_word' id='word_1_185' title='bbox 2502 1390 2602 1431; x_wconf 90' lang='lat' dir='ltr'><strong>nec</strong></span> <span class='ocrx_word' id='word_1_186' title='bbox 2622 1374 2913 1445; x_wconf 87' lang='lat' dir='ltr'><strong>quidquam</strong></span> <span class='ocrx_word' id='word_1_187' title='bbox 2945 1360 3159 1428; x_wconf 87' lang='lat' dir='ltr'><strong>miseris</strong></span> <span class='ocrx_word' id='word_1_188' title='bbox 3179 1371 3244 1427; x_wconf 91' lang='lat' dir='ltr'><strong>de</strong></span> <span class='ocrx_word' id='word_1_189' title='bbox 3267 1386 3534 1441; x_wconf 86' lang='lat' dir='ltr'><strong>aquarum</strong></span> <span class='ocrx_word' id='word_1_190' title='bbox 3560 1371 3762 1425; x_wconf 80' lang='lat' dir='ltr'><strong>nimie-</strong></span> 
     </span>
    </p>
   </div>
   <div class='ocr_carea' id='block_1_30' title="bbox 2156 1463 3761 1540">
    <p class='ocr_par' dir='ltr' id='par_1_30' title="bbox 2156 1463 3761 1540">
     <span class='ocr_line' id='line_1_30' title="bbox 2156 1463 3761 1540; baseline -0.005 -15"><span class='ocrx_word' id='word_1_191' title='bbox 2156 1478 2287 1537; x_wconf 89' lang='lat' dir='ltr'><strong>tate,</strong></span> <span class='ocrx_word' id='word_1_192' title='bbox 2321 1469 2421 1524; x_wconf 89' lang='lat' dir='ltr'><strong>nisi</strong></span> <span class='ocrx_word' id='word_1_193' title='bbox 2447 1469 2592 1525; x_wconf 91' lang='lat' dir='ltr'><strong>solas</strong></span> <span class='ocrx_word' id='word_1_194' title='bbox 2613 1469 2881 1540; x_wconf 82' lang='lat' dir='ltr'><strong>lacrymas</strong></span> <span class='ocrx_word' id='word_1_195' title='bbox 2899 1466 3184 1522; x_wconf 89' lang='lat' dir='ltr'><strong>restitisse.</strong></span> <span class='ocrx_word' id='word_1_196' title='bbox 3219 1463 3373 1520; x_wconf 89' lang='lat' dir='ltr'><strong>Unde</strong></span> <span class='ocrx_word' id='word_1_197' title='bbox 3411 1463 3650 1519; x_wconf 80' lang='lat' dir='ltr'><strong>illustris</strong></span> <span class='ocrx_word' id='word_1_198' title='bbox 3673 1479 3761 1518; x_wconf 87' lang='lat' dir='ltr'><strong>su-</strong></span> 
     </span>
    </p>
   </div>
   <div class='ocr_carea' id='block_1_31' title="bbox 2153 1553 3762 1629">
    <p class='ocr_par' dir='ltr' id='par_1_31' title="bbox 2153 1553 3762 1629">
     <span class='ocr_line' id='line_1_31' title="bbox 2153 1553 3762 1629; baseline -0.006 -12"><span class='ocrx_word' id='word_1_199' title='bbox 2153 1561 2391 1618; x_wconf 87' lang='lat' dir='ltr'><strong>blimitas</strong></span> <span class='ocrx_word' id='word_1_200' title='bbox 2420 1567 2533 1624; x_wconf 89' lang='lat' dir='ltr'><strong>tua,</strong></span> <span class='ocrx_word' id='word_1_201' title='bbox 2566 1557 2818 1629; x_wconf 70' lang='lat' dir='ltr'><strong>praesenti</strong></span> <span class='ocrx_word' id='word_1_202' title='bbox 2859 1556 3185 1612; x_wconf 87' lang='lat' dir='ltr'><strong>auctoritate</strong></span> <span class='ocrx_word' id='word_1_203' title='bbox 3230 1553 3593 1621; x_wconf 83' lang='lat' dir='ltr'><strong>commonita,</strong></span> <span class='ocrx_word' id='word_1_204' title='bbox 3642 1568 3762 1608; x_wconf 87' lang='lat' dir='ltr'><strong>mo—</strong></span> 
     </span>
    </p>
   </div>
   <div class='ocr_carea' id='block_1_32' title="bbox 2155 1645 3763 1719">
    <p class='ocr_par' dir='ltr' id='par_1_32' title="bbox 2155 1645 3763 1719">
     <span class='ocr_line' id='line_1_32' title="bbox 2155 1645 3763 1719; baseline -0.007 -9"><span class='ocrx_word' id='word_1_205' title='bbox 2155 1654 2448 1710; x_wconf 88' lang='lat' dir='ltr'><strong>diationem</strong></span> <span class='ocrx_word' id='word_1_206' title='bbox 2474 1651 2639 1707; x_wconf 89' lang='lat' dir='ltr'><strong>tritici</strong></span> <span class='ocrx_word' id='word_1_207' title='bbox 2668 1650 2696 1688; x_wconf 79' lang='grc' dir='ltr'><strong>ιι</strong></span> <span class='ocrx_word' id='word_1_208' title='bbox 2739 1663 2904 1719; x_wconf 88' lang='lat' dir='ltr'><strong>quam</strong></span> <span class='ocrx_word' id='word_1_209' title='bbox 2933 1649 3036 1704; x_wconf 90' lang='lat' dir='ltr'><strong>sub</strong></span> <span class='ocrx_word' id='word_1_210' title='bbox 3064 1647 3169 1702; x_wconf 84' lang='lat' dir='ltr'><strong>hac</strong></span> <span class='ocrx_word' id='word_1_211' title='bbox 3196 1654 3342 1702; x_wconf 89' lang='lat' dir='ltr'><strong>sorte</strong></span> <span class='ocrx_word' id='word_1_212' title='bbox 3370 1645 3602 1716; x_wconf 85' lang='lat' dir='ltr'><strong>periisse</strong></span> <span class='ocrx_word' id='word_1_213' title='bbox 3634 1659 3763 1715; x_wconf 86' lang='lat' dir='ltr'><strong>pro-</strong></span> 
     </span>
    </p>
   </div>
   <div class='ocr_carea' id='block_1_33' title="bbox 2155 1738 3764 1815">
    <p class='ocr_par' dir='ltr' id='par_1_33' title="bbox 2155 1738 3764 1815">
     <span class='ocr_line' id='line_1_33' title="bbox 2155 1738 3764 1815; baseline -0.007 -12"><span class='ocrx_word' id='word_1_214' title='bbox 2155 1746 2425 1813; x_wconf 89' lang='lat' dir='ltr'><strong>baverint,</strong></span> <span class='ocrx_word' id='word_1_215' title='bbox 2442 1742 2768 1815; x_wconf 89' lang='lat' dir='ltr'><strong>supradictis</strong></span> <span class='ocrx_word' id='word_1_216' title='bbox 2789 1740 3230 1813; x_wconf 88' lang='lat' dir='ltr'><strong>prosecutoribus</strong></span> <span class='ocrx_word' id='word_1_217' title='bbox 3252 1740 3371 1795; x_wconf 87' lang='lat' dir='ltr'><strong>sine</strong></span> <span class='ocrx_word' id='word_1_218' title='bbox 3388 1740 3566 1809; x_wconf 87' lang='lat' dir='ltr'><strong>aliqua</strong></span> <span class='ocrx_word' id='word_1_219' title='bbox 3592 1738 3764 1793; x_wconf 77' lang='lat' dir='ltr'><strong>faciat</strong></span> 
     </span>
    </p>
   </div>
   <div class='ocr_carea' id='block_1_34' title="bbox 457 1832 3761 1928">
    <p class='ocr_par' dir='ltr' id='par_1_34' title="bbox 457 1832 3761 1928">
     <span class='ocr_line' id='line_1_34' title="bbox 457 1832 3761 1928; baseline -0.004 -31"><span class='ocrx_word' id='word_1_220' title='bbox 457 1840 676 1897; x_wconf 84' lang='lat' dir='ltr'><strong>civitate</strong></span> <span class='ocrx_word' id='word_1_221' title='bbox 704 1842 1031 1907; x_wconf 89' lang='lat' dir='ltr'><strong>consistens,</strong></span> <span class='ocrx_word' id='word_1_222' title='bbox 1064 1838 1266 1895; x_wconf 83' lang='lat' dir='ltr'><strong>reverti</strong></span> <span class='ocrx_word' id='word_1_223' title='bbox 1296 1852 1357 1893; x_wconf 92' lang='lat' dir='ltr'><strong>se</strong></span> <span class='ocrx_word' id='word_1_224' title='bbox 1385 1836 1455 1893; x_wconf 91' lang='lat' dir='ltr'><strong>ad</strong></span> <span class='ocrx_word' id='word_1_225' title='bbox 1482 1837 1624 1892; x_wconf 88' lang='lat' dir='ltr'><strong>lares</strong></span> <span class='ocrx_word' id='word_1_226' title='bbox 1652 1836 1902 1908; x_wconf 83' lang='lat' dir='ltr'><strong>proprios</strong></span> <span class='ocrx_word' id='word_1_227' title='bbox 1924 1851 2054 1906; x_wconf 80' lang='lat' dir='ltr'><strong>sup—</strong></span> <span class='ocrx_word' id='word_1_228' title='bbox 2082 1867 2133 1928; x_wconf 82' lang='lat' dir='ltr'><strong>B</strong></span> <span class='ocrx_word' id='word_1_229' title='bbox 2158 1837 2511 1895; x_wconf 90' lang='lat' dir='ltr'><strong>cunctatione</strong></span> <span class='ocrx_word' id='word_1_230' title='bbox 2557 1834 2818 1907; x_wconf 87' lang='lat' dir='ltr'><strong>reputari.</strong></span> <span class='ocrx_word' id='word_1_231' title='bbox 2849 1832 3199 1890; x_wconf 85' lang='lat' dir='ltr'><strong>Crudelitalis</strong></span> <span class='ocrx_word' id='word_1_232' title='bbox 3239 1832 3386 1887; x_wconf 88' lang='lat' dir='ltr'><strong>enim</strong></span> <span class='ocrx_word' id='word_1_233' title='bbox 3432 1844 3594 1899; x_wconf 81' lang='lat' dir='ltr'><strong>genus</strong></span> <span class='ocrx_word' id='word_1_234' title='bbox 3646 1839 3761 1893; x_wconf 84' lang='lat' dir='ltr'><strong>est,</strong></span> 
     </span>
    </p>
   </div>
   <div class='ocr_carea' id='block_1_35' title="bbox 457 1926 2054 2003">
    <p class='ocr_par' dir='ltr' id='par_1_35' title="bbox 457 1926 2054 2003">
     <span class='ocr_line' id='line_1_35' title="bbox 457 1926 2054 2003; baseline -0.002 -18"><span class='ocrx_word' id='word_1_235' title='bbox 457 1931 698 2003; x_wconf 85' lang='lat' dir='ltr'><strong>plicavit,</strong></span> <span class='ocrx_word' id='word_1_236' title='bbox 727 1932 821 2000; x_wconf 90' lang='lat' dir='ltr'><strong>qui</strong></span> <span class='ocrx_word' id='word_1_237' title='bbox 866 1931 1169 1986; x_wconf 91' lang='lat' dir='ltr'><strong>studiorum</strong></span> <span class='ocrx_word' id='word_1_238' title='bbox 1200 1946 1363 1985; x_wconf 90' lang='lat' dir='ltr'><strong>causa</strong></span> <span class='ocrx_word' id='word_1_239' title='bbox 1408 1928 1609 1983; x_wconf 92' lang='lat' dir='ltr'><strong>liberos</strong></span> <span class='ocrx_word' id='word_1_240' title='bbox 1632 1926 1658 1965; x_wconf 71' lang='grc' dir='ltr'>δ</span> <span class='ocrx_word' id='word_1_241' title='bbox 1690 1942 1818 1983; x_wconf 92' lang='lat' dir='ltr'><strong>suos</strong></span> <span class='ocrx_word' id='word_1_242' title='bbox 1846 1927 1915 1981; x_wconf 91' lang='lat' dir='ltr'><strong>ad</strong></span> <span class='ocrx_word' id='word_1_243' title='bbox 1946 1927 2054 1982; x_wconf 81' lang='lat' dir='ltr'><strong>Ro-</strong></span> 
     </span>
    </p>
   </div>
   <div class='ocr_carea' id='block_1_36' title="bbox 454 2018 2052 2087">
    <p class='ocr_par' dir='ltr' id='par_1_36' title="bbox 454 2018 2052 2087">
     <span class='ocr_line' id='line_1_36' title="bbox 454 2018 2052 2087; baseline -0.003 -9"><span class='ocrx_word' id='word_1_244' title='bbox 454 2038 670 2078; x_wconf 89' lang='lat' dir='ltr'><strong>manam</strong></span> <span class='ocrx_word' id='word_1_245' title='bbox 695 2023 967 2078; x_wconf 89' lang='lat' dir='ltr'><strong>civitatem</strong></span> <span class='ocrx_word' id='word_1_246' title='bbox 991 2021 1229 2077; x_wconf 84' lang='lat' dir='ltr'><strong>deduxit.</strong></span> <span class='ocrx_word' id='word_1_247' title='bbox 1256 2019 1402 2087; x_wconf 92' lang='lat' dir='ltr'><strong>Quos</strong></span> <span class='ocrx_word' id='word_1_248' title='bbox 1419 2019 1640 2073; x_wconf 90' lang='lat' dir='ltr'><strong>illustris</strong></span> <span class='ocrx_word' id='word_1_249' title='bbox 1656 2018 2052 2086; x_wconf 81' lang='lat' dir='ltr'><strong>magnificentia</strong></span> 
     </span>
    </p>
   </div>
   <div class='ocr_carea' id='block_1_37' title="bbox 454 2110 2054 2185">
    <p class='ocr_par' dir='ltr' id='par_1_37' title="bbox 454 2110 2054 2185">
     <span class='ocr_line' id='line_1_37' title="bbox 454 2110 2054 2185; baseline -0.004 -12"><span class='ocrx_word' id='word_1_250' title='bbox 454 2124 567 2185; x_wconf 89' lang='lat' dir='ltr'><strong>tua,</strong></span> <span class='ocrx_word' id='word_1_251' title='bbox 592 2132 659 2172; x_wconf 84' lang='lat' dir='ltr'><strong>ex</strong></span> <span class='ocrx_word' id='word_1_252' title='bbox 689 2125 874 2172; x_wconf 89' lang='lat' dir='ltr'><strong>nostra</strong></span> <span class='ocrx_word' id='word_1_253' title='bbox 902 2116 1188 2172; x_wconf 89' lang='lat' dir='ltr'><strong>continens</strong></span> <span class='ocrx_word' id='word_1_254' title='bbox 1211 2112 1476 2184; x_wconf 90' lang='lat' dir='ltr'><strong>jussione,</strong></span> <span class='ocrx_word' id='word_1_255' title='bbox 1500 2112 1555 2165; x_wconf 91' lang='lat' dir='ltr'><strong>in</strong></span> <span class='ocrx_word' id='word_1_256' title='bbox 1582 2110 1889 2180; x_wconf 90' lang='lat' dir='ltr'><strong>supradicta</strong></span> <span class='ocrx_word' id='word_1_257' title='bbox 1916 2110 2054 2166; x_wconf 85' lang='lat' dir='ltr'><strong>urbe</strong></span> 
     </span>
    </p>
   </div>
   <div class='ocr_carea' id='block_1_38' title="bbox 452 2200 2052 2271">
    <p class='ocr_par' dir='ltr' id='par_1_38' title="bbox 452 2200 2052 2271">
     <span class='ocr_line' id='line_1_38' title="bbox 452 2200 2052 2271; baseline -0.001 -12"><span class='ocrx_word' id='word_1_258' title='bbox 452 2205 619 2261; x_wconf 83' lang='lat' dir='ltr'><strong>faciat</strong></span> <span class='ocrx_word' id='word_1_259' title='bbox 645 2206 1003 2271; x_wconf 88' lang='lat' dir='ltr'><strong>commorari;</strong></span> <span class='ocrx_word' id='word_1_260' title='bbox 1058 2219 1160 2261; x_wconf 92' lang='lat' dir='ltr'><strong>nec</strong></span> <span class='ocrx_word' id='word_1_261' title='bbox 1207 2203 1315 2259; x_wconf 89' lang='lat' dir='ltr'><strong>illis</strong></span> <span class='ocrx_word' id='word_1_262' title='bbox 1366 2203 1531 2257; x_wconf 91' lang='lat' dir='ltr'><strong>liceat</strong></span> <span class='ocrx_word' id='word_1_263' title='bbox 1577 2208 1705 2255; x_wconf 90' lang='lat' dir='ltr'><strong>ante</strong></span> <span class='ocrx_word' id='word_1_264' title='bbox 1751 2200 2052 2268; x_wconf 87' lang='lat' dir='ltr'><strong>discedere,</strong></span> 
     </span>
    </p>
   </div>
   <div class='ocr_carea' id='block_1_39' title="bbox 456 2291 2055 2370">
    <p class='ocr_par' dir='ltr' id='par_1_39' title="bbox 456 2291 2055 2370">
     <span class='ocr_line' id='line_1_39' title="bbox 456 2291 2055 2370; baseline -0.005 -16"><span class='ocrx_word' id='word_1_265' title='bbox 456 2299 561 2354; x_wconf 84' lang='lat' dir='ltr'><strong>nisi</strong></span> <span class='ocrx_word' id='word_1_266' title='bbox 589 2300 695 2355; x_wconf 92' lang='lat' dir='ltr'><strong>hoc</strong></span> <span class='ocrx_word' id='word_1_267' title='bbox 721 2307 908 2356; x_wconf 91' lang='lat' dir='ltr'><strong>noster</strong></span> <span class='ocrx_word' id='word_1_268' title='bbox 947 2299 1307 2370; x_wconf 88' lang='lat' dir='ltr'><strong>proloquatur</strong></span> <span class='ocrx_word' id='word_1_269' title='bbox 1343 2294 1538 2350; x_wconf 83' lang='lat' dir='ltr'><strong>affatus</strong></span> <span class='ocrx_word' id='word_1_270' title='bbox 1568 2293 1689 2366; x_wconf 71' lang='grc' dir='ltr'><strong>[τηε.</strong></span> <span class='ocrx_word' id='word_1_271' title='bbox 1721 2293 1883 2360; x_wconf 82' lang='lat' dir='ltr'><strong>Aud.,</strong></span> <span class='ocrx_word' id='word_1_272' title='bbox 1923 2291 2055 2347; x_wconf 81' lang='lat' dir='ltr'><strong>affe-</strong></span> 
     </span>
    </p>
   </div>
   <div class='ocr_carea' id='block_1_40' title="bbox 455 2382 2052 2461">
    <p class='ocr_par' dir='ltr' id='par_1_40' title="bbox 455 2382 2052 2461">
     <span class='ocr_line' id='line_1_40' title="bbox 455 2382 2052 2461; baseline -0.006 -14"><span class='ocrx_word' id='word_1_273' title='bbox 455 2387 621 2461; x_wconf 82' lang='lat' dir='ltr'><strong>ctus].</strong></span> <span class='ocrx_word' id='word_1_274' title='bbox 650 2388 731 2446; x_wconf 86' lang='lat' dir='ltr'><strong>lta</strong></span> <span class='ocrx_word' id='word_1_275' title='bbox 759 2391 905 2446; x_wconf 88' lang='lat' dir='ltr'><strong>enim</strong></span> <span class='ocrx_word' id='word_1_276' title='bbox 949 2397 1007 2446; x_wconf 91' lang='lat' dir='ltr'><strong>et</strong></span> <span class='ocrx_word' id='word_1_277' title='bbox 1031 2389 1137 2443; x_wconf 90' lang='lat' dir='ltr'><strong>illis</strong></span> <span class='ocrx_word' id='word_1_278' title='bbox 1165 2386 1465 2442; x_wconf 89' lang='lat' dir='ltr'><strong>studiorum</strong></span> <span class='ocrx_word' id='word_1_279' title='bbox 1498 2391 1785 2455; x_wconf 88' lang='lat' dir='ltr'><strong>provectus</strong></span> <span class='ocrx_word' id='word_1_280' title='bbox 1815 2382 2052 2453; x_wconf 89' lang='lat' dir='ltr'><strong>acquiri-</strong></span> 
     </span>
    </p>
   </div>
   <div class='ocr_carea' id='block_1_41' title="bbox 456 2472 2052 2551">
    <p class='ocr_par' dir='ltr' id='par_1_41' title="bbox 456 2472 2052 2551">
     <span class='ocr_line' id='line_1_41' title="bbox 456 2472 2052 2551; baseline -0.006 -14"><span class='ocrx_word' id='word_1_281' title='bbox 456 2489 566 2548; x_wconf 91' lang='lat' dir='ltr'><strong>tur,</strong></span> <span class='ocrx_word' id='word_1_282' title='bbox 596 2491 652 2538; x_wconf 87' lang='lat' dir='ltr'><strong>et</strong></span> <span class='ocrx_word' id='word_1_283' title='bbox 693 2492 895 2539; x_wconf 75' lang='lat' dir='ltr'><strong>nostra:</strong></span> <span class='ocrx_word' id='word_1_284' title='bbox 918 2480 1180 2551; x_wconf 87' lang='lat' dir='ltr'><strong>jussionis</strong></span> <span class='ocrx_word' id='word_1_285' title='bbox 1218 2476 1527 2534; x_wconf 88' lang='lat' dir='ltr'><strong>reverentia</strong></span> <span class='ocrx_word' id='word_1_286' title='bbox 1569 2474 1890 2530; x_wconf 88' lang='lat' dir='ltr'><strong>custoditur.</strong></span> <span class='ocrx_word' id='word_1_287' title='bbox 1934 2472 2052 2528; x_wconf 85' lang='lat' dir='ltr'><strong>Non</strong></span> 
     </span>
    </p>
   </div>
   <div class='ocr_carea' id='block_1_42' title="bbox 453 2565 2049 2642">
    <p class='ocr_par' dir='ltr' id='par_1_42' title="bbox 453 2565 2049 2642">
     <span class='ocr_line' id='line_1_42' title="bbox 453 2565 2049 2642; baseline -0.005 -14"><span class='ocrx_word' id='word_1_288' title='bbox 453 2587 583 2641; x_wconf 87' lang='lat' dir='ltr'><strong>ergo</strong></span> <span class='ocrx_word' id='word_1_289' title='bbox 606 2574 709 2628; x_wconf 86' lang='lat' dir='ltr'><strong>sibi</strong></span> <span class='ocrx_word' id='word_1_290' title='bbox 730 2580 887 2642; x_wconf 91' lang='lat' dir='ltr'><strong>putet</strong></span> <span class='ocrx_word' id='word_1_291' title='bbox 907 2571 1241 2642; x_wconf 89' lang='lat' dir='ltr'><strong>impositum,</strong></span> <span class='ocrx_word' id='word_1_292' title='bbox 1266 2568 1411 2639; x_wconf 91' lang='lat' dir='ltr'><strong>quod</strong></span> <span class='ocrx_word' id='word_1_293' title='bbox 1436 2567 1621 2623; x_wconf 90' lang='lat' dir='ltr'><strong>debuit</strong></span> <span class='ocrx_word' id='word_1_294' title='bbox 1649 2580 1769 2622; x_wconf 91' lang='lat' dir='ltr'><strong>esse</strong></span> <span class='ocrx_word' id='word_1_295' title='bbox 1788 2565 2049 2620; x_wconf 91' lang='lat' dir='ltr'><strong>votivum.</strong></span> 
     </span>
    </p>
   </div>
   <div class='ocr_carea' id='block_1_43' title="bbox 452 2658 2048 2735">
    <p class='ocr_par' dir='ltr' id='par_1_43' title="bbox 452 2658 2048 2735">
     <span class='ocr_line' id='line_1_43' title="bbox 452 2658 2048 2735; baseline -0.004 -16"><span class='ocrx_word' id='word_1_296' title='bbox 452 2664 597 2719; x_wconf 84' lang='lat' dir='ltr'><strong>Nulli</strong></span> <span class='ocrx_word' id='word_1_297' title='bbox 622 2666 693 2719; x_wconf 88' lang='lat' dir='ltr'><strong>sit</strong></span> <span class='ocrx_word' id='word_1_298' title='bbox 720 2664 932 2735; x_wconf 90' lang='lat' dir='ltr'><strong>ingrata</strong></span> <span class='ocrx_word' id='word_1_299' title='bbox 963 2662 1156 2731; x_wconf 85' lang='lat' dir='ltr'><strong>Roma,</strong></span> <span class='ocrx_word' id='word_1_300' title='bbox 1207 2677 1326 2733; x_wconf 72' lang='lat' dir='ltr'><strong>qua:</strong></span> <span class='ocrx_word' id='word_1_301' title='bbox 1355 2660 1461 2716; x_wconf 92' lang='lat' dir='ltr'><strong>dici</strong></span> <span class='ocrx_word' id='word_1_302' title='bbox 1498 2675 1607 2716; x_wconf 91' lang='lat' dir='ltr'><strong>non</strong></span> <span class='ocrx_word' id='word_1_303' title='bbox 1644 2666 1825 2729; x_wconf 85' lang='lat' dir='ltr'><strong>potest</strong></span> <span class='ocrx_word' id='word_1_304' title='bbox 1851 2658 2048 2713; x_wconf 88' lang='lat' dir='ltr'><strong>aliena.</strong></span> 
     </span>
    </p>
   </div>
   <div class='ocr_carea' id='block_1_44' title="bbox 460 2752 2051 2825">
    <p class='ocr_par' dir='ltr' id='par_1_44' title="bbox 460 2752 2051 2825">
     <span class='ocr_line' id='line_1_44' title="bbox 460 2752 2051 2825; baseline -0.003 -17"><span class='ocrx_word' id='word_1_305' title='bbox 460 2753 557 2809; x_wconf 88' lang='lat' dir='ltr'><strong>Illa</strong></span> <span class='ocrx_word' id='word_1_306' title='bbox 582 2755 911 2825; x_wconf 77' lang='lat' dir='ltr'><strong>eloquentiae</strong></span> <span class='ocrx_word' id='word_1_307' title='bbox 941 2753 1171 2811; x_wconf 87' lang='lat' dir='ltr'><strong>fecunda</strong></span> <span class='ocrx_word' id='word_1_308' title='bbox 1198 2762 1391 2819; x_wconf 87' lang='lat' dir='ltr'><strong>mater,</strong></span> <span class='ocrx_word' id='word_1_309' title='bbox 1418 2752 1505 2807; x_wconf 88' lang='lat' dir='ltr'><strong>illa</strong></span> <span class='ocrx_word' id='word_1_310' title='bbox 1527 2752 1785 2807; x_wconf 88' lang='lat' dir='ltr'><strong>virtutum</strong></span> <span class='ocrx_word' id='word_1_311' title='bbox 1809 2752 2051 2805; x_wconf 91' lang='lat' dir='ltr'><strong>omnium</strong></span> 
     </span>
    </p>
   </div>
   <div class='ocr_carea' id='block_1_45' title="bbox 457 2841 2051 2930">
    <p class='ocr_par' dir='ltr' id='par_1_45' title="bbox 457 2841 2051 2930">
     <span class='ocr_line' id='line_1_45' title="bbox 457 2841 2051 2930; baseline -0.003 -32"><span class='ocrx_word' id='word_1_312' title='bbox 457 2845 779 2915; x_wconf 86' lang='lat' dir='ltr'><strong>latissimum</strong></span> <span class='ocrx_word' id='word_1_313' title='bbox 811 2845 1093 2917; x_wconf 86' lang='lat' dir='ltr'><strong>templum.</strong></span> <span class='ocrx_word' id='word_1_314' title='bbox 1125 2844 1401 2930; x_wconf 71' lang='lat' dir='ltr'><strong>sentiatur</strong></span> <span class='ocrx_word' id='word_1_315' title='bbox 1439 2843 1618 2914; x_wconf 85' lang='lat' dir='ltr'><strong>plane,</strong></span> <span class='ocrx_word' id='word_1_316' title='bbox 1651 2841 1797 2911; x_wconf 92' lang='lat' dir='ltr'><strong>quod</strong></span> <span class='ocrx_word' id='word_1_317' title='bbox 1826 2842 2051 2895; x_wconf 89' lang='lat' dir='ltr'><strong>charum</strong></span> 
     </span>
    </p>
   </div>
   <div class='ocr_carea' id='block_1_46' title="bbox 455 2932 2050 3009">
    <p class='ocr_par' dir='ltr' id='par_1_46' title="bbox 455 2932 2050 3009">
     <span class='ocr_line' id='line_1_46' title="bbox 455 2932 2050 3009; baseline -0.002 -18"><span class='ocrx_word' id='word_1_318' title='bbox 455 2944 540 2991; x_wconf 90' lang='lat' dir='ltr'><strong>est</strong></span> <span class='ocrx_word' id='word_1_319' title='bbox 568 2937 673 3009; x_wconf 78' lang='grc' dir='ltr'><strong>[εά.</strong></span> <span class='ocrx_word' id='word_1_320' title='bbox 707 2936 964 3009; x_wconf 88' lang='lat' dir='ltr'><strong>clarum];</strong></span> <span class='ocrx_word' id='word_1_321' title='bbox 1010 2954 1117 2993; x_wconf 92' lang='lat' dir='ltr'><strong>non</strong></span> <span class='ocrx_word' id='word_1_322' title='bbox 1164 2937 1279 2993; x_wconf 91' lang='lat' dir='ltr'><strong>sine</strong></span> <span class='ocrx_word' id='word_1_323' title='bbox 1308 2936 1481 3007; x_wconf 89' lang='lat' dir='ltr'><strong>gratia</strong></span> <span class='ocrx_word' id='word_1_324' title='bbox 1511 2950 1631 2991; x_wconf 88' lang='lat' dir='ltr'><strong>esse</strong></span> <span class='ocrx_word' id='word_1_325' title='bbox 1673 2934 1932 3001; x_wconf 87' lang='lat' dir='ltr'><strong>creditur,</strong></span> <span class='ocrx_word' id='word_1_326' title='bbox 1964 2932 2050 2990; x_wconf 89' lang='lat' dir='ltr'><strong>cui</strong></span> 
     </span>
    </p>
   </div>
   <div class='ocr_carea' id='block_1_47' title="bbox 455 3027 1234 3100">
    <p class='ocr_par' dir='ltr' id='par_1_47' title="bbox 455 3027 1234 3100">
     <span class='ocr_line' id='line_1_47' title="bbox 455 3027 1234 3100; baseline 0.003 -18"><span class='ocrx_word' id='word_1_327' title='bbox 455 3027 721 3084; x_wconf 85' lang='lat' dir='ltr'><strong>habitatio</strong></span> <span class='ocrx_word' id='word_1_328' title='bbox 748 3036 896 3084; x_wconf 88' lang='lat' dir='ltr'><strong>tanta</strong></span> <span class='ocrx_word' id='word_1_329' title='bbox 925 3037 1234 3100; x_wconf 63' lang='lat' dir='ltr'><strong>praestatur.</strong></span> 
     </span>
    </p>
   </div>
   <div class='ocr_carea' id='block_1_48' title="bbox 945 3144 1557 3218">
    <p class='ocr_par' dir='ltr' id='par_1_48' title="bbox 945 3144 1557 3218">
     <span class='ocr_line' id='line_1_48' title="bbox 945 3144 1557 3218; baseline -0.003 -18"><span class='ocrx_word' id='word_1_330' title='bbox 945 3146 1055 3218; x_wconf 62' lang='lat'><strong>62</strong></span> <span class='ocrx_word' id='word_1_331' title='bbox 1086 3145 1419 3201; x_wconf 87' lang='lat' dir='ltr'><strong>EPISTOLA</strong></span> <span class='ocrx_word' id='word_1_332' title='bbox 1448 3144 1557 3199; x_wconf 77' lang='grc' dir='ltr'><strong>νη.</strong></span> 
     </span>
    </p>
   </div>
   <div class='ocr_carea' id='block_1_49' title="bbox 2158 1921 3762 1995">
    <p class='ocr_par' dir='ltr' id='par_1_49' title="bbox 2158 1921 3762 1995">
     <span class='ocr_line' id='line_1_49' title="bbox 2158 1921 3762 1995; baseline -0.007 -10"><span class='ocrx_word' id='word_1_333' title='bbox 2158 1929 2299 1986; x_wconf 87' lang='lat' dir='ltr'><strong>ultra</strong></span> <span class='ocrx_word' id='word_1_334' title='bbox 2330 1926 2665 1995; x_wconf 80' lang='lat' dir='ltr'><strong>naufragium</strong></span> <span class='ocrx_word' id='word_1_335' title='bbox 2694 1924 2837 1981; x_wconf 84' lang='lat' dir='ltr'><strong>velle</strong></span> <span class='ocrx_word' id='word_1_336' title='bbox 2864 1924 3126 1980; x_wconf 65' lang='lat' dir='ltr'><strong>desaevire</strong></span> <span class='ocrx_word' id='word_1_337' title='bbox 3152 1932 3197 1991; x_wconf 78' lang='grc' dir='ltr'><strong>ε,</strong></span> <span class='ocrx_word' id='word_1_338' title='bbox 3225 1930 3279 1978; x_wconf 91' lang='lat' dir='ltr'><strong>et</strong></span> <span class='ocrx_word' id='word_1_339' title='bbox 3300 1922 3424 1977; x_wconf 93' lang='lat' dir='ltr'><strong>illos</strong></span> <span class='ocrx_word' id='word_1_340' title='bbox 3445 1922 3515 1976; x_wconf 87' lang='lat' dir='ltr'><strong>ad</strong></span> <span class='ocrx_word' id='word_1_341' title='bbox 3541 1921 3762 1991; x_wconf 80' lang='lat' dir='ltr'><strong>dispen-</strong></span> 
     </span>
    </p>
   </div>
   <div class='ocr_carea' id='block_1_50' title="bbox 2155 2014 3754 2095">
    <p class='ocr_par' dir='ltr' id='par_1_50' title="bbox 2155 2014 3754 2095">
     <span class='ocr_line' id='line_1_50' title="bbox 2155 2014 3754 2095; baseline -0.006 -19"><span class='ocrx_word' id='word_1_342' title='bbox 2155 2020 2244 2095; x_wconf 82' lang='lat' dir='ltr'><strong>dia</strong></span> <span class='ocrx_word' id='word_1_343' title='bbox 2273 2034 2488 2091; x_wconf 90' lang='lat' dir='ltr'><strong>cogere,</strong></span> <span class='ocrx_word' id='word_1_344' title='bbox 2516 2017 2711 2089; x_wconf 91' lang='lat' dir='ltr'><strong>quibus</strong></span> <span class='ocrx_word' id='word_1_345' title='bbox 2740 2016 2956 2087; x_wconf 90' lang='lat' dir='ltr'><strong>inopem</strong></span> <span class='ocrx_word' id='word_1_346' title='bbox 2980 2016 3146 2070; x_wconf 89' lang='lat' dir='ltr'><strong>vitam</strong></span> <span class='ocrx_word' id='word_1_347' title='bbox 3175 2015 3476 2085; x_wconf 88' lang='lat' dir='ltr'><strong>probantur</strong></span> <span class='ocrx_word' id='word_1_348' title='bbox 3497 2014 3754 2068; x_wconf 82' lang='lat' dir='ltr'><strong>immania</strong></span> 
     </span>
    </p>
   </div>
   <div class='ocr_carea' id='block_1_51' title="bbox 2154 2104 3750 2183">
    <p class='ocr_par' dir='ltr' id='par_1_51' title="bbox 2154 2104 3750 2183">
     <span class='ocr_line' id='line_1_51' title="bbox 2154 2104 3750 2183; baseline -0.006 -15"><span class='ocrx_word' id='word_1_349' title='bbox 2154 2112 2424 2169; x_wconf 88' lang='lat' dir='ltr'><strong>elementa</strong></span> <span class='ocrx_word' id='word_1_350' title='bbox 2472 2108 2682 2183; x_wconf 75' lang='lat' dir='ltr'><strong>[ms.A.</strong></span> <span class='ocrx_word' id='word_1_351' title='bbox 2714 2117 2766 2163; x_wconf 85' lang='lat' dir='ltr'><strong>et</strong></span> <span class='ocrx_word' id='word_1_352' title='bbox 2798 2108 2880 2164; x_wconf 85' lang='lat' dir='ltr'><strong>ed.</strong></span> <span class='ocrx_word' id='word_1_353' title='bbox 2927 2106 3052 2163; x_wconf 81' lang='lat' dir='ltr'><strong>Niv.</strong></span> <span class='ocrx_word' id='word_1_354' title='bbox 3098 2117 3147 2162; x_wconf 87' lang='lat' dir='ltr'><strong>et</strong></span> <span class='ocrx_word' id='word_1_355' title='bbox 3191 2105 3343 2161; x_wconf 77' lang='lat' dir='ltr'><strong>Cum.</strong></span> <span class='ocrx_word' id='word_1_356' title='bbox 3370 2146 3387 2173; x_wconf 91' lang='lat'><strong>,</strong></span> <span class='ocrx_word' id='word_1_357' title='bbox 3438 2104 3750 2177; x_wconf 65' lang='lat' dir='ltr'><strong>pericula]t</strong></span> 
     </span>
    </p>
   </div>
   <div class='ocr_carea' id='block_1_52' title="bbox 2154 2217 2403 2262">
    <p class='ocr_par' dir='ltr' id='par_1_52' title="bbox 2154 2217 2403 2262">
     <span class='ocr_line' id='line_1_52' title="bbox 2154 2217 2403 2262; baseline -0.02 0"><span class='ocrx_word' id='word_1_358' title='bbox 2154 2217 2403 2262; x_wconf 71' lang='lat'><strong>08551556.</strong></span> 
     </span>
    </p>
   </div>
   <div class='ocr_carea' id='block_1_53' title="bbox 2695 2331 3199 2391">
    <p class='ocr_par' dir='ltr' id='par_1_53' title="bbox 2695 2331 3199 2391">
     <span class='ocr_line' id='line_1_53' title="bbox 2695 2331 3199 2391; baseline -0.008 -1"><span class='ocrx_word' id='word_1_359' title='bbox 2695 2332 3031 2391; x_wconf 83' lang='lat' dir='ltr'><strong>EPISTOLA</strong></span> <span class='ocrx_word' id='word_1_360' title='bbox 3063 2331 3199 2387; x_wconf 81' lang='lat' dir='ltr'><strong>Vlll.</strong></span> 
     </span>
    </p>
   </div>
   <div class='ocr_carea' id='block_1_54' title="bbox 2154 2438 3755 2489">
    <p class='ocr_par' dir='ltr' id='par_1_54' title="bbox 2154 2438 3755 2489">
     <span class='ocr_line' id='line_1_54' title="bbox 2154 2438 3755 2489; baseline -0.006 -1"><span class='ocrx_word' id='word_1_361' title='bbox 2154 2444 2454 2489; x_wconf 71' lang='lat' dir='ltr'><strong>BONORATIS</strong></span> <span class='ocrx_word' id='word_1_362' title='bbox 2495 2443 2894 2486; x_wconf 78' lang='lat' dir='ltr'><strong>POSSESSORIBUS</strong></span> <span class='ocrx_word' id='word_1_363' title='bbox 2934 2444 3003 2483; x_wconf 73' lang='grc' dir='ltr'><strong>ΕΤ</strong></span> <span class='ocrx_word' id='word_1_364' title='bbox 3032 2439 3343 2482; x_wconf 76' lang='lat' dir='ltr'><strong>CURIALIBUS</strong></span> <span class='ocrx_word' id='word_1_365' title='bbox 3381 2438 3755 2481; x_wconf 68' lang='lat' dir='ltr'><strong>FOROUVENSI-</strong></span> 
     </span>
    </p>
   </div>
   <div class='ocr_carea' id='block_1_55' title="bbox 2284 2498 3615 2575">
    <p class='ocr_par' dir='ltr' id='par_1_55' title="bbox 2284 2498 3615 2575">
     <span class='ocr_line' id='line_1_55' title="bbox 2284 2498 3615 2575; baseline -0.006 -18"><span class='ocrx_word' id='word_1_366' title='bbox 2284 2517 2378 2557; x_wconf 78' lang='lat' dir='ltr'><strong>nus</strong></span> <span class='ocrx_word' id='word_1_367' title='bbox 2406 2502 2537 2575; x_wconf 85' lang='lat' dir='ltr'><strong>[ed.,</strong></span> <span class='ocrx_word' id='word_1_368' title='bbox 2567 2498 3059 2569; x_wconf 75' lang='lat' dir='ltr'><strong>ronowuensmus]</strong></span> <span class='ocrx_word' id='word_1_369' title='bbox 3091 2511 3460 2552; x_wconf 77' lang='lat' dir='ltr'><strong>TBEODORICUS</strong></span> <span class='ocrx_word' id='word_1_370' title='bbox 3494 2512 3615 2550; x_wconf 68' lang='lat' dir='ltr'><strong>nux.</strong></span> 
     </span>
    </p>
   </div>
   <div class='ocr_carea' id='block_1_56' title="bbox 2153 2586 3751 2660">
    <p class='ocr_par' dir='ltr' id='par_1_56' title="bbox 2153 2586 3751 2660">
     <span class='ocr_line' id='line_1_56' title="bbox 2153 2586 3751 2660; baseline -0.005 -13"><span class='ocrx_word' id='word_1_371' title='bbox 2153 2592 2403 2648; x_wconf 70' lang='lat' dir='ltr'><strong>Deseruit</strong></span> <span class='ocrx_word' id='word_1_372' title='bbox 2429 2599 2486 2645; x_wconf 87' lang='lat' dir='ltr'><strong>ut</strong></span> <span class='ocrx_word' id='word_1_373' title='bbox 2512 2599 2719 2660; x_wconf 85' lang='lat' dir='ltr'><strong>accepto</strong></span> <span class='ocrx_word' id='word_1_374' title='bbox 2758 2590 2943 2659; x_wconf 80' lang='lat' dir='ltr'><strong>pretio,</strong></span> <span class='ocrx_word' id='word_1_375' title='bbox 2976 2605 3005 2641; x_wconf 75' lang='grc' dir='ltr'><em>ε</em></span> <span class='ocrx_word' id='word_1_376' title='bbox 3030 2588 3205 2660; x_wconf 68' lang='lat' dir='ltr'><strong>patria</strong></span> <span class='ocrx_word' id='word_1_377' title='bbox 3230 2602 3326 2660; x_wconf 73' lang='lat' dir='ltr'><strong>sua</strong></span> <span class='ocrx_word' id='word_1_378' title='bbox 3358 2586 3533 2640; x_wconf 73' lang='lat' dir='ltr'><strong>trabes</strong></span> <span class='ocrx_word' id='word_1_379' title='bbox 3561 2587 3627 2639; x_wconf 82' lang='lat' dir='ltr'><strong>ad</strong></span> <span class='ocrx_word' id='word_1_380' title='bbox 3655 2586 3751 2639; x_wconf 78' lang='lat' dir='ltr'><strong>Al-</strong></span> 
     </span>
    </p>
   </div>
   <div class='ocr_carea' id='block_1_57' title="bbox 2457 2656 3440 2715">
    <p class='ocr_par' dir='ltr' id='par_1_57' title="bbox 2457 2656 3440 2715">
     <span class='ocr_line' id='line_1_57' title="bbox 2457 2656 3440 2715; baseline -0.004 0"><span class='ocrx_word' id='word_1_381' title='bbox 2457 2656 2677 2715; x_wconf 77' lang='lat' dir='ltr'><strong>suauuut</strong></span> <span class='ocrx_word' id='word_1_382' title='bbox 2705 2656 2817 2713; x_wconf 80' lang='lat' dir='ltr'><strong>sine</strong></span> <span class='ocrx_word' id='word_1_383' title='bbox 2845 2660 2956 2712; x_wconf 86' lang='lat' dir='ltr'><strong>ulla</strong></span> <span class='ocrx_word' id='word_1_384' title='bbox 2987 2656 3135 2713; x_wconf 79' lang='lat' dir='ltr'><strong>mora</strong></span> <span class='ocrx_word' id='word_1_385' title='bbox 3164 2656 3440 2711; x_wconf 80' lang='lat' dir='ltr'><strong>dere/tant.</strong></span> 
     </span>
    </p>
   </div>
   <div class='ocr_carea' id='block_1_58' title="bbox 2227 2771 3751 2842">
    <p class='ocr_par' dir='ltr' id='par_1_58' title="bbox 2227 2771 3751 2842">
     <span class='ocr_line' id='line_1_58' title="bbox 2227 2771 3751 2842; baseline -0.006 -7"><span class='ocrx_word' id='word_1_386' title='bbox 2227 2779 2404 2835; x_wconf 89' lang='lat' dir='ltr'><strong>Grave</strong></span> <span class='ocrx_word' id='word_1_387' title='bbox 2426 2775 2600 2831; x_wconf 90' lang='lat' dir='ltr'><strong>videri</strong></span> <span class='ocrx_word' id='word_1_388' title='bbox 2646 2788 2755 2829; x_wconf 90' lang='lat' dir='ltr'><strong>non</strong></span> <span class='ocrx_word' id='word_1_389' title='bbox 2795 2772 2979 2842; x_wconf 89' lang='lat' dir='ltr'><strong>debet,</strong></span> <span class='ocrx_word' id='word_1_390' title='bbox 3023 2771 3169 2841; x_wconf 89' lang='lat' dir='ltr'><strong>quod</strong></span> <span class='ocrx_word' id='word_1_391' title='bbox 3196 2780 3383 2827; x_wconf 89' lang='lat' dir='ltr'><strong>nostra</strong></span> <span class='ocrx_word' id='word_1_392' title='bbox 3410 2771 3751 2827; x_wconf 87' lang='lat' dir='ltr'><strong>ordinatione</strong></span> 
     </span>
    </p>
   </div>
   <div class='ocr_carea' id='block_1_59' title="bbox 2153 2864 3749 2939">
    <p class='ocr_par' dir='ltr' id='par_1_59' title="bbox 2153 2864 3749 2939">
     <span class='ocr_line' id='line_1_59' title="bbox 2153 2864 3749 2939; baseline -0.006 -11"><span class='ocrx_word' id='word_1_393' title='bbox 2153 2879 2406 2935; x_wconf 86' lang='lat' dir='ltr'><strong>censetur</strong></span> <span class='ocrx_word' id='word_1_394' title='bbox 2439 2887 2452 2923; x_wconf 91' lang='lat'>:</span> <span class='ocrx_word' id='word_1_395' title='bbox 2484 2868 2610 2939; x_wconf 89' lang='lat' dir='ltr'><strong>quia</strong></span> <span class='ocrx_word' id='word_1_396' title='bbox 2640 2866 2888 2922; x_wconf 88' lang='lat' dir='ltr'><strong>novimus</strong></span> <span class='ocrx_word' id='word_1_397' title='bbox 2916 2864 3209 2929; x_wconf 77' lang='lat' dir='ltr'><strong>aestimare,</strong></span> <span class='ocrx_word' id='word_1_398' title='bbox 3237 2866 3380 2935; x_wconf 91' lang='lat' dir='ltr'><strong>quod</strong></span> <span class='ocrx_word' id='word_1_399' title='bbox 3410 2880 3512 2920; x_wconf 84' lang='lat' dir='ltr'><strong>vos</strong></span> <span class='ocrx_word' id='word_1_400' title='bbox 3537 2870 3749 2935; x_wconf 80' lang='lat' dir='ltr'><strong>oportet</strong></span> 
     </span>
    </p>
   </div>
   <div class='ocr_carea' id='block_1_60' title="bbox 2150 2957 3747 3035">
    <p class='ocr_par' dir='ltr' id='par_1_60' title="bbox 2150 2957 3747 3035">
     <span class='ocr_line' id='line_1_60' title="bbox 2150 2957 3747 3035; baseline -0.004 -15"><span class='ocrx_word' id='word_1_401' title='bbox 2150 2964 2401 3035; x_wconf 88' lang='lat' dir='ltr'><strong>implere.</strong></span> <span class='ocrx_word' id='word_1_402' title='bbox 2429 2962 2476 3015; x_wconf 82' lang='grc' dir='ltr'>Α</span> <span class='ocrx_word' id='word_1_403' title='bbox 2497 2961 2652 3016; x_wconf 89' lang='lat' dir='ltr'><strong>nobis</strong></span> <span class='ocrx_word' id='word_1_404' title='bbox 2673 2960 2874 3029; x_wconf 89' lang='lat' dir='ltr'><strong>quippe</strong></span> <span class='ocrx_word' id='word_1_405' title='bbox 2900 2958 3129 3029; x_wconf 90' lang='lat' dir='ltr'><strong>potestis</strong></span> <span class='ocrx_word' id='word_1_406' title='bbox 3156 2957 3561 3013; x_wconf 86' lang='lat' dir='ltr'><strong>rationabiliter</strong></span> <span class='ocrx_word' id='word_1_407' title='bbox 3584 2966 3747 3014; x_wconf 83' lang='lat' dir='ltr'><strong>custo-</strong></span> 
     </span>
    </p>
   </div>
   <div class='ocr_carea' id='block_1_61' title="bbox 2154 3047 3742 3124">
    <p class='ocr_par' dir='ltr' id='par_1_61' title="bbox 2154 3047 3742 3124">
     <span class='ocr_line' id='line_1_61' title="bbox 2154 3047 3742 3124; baseline -0.005 -13"><span class='ocrx_word' id='word_1_408' title='bbox 2154 3056 2279 3124; x_wconf 90' lang='lat' dir='ltr'><strong>diri,</strong></span> <span class='ocrx_word' id='word_1_409' title='bbox 2310 3052 2505 3124; x_wconf 90' lang='lat' dir='ltr'><strong>quibus</strong></span> <span class='ocrx_word' id='word_1_410' title='bbox 2552 3049 2859 3121; x_wconf 83' lang='lat' dir='ltr'><strong>profecistis</strong></span> <span class='ocrx_word' id='word_1_411' title='bbox 2912 3063 3022 3104; x_wconf 90' lang='lat' dir='ltr'><strong>non</strong></span> <span class='ocrx_word' id='word_1_412' title='bbox 3050 3049 3279 3118; x_wconf 82' lang='lat' dir='ltr'><strong>gravati.</strong></span> <span class='ocrx_word' id='word_1_413' title='bbox 3312 3047 3559 3105; x_wconf 85' lang='lat' dir='ltr'><strong>Proinde</strong></span> <span class='ocrx_word' id='word_1_414' title='bbox 3586 3048 3742 3104; x_wconf 84' lang='lat' dir='ltr'><strong>devo-</strong></span> 
     </span>
    </p>
   </div>
   <div class='ocr_carea' id='block_1_62' title="bbox 2156 3141 3746 3213">
    <p class='ocr_par' dir='ltr' id='par_1_62' title="bbox 2156 3141 3746 3213">
     <span class='ocr_line' id='line_1_62' title="bbox 2156 3141 3746 3213; baseline -0.001 -13"><span class='ocrx_word' id='word_1_415' title='bbox 2156 3146 2288 3204; x_wconf 90' lang='lat' dir='ltr'><strong>tioni</strong></span> <span class='ocrx_word' id='word_1_416' title='bbox 2316 3154 2513 3201; x_wconf 80' lang='lat' dir='ltr'><strong>vestrae</strong></span> <span class='ocrx_word' id='word_1_417' title='bbox 2540 3142 2789 3213; x_wconf 76' lang='lat' dir='ltr'><strong>praesenti</strong></span> <span class='ocrx_word' id='word_1_418' title='bbox 2817 3142 3141 3197; x_wconf 87' lang='lat' dir='ltr'><strong>auctoritate</strong></span> <span class='ocrx_word' id='word_1_419' title='bbox 3166 3141 3534 3209; x_wconf 83' lang='lat' dir='ltr'><strong>decernimus,</strong></span> <span class='ocrx_word' id='word_1_420' title='bbox 3574 3152 3635 3198; x_wconf 90' lang='lat' dir='ltr'><strong>ut</strong></span> <span class='ocrx_word' id='word_1_421' title='bbox 3660 3159 3746 3199; x_wconf 81' lang='lat' dir='ltr'><strong>ac-</strong></span> 
     </span>
    </p>
   </div>
   <div class='ocr_carea' id='block_1_63' title="bbox 452 3234 3748 3316">
    <p class='ocr_par' dir='ltr' id='par_1_63' title="bbox 452 3234 3748 3316">
     <span class='ocr_line' id='line_1_63' title="bbox 452 3234 3748 3316; baseline -0 -23"><span class='ocrx_word' id='word_1_422' title='bbox 452 3251 678 3293; x_wconf 76' lang='lat' dir='ltr'><strong>srnmuo</strong></span> <span class='ocrx_word' id='word_1_423' title='bbox 706 3252 831 3295; x_wconf 84' lang='lat' dir='ltr'><strong>vmo</strong></span> <span class='ocrx_word' id='word_1_424' title='bbox 862 3253 1130 3305; x_wconf 74' lang='lat' dir='ltr'><strong>ILLUSTRI,</strong></span> <span class='ocrx_word' id='word_1_425' title='bbox 1174 3254 1357 3293; x_wconf 73' lang='lat' dir='ltr'><strong>conm</strong></span> <span class='ocrx_word' id='word_1_426' title='bbox 1395 3248 1762 3300; x_wconf 70' lang='lat' dir='ltr'><strong>rmvnanuu,</strong></span> <span class='ocrx_word' id='word_1_427' title='bbox 1808 3247 2052 3290; x_wconf 76' lang='lat' dir='ltr'><strong>rusono-</strong></span> <span class='ocrx_word' id='word_1_428' title='bbox 2078 3251 2125 3316; x_wconf 75' lang='grc' dir='ltr'>ο</span> <span class='ocrx_word' id='word_1_429' title='bbox 2156 3246 2316 3311; x_wconf 86' lang='lat' dir='ltr'><strong>cepto</strong></span> <span class='ocrx_word' id='word_1_430' title='bbox 2362 3236 2540 3308; x_wconf 90' lang='lat' dir='ltr'><strong>pretio</strong></span> <span class='ocrx_word' id='word_1_431' title='bbox 2583 3235 2935 3306; x_wconf 89' lang='lat' dir='ltr'><strong>competenti,</strong></span> <span class='ocrx_word' id='word_1_432' title='bbox 2978 3234 3045 3289; x_wconf 92' lang='lat' dir='ltr'><strong>de</strong></span> <span class='ocrx_word' id='word_1_433' title='bbox 3074 3235 3210 3291; x_wconf 89' lang='lat' dir='ltr'><strong>locis</strong></span> <span class='ocrx_word' id='word_1_434' title='bbox 3240 3238 3433 3292; x_wconf 89' lang='lat' dir='ltr'><strong>vestris</strong></span> <span class='ocrx_word' id='word_1_435' title='bbox 3459 3237 3528 3290; x_wconf 87' lang='lat' dir='ltr'><strong>ad</strong></span> <span class='ocrx_word' id='word_1_436' title='bbox 3560 3236 3748 3292; x_wconf 77' lang='lat' dir='ltr'><strong>Alsua-</strong></span> 
     </span>
    </p>
   </div>
   <div class='ocr_carea' id='block_1_64' title="bbox 1098 3324 1405 3363">
    <p class='ocr_par' dir='ltr' id='par_1_64' title="bbox 1098 3324 1405 3363">
     <span class='ocr_line' id='line_1_64' title="bbox 1098 3324 1405 3363; baseline -0.01 0"><span class='ocrx_word' id='word_1_437' title='bbox 1098 3324 1250 3363; x_wconf 75' lang='lat' dir='ltr'><strong>RICUS</strong></span> <span class='ocrx_word' id='word_1_438' title='bbox 1279 3324 1405 3361; x_wconf 71' lang='lat' dir='ltr'><strong>REX.</strong></span> 
     </span>
    </p>
   </div>
   <div class='ocr_carea' id='block_1_65' title="bbox 455 3393 2049 3469">
    <p class='ocr_par' dir='ltr' id='par_1_65' title="bbox 455 3393 2049 3469">
     <span class='ocr_line' id='line_1_65' title="bbox 455 3393 2049 3469; baseline -0.002 -19"><span class='ocrx_word' id='word_1_439' title='bbox 455 3397 635 3469; x_wconf 80' lang='lat' dir='ltr'><strong>Monet</strong></span> <span class='ocrx_word' id='word_1_440' title='bbox 658 3414 746 3452; x_wconf 80' lang='lat' dir='ltr'><strong>eos</strong></span> <span class='ocrx_word' id='word_1_441' title='bbox 774 3399 861 3469; x_wconf 77' lang='lat' dir='ltr'><strong>qui</strong></span> <span class='ocrx_word' id='word_1_442' title='bbox 890 3414 917 3450; x_wconf 88' lang='lat' dir='ltr'><strong>e</strong></span> <span class='ocrx_word' id='word_1_443' title='bbox 944 3398 1132 3452; x_wconf 79' lang='lat' dir='ltr'><strong>Sicilia</strong></span> <span class='ocrx_word' id='word_1_444' title='bbox 1173 3399 1487 3467; x_wconf 78' lang='lat' dir='ltr'><strong>frumentum</strong></span> <span class='ocrx_word' id='word_1_445' title='bbox 1516 3396 1567 3469; x_wconf 81' lang='lat' dir='ltr'><strong>in</strong></span> <span class='ocrx_word' id='word_1_446' title='bbox 1596 3393 1802 3469; x_wconf 9' lang='lat' dir='ltr'><strong>‘Cagllias</strong></span> <span class='ocrx_word' id='word_1_447' title='bbox 1832 3394 2049 3447; x_wconf 77' lang='lat' dir='ltr'><strong>devehe-</strong></span> 
     </span>
    </p>
   </div>
   <div class='ocr_carea' id='block_1_66' title="bbox 526 3466 2051 3538">
    <p class='ocr_par' dir='ltr' id='par_1_66' title="bbox 526 3466 2051 3538">
     <span class='ocr_line' id='line_1_66' title="bbox 526 3466 2051 3538; baseline -0.003 -18"><span class='ocrx_word' id='word_1_448' title='bbox 526 3468 667 3533; x_wconf 86' lang='lat' dir='ltr'><strong>bant,</strong></span> <span class='ocrx_word' id='word_1_449' title='bbox 704 3466 1039 3538; x_wconf 74' lang='lat' dir='ltr'><strong>naufragium</strong></span> <span class='ocrx_word' id='word_1_450' title='bbox 1087 3466 1268 3538; x_wconf 77' lang='lat' dir='ltr'><strong>passos</strong></span> <span class='ocrx_word' id='word_1_451' title='bbox 1316 3482 1426 3519; x_wconf 82' lang='lat' dir='ltr'><strong>esse</strong></span> <span class='ocrx_word' id='word_1_452' title='bbox 1472 3466 1850 3538; x_wconf 76' lang='lat' dir='ltr'><strong>tristissimum;</strong></span> <span class='ocrx_word' id='word_1_453' title='bbox 1901 3475 2051 3531; x_wconf 83' lang='lat' dir='ltr'><strong>atque</strong></span> 
     </span>
    </p>
   </div>
   <div class='ocr_carea' id='block_1_67' title="bbox 526 3536 1900 3607">
    <p class='ocr_par' dir='ltr' id='par_1_67' title="bbox 526 3536 1900 3607">
     <span class='ocr_line' id='line_1_67' title="bbox 526 3536 1900 3607; baseline -0.004 -17"><span class='ocrx_word' id='word_1_454' title='bbox 526 3538 656 3591; x_wconf 85' lang='lat' dir='ltr'><strong>adeo</strong></span> <span class='ocrx_word' id='word_1_455' title='bbox 677 3536 822 3607; x_wconf 80' lang='lat' dir='ltr'><strong>jubet</strong></span> <span class='ocrx_word' id='word_1_456' title='bbox 850 3536 1064 3607; x_wconf 71' lang='lat' dir='ltr'><strong>utquod</strong></span> <span class='ocrx_word' id='word_1_457' title='bbox 1088 3536 1245 3607; x_wconf 67' lang='lat' dir='ltr'><strong>periit</strong></span> <span class='ocrx_word' id='word_1_458' title='bbox 1272 3540 1493 3590; x_wconf 82' lang='lat' dir='ltr'><strong>triticum</strong></span> <span class='ocrx_word' id='word_1_459' title='bbox 1525 3537 1589 3588; x_wconf 81' lang='lat' dir='ltr'><strong>iis</strong></span> <span class='ocrx_word' id='word_1_460' title='bbox 1619 3543 1900 3603; x_wconf 74' lang='lat' dir='ltr'><strong>reputatur.</strong></span> 
     </span>
    </p>
   </div>
   <div class='ocr_carea' id='block_1_68' title="bbox 528 3621 2051 3696">
    <p class='ocr_par' dir='ltr' id='par_1_68' title="bbox 528 3621 2051 3696">
     <span class='ocr_line' id='line_1_68' title="bbox 528 3621 2051 3696; baseline -0.003 -17"><span class='ocrx_word' id='word_1_461' title='bbox 528 3626 872 3696; x_wconf 80' lang='lat' dir='ltr'><strong>Propositum</strong></span> <span class='ocrx_word' id='word_1_462' title='bbox 898 3636 1097 3681; x_wconf 62' lang='lat' dir='ltr'><strong>nostrae</strong></span> <span class='ocrx_word' id='word_1_463' title='bbox 1124 3626 1343 3696; x_wconf 89' lang='lat' dir='ltr'><strong>pietatis</strong></span> <span class='ocrx_word' id='word_1_464' title='bbox 1372 3634 1473 3690; x_wconf 89' lang='lat' dir='ltr'><strong>est,</strong></span> <span class='ocrx_word' id='word_1_465' title='bbox 1512 3622 1707 3691; x_wconf 84' lang='lat' dir='ltr'><strong>injuste</strong></span> <span class='ocrx_word' id='word_1_466' title='bbox 1738 3621 2051 3691; x_wconf 87' lang='lat' dir='ltr'><strong>periclitan-</strong></span> 
     </span>
    </p>
   </div>
   <div class='ocr_carea' id='block_1_69' title="bbox 456 3780 2042 3856">
    <p class='ocr_par' dir='ltr' id='par_1_69' title="bbox 456 3780 2042 3856">
     <span class='ocr_line' id='line_1_69' title="bbox 456 3780 2042 3856; baseline -0.004 -17"><span class='ocrx_word' id='word_1_467' title='bbox 456 3800 567 3856; x_wconf 74' lang='lat' dir='ltr'><strong>vm,</strong></span> <span class='ocrx_word' id='word_1_468' title='bbox 600 3800 718 3856; x_wconf 88' lang='lat' dir='ltr'><strong>cap.</strong></span> <span class='ocrx_word' id='word_1_469' title='bbox 755 3788 840 3841; x_wconf 81' lang='lat'><strong>57.</strong></span> <span class='ocrx_word' id='word_1_470' title='bbox 884 3788 1001 3843; x_wconf 79' lang='lat' dir='ltr'><strong>Val.</strong></span> <span class='ocrx_word' id='word_1_471' title='bbox 1039 3784 1179 3840; x_wconf 83' lang='lat' dir='ltr'><strong>Max.</strong></span> <span class='ocrx_word' id='word_1_472' title='bbox 1234 3785 1325 3839; x_wconf 90' lang='lat' dir='ltr'><strong>lib.</strong></span> <span class='ocrx_word' id='word_1_473' title='bbox 1358 3800 1448 3851; x_wconf 90' lang='lat' dir='ltr'><strong>vn,</strong></span> <span class='ocrx_word' id='word_1_474' title='bbox 1482 3797 1600 3853; x_wconf 90' lang='lat' dir='ltr'><strong>cap.</strong></span> <span class='ocrx_word' id='word_1_475' title='bbox 1626 3781 1679 3837; x_wconf 83' lang='lat'><strong>6.</strong></span> <span class='ocrx_word' id='word_1_476' title='bbox 1726 3780 1856 3837; x_wconf 87' lang='lat' dir='ltr'><strong>Vide</strong></span> <span class='ocrx_word' id='word_1_477' title='bbox 1884 3780 2042 3850; x_wconf 89' lang='lat' dir='ltr'><strong>epist.</strong></span> 
     </span>
    </p>
   </div>
   <div class='ocr_carea' id='block_1_70' title="bbox 456 3854 1156 3923">
    <p class='ocr_par' dir='ltr' id='par_1_70' title="bbox 456 3854 1156 3923">
     <span class='ocr_line' id='line_1_70' title="bbox 456 3854 1156 3923; baseline 0.003 -16"><span class='ocrx_word' id='word_1_478' title='bbox 456 3854 521 3908; x_wconf 73' lang='grc'><strong>27</strong></span> <span class='ocrx_word' id='word_1_479' title='bbox 555 3856 647 3909; x_wconf 84' lang='lat' dir='ltr'><strong>lib.</strong></span> <span class='ocrx_word' id='word_1_480' title='bbox 671 3854 770 3923; x_wconf 61' lang='grc' dir='ltr'><strong>τισὶ,</strong></span> <span class='ocrx_word' id='word_1_481' title='bbox 786 3858 957 3915; x_wconf 83' lang='lat' dir='ltr'><strong>infra.</strong></span> <span class='ocrx_word' id='word_1_482' title='bbox 989 3856 1156 3912; x_wconf 71' lang='lat' dir='ltr'><strong>Fonu.</strong></span> 
     </span>
    </p>
   </div>
   <div class='ocr_carea' id='block_1_71' title="bbox 530 3922 2048 3997">
    <p class='ocr_par' dir='ltr' id='par_1_71' title="bbox 530 3922 2048 3997">
     <span class='ocr_line' id='line_1_71' title="bbox 530 3922 2048 3997; baseline -0.002 -20"><span class='ocrx_word' id='word_1_483' title='bbox 530 3936 553 3962; x_wconf 69' lang='grc' dir='ltr'><strong>δ</strong></span> <span class='ocrx_word' id='word_1_484' title='bbox 586 3925 651 3978; x_wconf 75' lang='lat' dir='ltr'><strong>Et</strong></span> <span class='ocrx_word' id='word_1_485' title='bbox 675 3922 1148 3997; x_wconf 67' lang='lat' dir='ltr'><strong>JuStin.prouamio</strong></span> <span class='ocrx_word' id='word_1_486' title='bbox 1177 3924 1348 3997; x_wconf 84' lang='lat' dir='ltr'><strong>lnst_it.</strong></span> <span class='ocrx_word' id='word_1_487' title='bbox 1382 3933 1436 3979; x_wconf 90' lang='lat' dir='ltr'><strong>et</strong></span> <span class='ocrx_word' id='word_1_488' title='bbox 1464 3926 1499 3979; x_wconf 94' lang='lat' dir='ltr'><strong>l.</strong></span> <span class='ocrx_word' id='word_1_489' title='bbox 1533 3939 1717 3993; x_wconf 89' lang='lat' dir='ltr'><strong>un.,c.</strong></span> <span class='ocrx_word' id='word_1_490' title='bbox 1745 3926 1808 3978; x_wconf 89' lang='lat' dir='ltr'><strong>de</strong></span> <span class='ocrx_word' id='word_1_491' title='bbox 1832 3922 2048 3997; x_wconf 71' lang='lat' dir='ltr'><strong>relig.et</strong></span> 
     </span>
    </p>
   </div>
   <div class='ocr_carea' id='block_1_72' title="bbox 459 3994 2045 4074">
    <p class='ocr_par' dir='ltr' id='par_1_72' title="bbox 459 3994 2045 4074">
     <span class='ocr_line' id='line_1_72' title="bbox 459 3994 2045 4074; baseline -0.003 -25"><span class='ocrx_word' id='word_1_492' title='bbox 459 4007 651 4074; x_wconf 63' lang='lat' dir='ltr'><strong>suntpt.</strong></span> <span class='ocrx_word' id='word_1_493' title='bbox 698 4000 810 4074; x_wconf 62' lang='lat' dir='ltr'><strong>Iun.</strong></span> <span class='ocrx_word' id='word_1_494' title='bbox 856 3994 1120 4074; x_wconf 58' lang='lat' dir='ltr'><strong>Synesius</strong></span> <span class='ocrx_word' id='word_1_495' title='bbox 1166 3997 1233 4049; x_wconf 89' lang='lat' dir='ltr'><strong>ad</strong></span> <span class='ocrx_word' id='word_1_496' title='bbox 1274 3995 1549 4074; x_wconf 70' lang='lat' dir='ltr'><strong>Paeonium</strong></span> <span class='ocrx_word' id='word_1_497' title='bbox 1591 4000 1721 4074; x_wconf 54' lang='grc' dir='ltr'><strong>ῥπέρ</strong></span> <span class='ocrx_word' id='word_1_498' title='bbox 1741 3994 2045 4074; x_wconf 50' lang='grc' dir='ltr'><strong>λεῷ-δώρου.</strong></span> 
     </span>
    </p>
   </div>
   <div class='ocr_carea' id='block_1_73' title="bbox 457 4064 2050 4136">
    <p class='ocr_par' dir='ltr' id='par_1_73' title="bbox 457 4064 2050 4136">
     <span class='ocr_line' id='line_1_73' title="bbox 457 4064 2050 4136; baseline -0.002 -17"><span class='ocrx_word' id='word_1_499' title='bbox 457 4064 707 4124; x_wconf 49' lang='grc' dir='ltr'><strong>Δωριῆς</strong></span> <span class='ocrx_word' id='word_1_500' title='bbox 730 4069 827 4125; x_wconf 84' lang='lat' dir='ltr'><strong>fuit</strong></span> <span class='ocrx_word' id='word_1_501' title='bbox 856 4064 1157 4125; x_wconf 80' lang='lat' dir='ltr'><strong>Eleaticum</strong></span> <span class='ocrx_word' id='word_1_502' title='bbox 1184 4067 1543 4136; x_wconf 78' lang='lat' dir='ltr'><strong>gymnasium,</strong></span> <span class='ocrx_word' id='word_1_503' title='bbox 1577 4066 1668 4120; x_wconf 88' lang='lat' dir='ltr'><strong>ubi</strong></span> <span class='ocrx_word' id='word_1_504' title='bbox 1691 4064 1812 4134; x_wconf 56' lang='lat' dir='ltr'><strong>&quot;pari</strong></span> <span class='ocrx_word' id='word_1_505' title='bbox 1844 4064 2050 4136; x_wconf 75' lang='lat' dir='ltr'><strong>littera-</strong></span> 
     </span>
    </p>
   </div>
   <div class='ocr_carea' id='block_1_74' title="bbox 457 4134 2050 4206">
    <p class='ocr_par' dir='ltr' id='par_1_74' title="bbox 457 4134 2050 4206">
     <span class='ocr_line' id='line_1_74' title="bbox 457 4134 2050 4206; baseline 0 -17"><span class='ocrx_word' id='word_1_506' title='bbox 457 4150 576 4190; x_wconf 87' lang='lat' dir='ltr'><strong>rum</strong></span> <span class='ocrx_word' id='word_1_507' title='bbox 605 4147 661 4193; x_wconf 91' lang='lat' dir='ltr'><strong>et</strong></span> <span class='ocrx_word' id='word_1_508' title='bbox 683 4155 956 4195; x_wconf 86' lang='lat' dir='ltr'><strong>armorum</strong></span> <span class='ocrx_word' id='word_1_509' title='bbox 986 4154 1113 4196; x_wconf 89' lang='lat' dir='ltr'><strong>cura</strong></span> <span class='ocrx_word' id='word_1_510' title='bbox 1136 4134 1422 4206; x_wconf 78' lang='lat' dir='ltr'><strong>studioque</strong></span> <span class='ocrx_word' id='word_1_511' title='bbox 1443 4145 1847 4201; x_wconf 82' lang='lat' dir='ltr'><strong>exercerentur,</strong></span> <span class='ocrx_word' id='word_1_512' title='bbox 1868 4134 2050 4189; x_wconf 79' lang='grc' dir='ltr'><strong>διδασ-</strong></span> 
     </span>
    </p>
   </div>
   <div class='ocr_carea' id='block_1_75' title="bbox 457 4206 2048 4333">
    <p class='ocr_par' dir='ltr' id='par_1_75' title="bbox 457 4206 2048 4333">
     <span class='ocr_line' id='line_1_75' title="bbox 457 4206 2048 4333; baseline -0.003 -73"><span class='ocrx_word' id='word_1_513' title='bbox 457 4208 668 4333; x_wconf 57' lang='grc' dir='ltr'><strong>καλεῖοέ,</strong></span> <span class='ocrx_word' id='word_1_514' title='bbox 719 4213 873 4285; x_wconf 67' lang='grc' dir='ltr'><strong>λόγων</strong></span> <span class='ocrx_word' id='word_1_515' title='bbox 904 4233 956 4267; x_wconf 79' lang='grc' dir='ltr'><strong>τε</strong></span> <span class='ocrx_word' id='word_1_516' title='bbox 988 4213 1076 4266; x_wconf 75' lang='grc' dir='ltr'><strong>καὶ</strong></span> <span class='ocrx_word' id='word_1_517' title='bbox 1105 4209 1212 4280; x_wconf 78' lang='grc' dir='ltr'><strong>ἅμα</strong></span> <span class='ocrx_word' id='word_1_518' title='bbox 1240 4206 1406 4263; x_wconf 77' lang='grc' dir='ltr'><strong>ὅπλων</strong></span> <span class='ocrx_word' id='word_1_519' title='bbox 1446 4207 1701 4278; x_wconf 72' lang='grc' dir='ltr'><strong>ὁμοτίμως</strong></span> <span class='ocrx_word' id='word_1_520' title='bbox 1743 4207 2048 4278; x_wconf 74' lang='grc' dir='ltr'><strong>ἐπεμελήθη-</strong></span> 
     </span>
     <span class='ocr_line' id='line_1_76' title="bbox 459 4295 781 4333; baseline 0 0"><span class='ocrx_word' id='word_1_521' title='bbox 459 4298 579 4333; x_wconf 82' lang='grc' dir='ltr'><strong>σαν.</strong></span> <span class='ocrx_word' id='word_1_522' title='bbox 657 4295 781 4333; x_wconf 80' lang='lat' dir='ltr'><strong>omv.</strong></span> 
     </span>
    </p>
   </div>
   <div class='ocr_carea' id='block_1_76' title="bbox 459 4295 781 4337">
    <p class='ocr_par' dir='ltr' id='par_1_76' title="bbox 459 4295 781 4337">
     <span class='ocr_line' id='line_1_77' title="bbox 459 4295 781 4337; baseline 0.016 -4"><span class='ocrx_word' id='word_1_523' title='bbox 459 4298 579 4333; x_wconf 82' lang='grc' dir='ltr'><strong>σαν.</strong></span> <span class='ocrx_word' id='word_1_524' title='bbox 611 4295 781 4337; x_wconf 62' lang='grc' dir='ltr'><strong>ΙΟΒΝ.</strong></span> 
     </span>
    </p>
   </div>
   <div class='ocr_carea' id='block_1_77' title="bbox 530 4346 2049 4416">
    <p class='ocr_par' dir='ltr' id='par_1_77' title="bbox 530 4346 2049 4416">
     <span class='ocr_line' id='line_1_78' title="bbox 530 4346 2049 4416; baseline -0.002 -14"><span class='ocrx_word' id='word_1_525' title='bbox 530 4354 558 4392; x_wconf 85' lang='lat' dir='ltr'><strong>b</strong></span> <span class='ocrx_word' id='word_1_526' title='bbox 584 4348 756 4406; x_wconf 88' lang='lat' dir='ltr'><strong>Fuere</strong></span> <span class='ocrx_word' id='word_1_527' title='bbox 777 4355 906 4408; x_wconf 93' lang='lat' dir='ltr'><strong>olim</strong></span> <span class='ocrx_word' id='word_1_528' title='bbox 928 4350 1202 4408; x_wconf 87' lang='lat' dir='ltr'><strong>domicilia</strong></span> <span class='ocrx_word' id='word_1_529' title='bbox 1229 4350 1529 4405; x_wconf 88' lang='lat' dir='ltr'><strong>litterarmn</strong></span> <span class='ocrx_word' id='word_1_530' title='bbox 1554 4347 1792 4403; x_wconf 91' lang='lat' dir='ltr'><strong>omnium</strong></span> <span class='ocrx_word' id='word_1_531' title='bbox 1819 4346 2049 4416; x_wconf 83' lang='lat' dir='ltr'><strong>optima-</strong></span> 
     </span>
    </p>
   </div>
   <div class='ocr_carea' id='block_1_78' title="bbox 460 4417 2052 4544">
    <p class='ocr_par' dir='ltr' id='par_1_78' title="bbox 460 4417 2052 4544">
     <span class='ocr_line' id='line_1_79' title="bbox 460 4417 2052 4491; baseline 0 -21"><span class='ocrx_word' id='word_1_532' title='bbox 460 4431 580 4471; x_wconf 89' lang='lat' dir='ltr'><strong>rum</strong></span> <span class='ocrx_word' id='word_1_533' title='bbox 610 4419 852 4489; x_wconf 71' lang='lat' dir='ltr'><strong>Athenaz,</strong></span> <span class='ocrx_word' id='word_1_534' title='bbox 896 4423 1137 4483; x_wconf 85' lang='lat' dir='ltr'><strong>Rhodus,</strong></span> <span class='ocrx_word' id='word_1_535' title='bbox 1188 4422 1379 4487; x_wconf 75' lang='lat' dir='ltr'><strong>lloma,</strong></span> <span class='ocrx_word' id='word_1_536' title='bbox 1423 4420 1709 4491; x_wconf 85' lang='lat' dir='ltr'><strong>Berythus,</strong></span> <span class='ocrx_word' id='word_1_537' title='bbox 1740 4417 2052 4473; x_wconf 82' lang='lat' dir='ltr'><strong>Constanti-</strong></span> 
     </span>
     <span class='ocr_line' id='line_1_80' title="bbox 461 4489 1268 4544; baseline 0.004 -3"><span class='ocrx_word' id='word_1_538' title='bbox 461 4489 694 4544; x_wconf 83' lang='lat' dir='ltr'><strong>nonolis.</strong></span> <span class='ocrx_word' id='word_1_539' title='bbox 727 4490 1072 4544; x_wconf 79' lang='lat' dir='ltr'><strong>Alexandria.</strong></span> <span class='ocrx_word' id='word_1_540' title='bbox 1107 4491 1268 4544; x_wconf 63' lang='lat' dir='ltr'><strong>Fons.</strong></span> 
     </span>
    </p>
   </div>
   <div class='ocr_carea' id='block_1_79' title="bbox 461 4494 1268 4546">
    <p class='ocr_par' dir='ltr' id='par_1_79' title="bbox 461 4494 1268 4546">
     <span class='ocr_line' id='line_1_81' title="bbox 461 4494 1268 4546; baseline 0.006 -5"><span class='ocrx_word' id='word_1_541' title='bbox 461 4494 694 4546; x_wconf 84' lang='lat' dir='ltr'><strong>nonolis.</strong></span> <span class='ocrx_word' id='word_1_542' title='bbox 727 4494 1072 4546; x_wconf 79' lang='lat' dir='ltr'><strong>Alexandria.</strong></span> <span class='ocrx_word' id='word_1_543' title='bbox 1107 4494 1268 4546; x_wconf 65' lang='lat' dir='ltr'><strong>Fons.</strong></span> 
     </span>
    </p>
   </div>
   <div class='ocr_carea' id='block_1_80' title="bbox 537 4494 2045 4632">
    <p class='ocr_par' dir='ltr' id='par_1_80' title="bbox 537 4494 2045 4632">
     <span class='ocr_line' id='line_1_82' title="bbox 537 4494 1268 4557; baseline 0.003 -14"><span class='ocrx_word' id='word_1_544' title='bbox 537 4494 694 4557; x_wconf 87' lang='lat' dir='ltr'><strong>polis,</strong></span> <span class='ocrx_word' id='word_1_545' title='bbox 727 4494 1072 4548; x_wconf 79' lang='lat' dir='ltr'><strong>Alexandria.</strong></span> <span class='ocrx_word' id='word_1_546' title='bbox 1107 4494 1268 4547; x_wconf 64' lang='lat' dir='ltr'><strong>Fons.</strong></span> 
     </span>
     <span class='ocr_line' id='line_1_83' title="bbox 539 4558 2045 4632; baseline 0.003 -21"><span class='ocrx_word' id='word_1_547' title='bbox 539 4558 683 4632; x_wconf 67' lang='lat' dir='ltr'><strong>0_Sic</strong></span> <span class='ocrx_word' id='word_1_548' title='bbox 707 4563 869 4617; x_wconf 89' lang='lat' dir='ltr'><strong>etiam</strong></span> <span class='ocrx_word' id='word_1_549' title='bbox 898 4564 1147 4617; x_wconf 90' lang='lat' dir='ltr'><strong>dicuntur</strong></span> <span class='ocrx_word' id='word_1_550' title='bbox 1168 4575 1543 4632; x_wconf 89' lang='lat' dir='ltr'><strong>prosecutores</strong></span> <span class='ocrx_word' id='word_1_551' title='bbox 1570 4574 1844 4632; x_wconf 80' lang='lat' dir='ltr'><strong>equorum</strong></span> <span class='ocrx_word' id='word_1_552' title='bbox 1863 4559 1917 4613; x_wconf 91' lang='lat' dir='ltr'><strong>in</strong></span> <span class='ocrx_word' id='word_1_553' title='bbox 1946 4559 1983 4632; x_wconf 85' lang='lat' dir='ltr'><strong>l.</strong></span> <span class='ocrx_word' id='word_1_554' title='bbox 2007 4577 2045 4625; x_wconf 81' lang='grc' dir='ltr'><strong>ι,</strong></span> 
     </span>
    </p>
   </div>
   <div class='ocr_carea' id='block_1_81' title="bbox 462 4618 3057 4702">
    <p class='ocr_par' dir='ltr' id='par_1_81' title="bbox 462 4618 3057 4702">
     <span class='ocr_line' id='line_1_84' title="bbox 462 4618 3057 4702; baseline -0.001 -17"><span class='ocrx_word' id='word_1_555' title='bbox 462 4644 511 4685; x_wconf 89' lang='lat' dir='ltr'><strong>c.</strong></span> <span class='ocrx_word' id='word_1_556' title='bbox 544 4629 607 4683; x_wconf 81' lang='lat' dir='ltr'><strong>de</strong></span> <span class='ocrx_word' id='word_1_557' title='bbox 633 4639 786 4702; x_wconf 66' lang='lat' dir='ltr'><strong>tract.</strong></span> <span class='ocrx_word' id='word_1_558' title='bbox 811 4644 860 4687; x_wconf 86' lang='lat' dir='ltr'><strong>et</strong></span> <span class='ocrx_word' id='word_1_559' title='bbox 882 4641 1039 4696; x_wconf 81' lang='lat' dir='ltr'><strong>stat.;</strong></span> <span class='ocrx_word' id='word_1_560' title='bbox 1064 4618 1439 4701; x_wconf 74' lang='lat' dir='ltr'><strong>prosecutores</strong></span> <span class='ocrx_word' id='word_1_561' title='bbox 1460 4618 1792 4702; x_wconf 72' lang='lat' dir='ltr'><strong>publicarum</strong></span> <span class='ocrx_word' id='word_1_562' title='bbox 1820 4618 2053 4684; x_wconf 58' lang='lat' dir='ltr'><strong>functio;</strong></span> <span class='ocrx_word' id='word_1_563' title='bbox 2080 4620 2134 4680; x_wconf 86' lang='lat' dir='ltr'><strong>D</strong></span> <span class='ocrx_word' id='word_1_564' title='bbox 2155 4620 2238 4702; x_wconf 54' lang='lat' dir='ltr'><strong>Fls</strong></span> <span class='ocrx_word' id='word_1_565' title='bbox 2266 4620 2467 4702; x_wconf 52' lang='lat' dir='ltr'><strong>divini},</strong></span> <span class='ocrx_word' id='word_1_566' title='bbox 2498 4631 2661 4701; x_wconf 66' lang='lat' dir='ltr'><strong>qua!“</strong></span> <span class='ocrx_word' id='word_1_567' title='bbox 2691 4618 2802 4670; x_wconf 68' lang='grc' dir='ltr'><strong>θεοῦ</strong></span> <span class='ocrx_word' id='word_1_568' title='bbox 2824 4618 2960 4702; x_wconf 63' lang='grc' dir='ltr'><strong>βίεξνν</strong></span> <span class='ocrx_word' id='word_1_569' title='bbox 2994 4634 3057 4673; x_wconf 70' lang='grc' dir='ltr'><strong>νε</strong></span> 
     </span>
    </p>
   </div>
   <div class='ocr_carea' id='block_1_82' title="bbox 464 4699 2053 4780">
    <p class='ocr_par' dir='ltr' id='par_1_82' title="bbox 464 4699 2053 4780">
     <span class='ocr_line' id='line_1_85' title="bbox 464 4699 2053 4780; baseline 0.001 -27"><span class='ocrx_word' id='word_1_570' title='bbox 464 4714 612 4780; x_wconf 75' lang='lat' dir='ltr'><strong>num,</strong></span> <span class='ocrx_word' id='word_1_571' title='bbox 666 4699 704 4780; x_wconf 82' lang='lat' dir='ltr'><strong>l_.</strong></span> <span class='ocrx_word' id='word_1_572' title='bbox 737 4701 793 4769; x_wconf 89' lang='lat'><strong>9,</strong></span> <span class='ocrx_word' id='word_1_573' title='bbox 836 4720 885 4780; x_wconf 51' lang='grc' dir='ltr'><strong>ς,</strong></span> <span class='ocrx_word' id='word_1_574' title='bbox 919 4704 981 4780; x_wconf 81' lang='lat' dir='ltr'><strong>de</strong></span> <span class='ocrx_word' id='word_1_575' title='bbox 1023 4699 1159 4756; x_wconf 74' lang='lat' dir='ltr'><strong>curs.</strong></span> <span class='ocrx_word' id='word_1_576' title='bbox 1194 4703 1370 4780; x_wconf 60' lang='lat' dir='ltr'><strong>palm;</strong></span> <span class='ocrx_word' id='word_1_577' title='bbox 1427 4699 1806 4780; x_wconf 45' lang='lat' dir='ltr'><strong>piosecntores</strong></span> <span class='ocrx_word' id='word_1_578' title='bbox 1835 4716 2053 4755; x_wconf 89' lang='lat' dir='ltr'><strong>reorum</strong></span> 
     </span>
    </p>
   </div>
   <div class='ocr_carea' id='block_1_83' title="bbox 465 4770 1647 4827">
    <p class='ocr_par' dir='ltr' id='par_1_83' title="bbox 465 4770 1647 4827">
     <span class='ocr_line' id='line_1_86' title="bbox 465 4770 1647 4827; baseline 0.002 -5"><span class='ocrx_word' id='word_1_579' title='bbox 465 4770 521 4823; x_wconf 91' lang='lat' dir='ltr'><strong>in</strong></span> <span class='ocrx_word' id='word_1_580' title='bbox 550 4770 589 4823; x_wconf 93' lang='lat' dir='ltr'><strong>l.</strong></span> <span class='ocrx_word' id='word_1_581' title='bbox 621 4771 813 4826; x_wconf 87' lang='lat' dir='ltr'><strong>solent.</strong></span> <span class='ocrx_word' id='word_1_582' title='bbox 846 4773 909 4825; x_wconf 81' lang='grc' dir='ltr'><strong>ι).</strong></span> <span class='ocrx_word' id='word_1_583' title='bbox 944 4774 1015 4827; x_wconf 88' lang='lat' dir='ltr'><strong>de</strong></span> <span class='ocrx_word' id='word_1_584' title='bbox 1040 4770 1248 4827; x_wconf 85' lang='lat' dir='ltr'><strong>custod.</strong></span> <span class='ocrx_word' id='word_1_585' title='bbox 1280 4770 1647 4827; x_wconf 55' lang='lat' dir='ltr'><strong>reorIBnoss.</strong></span> 
     </span>
    </p>
   </div>
   <div class='ocr_carea' id='block_1_84' title="bbox 538 4838 2050 4913">
    <p class='ocr_par' dir='ltr' id='par_1_84' title="bbox 538 4838 2050 4913">
     <span class='ocr_line' id='line_1_87' title="bbox 538 4838 2050 4913; baseline 0.003 -22"><span class='ocrx_word' id='word_1_586' title='bbox 538 4838 564 4876; x_wconf 76' lang='grc' dir='ltr'><em>ά</em></span> <span class='ocrx_word' id='word_1_587' title='bbox 594 4838 872 4913; x_wconf 83' lang='lat' dir='ltr'><strong>Modiatio,</strong></span> <span class='ocrx_word' id='word_1_588' title='bbox 910 4843 1142 4896; x_wconf 90' lang='lat' dir='ltr'><strong>modius.</strong></span> <span class='ocrx_word' id='word_1_589' title='bbox 1174 4842 1517 4913; x_wconf 71' lang='lat' dir='ltr'><strong>Epiphanius</strong></span> <span class='ocrx_word' id='word_1_590' title='bbox 1543 4847 1662 4913; x_wconf 80' lang='grc' dir='ltr'><strong><em>περὶ</em></strong></span> <span class='ocrx_word' id='word_1_591' title='bbox 1709 4845 1964 4913; x_wconf 70' lang='grc' dir='ltr'><strong>σταθμῶν.</strong></span> <span class='ocrx_word' id='word_1_592' title='bbox 2014 4842 2050 4896; x_wconf 88' lang='grc'><strong>1.</strong></span> 
     </span>
    </p>
   </div>
   <div class='ocr_carea' id='block_1_85' title="bbox 463 4910 2053 4984">
    <p class='ocr_par' dir='ltr' id='par_1_85' title="bbox 463 4910 2053 4984">
     <span class='ocr_line' id='line_1_88' title="bbox 463 4910 2053 4984; baseline 0.002 -20"><span class='ocrx_word' id='word_1_593' title='bbox 463 4910 587 4974; x_wconf 86' lang='lat' dir='ltr'><strong>ult.,</strong></span> <span class='ocrx_word' id='word_1_594' title='bbox 634 4926 682 4984; x_wconf 65' lang='grc' dir='ltr'><strong>ς.</strong></span> <span class='ocrx_word' id='word_1_595' title='bbox 710 4912 775 4965; x_wconf 89' lang='lat' dir='ltr'><strong>de</strong></span> <span class='ocrx_word' id='word_1_596' title='bbox 818 4915 1105 4984; x_wconf 74' lang='lat' dir='ltr'><strong>naufrag.;</strong></span> <span class='ocrx_word' id='word_1_597' title='bbox 1154 4910 1245 4966; x_wconf 80' lang='lat' dir='ltr'><strong>lib.</strong></span> <span class='ocrx_word' id='word_1_598' title='bbox 1276 4910 1542 4984; x_wconf 40' lang='lat' dir='ltr'><strong>&#39;xttl.§2,</strong></span> <span class='ocrx_word' id='word_1_599' title='bbox 1593 4910 1727 4984; x_wconf 86' lang='lat' dir='ltr'><strong>Cum</strong></span> <span class='ocrx_word' id='word_1_600' title='bbox 1758 4910 2053 4984; x_wconf 83' lang='lat' dir='ltr'><strong>navarcho-</strong></span> 
     </span>
    </p>
   </div>
   <div class='ocr_carea' id='block_1_86' title="bbox 466 4981 2052 5049">
    <p class='ocr_par' dir='ltr' id='par_1_86' title="bbox 466 4981 2052 5049">
     <span class='ocr_line' id='line_1_89' title="bbox 466 4981 2052 5049; baseline 0.003 -15"><span class='ocrx_word' id='word_1_601' title='bbox 466 4996 606 5035; x_wconf 89' lang='lat' dir='ltr'><strong>rum.</strong></span> <span class='ocrx_word' id='word_1_602' title='bbox 640 4981 717 5037; x_wconf 88' lang='lat' dir='ltr'><strong>De</strong></span> <span class='ocrx_word' id='word_1_603' title='bbox 745 4981 1092 5039; x_wconf 85' lang='lat' dir='ltr'><strong>naviculariis</strong></span> <span class='ocrx_word' id='word_1_604' title='bbox 1116 4983 1207 5037; x_wconf 89' lang='lat' dir='ltr'><strong>lib.</strong></span> <span class='ocrx_word' id='word_1_605' title='bbox 1231 4999 1323 5036; x_wconf 84' lang='lat' dir='ltr'><strong>xm</strong></span> <span class='ocrx_word' id='word_1_606' title='bbox 1349 4982 1409 5037; x_wconf 90' lang='lat' dir='ltr'><strong>C.</strong></span> <span class='ocrx_word' id='word_1_607' title='bbox 1444 4982 1569 5049; x_wconf 90' lang='lat' dir='ltr'><strong>Th.,</strong></span> <span class='ocrx_word' id='word_1_608' title='bbox 1599 4984 1636 5038; x_wconf 91' lang='grc' dir='ltr'><strong>Ι.</strong></span> <span class='ocrx_word' id='word_1_609' title='bbox 1663 4983 1749 5049; x_wconf 76' lang='grc'><strong>16,</strong></span> <span class='ocrx_word' id='word_1_610' title='bbox 1782 4982 1915 5037; x_wconf 88' lang='lat' dir='ltr'><strong>Cum</strong></span> <span class='ocrx_word' id='word_1_611' title='bbox 1945 5000 2052 5038; x_wconf 91' lang='lat' dir='ltr'><strong>non</strong></span> 
     </span>
    </p>
   </div>
   <div class='ocr_carea' id='block_1_87' title="bbox 465 5049 2047 5121">
    <p class='ocr_par' dir='ltr' id='par_1_87' title="bbox 465 5049 2047 5121">
     <span class='ocr_line' id='line_1_90' title="bbox 465 5049 2047 5121; baseline 0.003 -18"><span class='ocrx_word' id='word_1_612' title='bbox 465 5049 814 5121; x_wconf 84' lang='lat' dir='ltr'><strong>frumentum,</strong></span> <span class='ocrx_word' id='word_1_613' title='bbox 863 5070 913 5110; x_wconf 89' lang='lat' dir='ltr'><strong>c.</strong></span> <span class='ocrx_word' id='word_1_614' title='bbox 947 5054 1010 5107; x_wconf 84' lang='lat' dir='ltr'><strong>de</strong></span> <span class='ocrx_word' id='word_1_615' title='bbox 1045 5070 1188 5107; x_wconf 80' lang='lat' dir='ltr'><strong>usur.</strong></span> <span class='ocrx_word' id='word_1_616' title='bbox 1236 5052 1482 5109; x_wconf 83' lang='lat' dir='ltr'><strong>Calculus</strong></span> <span class='ocrx_word' id='word_1_617' title='bbox 1528 5053 1876 5111; x_wconf 89' lang='lat' dir='ltr'><strong>modiationis</strong></span> <span class='ocrx_word' id='word_1_618' title='bbox 1923 5054 1976 5109; x_wconf 91' lang='lat' dir='ltr'><strong>d.</strong></span> <span class='ocrx_word' id='word_1_619' title='bbox 2011 5055 2047 5108; x_wconf 94' lang='lat' dir='ltr'><strong>l.</strong></span> 
     </span>
    </p>
   </div>
   <div class='ocr_carea' id='block_1_88' title="bbox 466 5122 2051 5196">
    <p class='ocr_par' dir='ltr' id='par_1_88' title="bbox 466 5122 2051 5196">
     <span class='ocr_line' id='line_1_91' title="bbox 466 5122 2051 5196; baseline 0.003 -21"><span class='ocrx_word' id='word_1_620' title='bbox 466 5122 566 5196; x_wconf 66' lang='lat' dir='ltr'><strong>ult.</strong></span> <span class='ocrx_word' id='word_1_621' title='bbox 591 5140 604 5175; x_wconf 93' lang='lat'>:</span> <span class='ocrx_word' id='word_1_622' title='bbox 637 5124 949 5196; x_wconf 84' lang='lat' dir='ltr'><strong>ubi_obiter</strong></span> <span class='ocrx_word' id='word_1_623' title='bbox 977 5126 1202 5196; x_wconf 65' lang='lat' dir='ltr'><strong>observa</strong></span> <span class='ocrx_word' id='word_1_624' title='bbox 1234 5124 1475 5196; x_wconf 86' lang='lat' dir='ltr'><strong>lacunam</strong></span> <span class='ocrx_word' id='word_1_625' title='bbox 1504 5125 1767 5196; x_wconf 86' lang='lat' dir='ltr'><strong>dispendii</strong></span> <span class='ocrx_word' id='word_1_626' title='bbox 1798 5140 1865 5196; x_wconf 90' lang='lat' dir='ltr'><strong>eo</strong></span> <span class='ocrx_word' id='word_1_627' title='bbox 1889 5139 2051 5196; x_wconf 81' lang='lat' dir='ltr'><strong>sensu</strong></span> 
     </span>
    </p>
   </div>
   <div class='ocr_carea' id='block_1_89' title="bbox 465 5193 2052 5265">
    <p class='ocr_par' dir='ltr' id='par_1_89' title="bbox 465 5193 2052 5265">
     <span class='ocr_line' id='line_1_92' title="bbox 465 5193 2052 5265; baseline 0 -18"><span class='ocrx_word' id='word_1_628' title='bbox 465 5193 571 5248; x_wconf 87' lang='lat' dir='ltr'><strong>dici</strong></span> <span class='ocrx_word' id='word_1_629' title='bbox 617 5194 685 5248; x_wconf 91' lang='lat' dir='ltr'><strong>ab</strong></span> <span class='ocrx_word' id='word_1_630' title='bbox 717 5194 954 5251; x_wconf 86' lang='lat' dir='ltr'><strong>llonorio</strong></span> <span class='ocrx_word' id='word_1_631' title='bbox 984 5203 1039 5250; x_wconf 91' lang='lat' dir='ltr'><strong>et</strong></span> <span class='ocrx_word' id='word_1_632' title='bbox 1065 5194 1269 5265; x_wconf 77' lang='lat' dir='ltr'><strong>Theod.</strong></span> <span class='ocrx_word' id='word_1_633' title='bbox 1302 5209 1408 5262; x_wconf 90' lang='lat' dir='ltr'><strong>quo</strong></span> <span class='ocrx_word' id='word_1_634' title='bbox 1446 5193 1637 5250; x_wconf 82' lang='lat' dir='ltr'><strong>lacuna</strong></span> <span class='ocrx_word' id='word_1_635' title='bbox 1666 5195 1859 5249; x_wconf 80' lang='lat' dir='ltr'><strong>aerarii.</strong></span> <span class='ocrx_word' id='word_1_636' title='bbox 1896 5194 2052 5265; x_wconf 84' lang='lat' dir='ltr'><strong>Sym-</strong></span> 
     </span>
    </p>
   </div>
   <div class='ocr_carea' id='block_1_90' title="bbox 466 5264 2048 5335">
    <p class='ocr_par' dir='ltr' id='par_1_90' title="bbox 466 5264 2048 5335">
     <span class='ocr_line' id='line_1_93' title="bbox 466 5264 2048 5335; baseline 0.003 -18"><span class='ocrx_word' id='word_1_637' title='bbox 466 5264 659 5335; x_wconf 82' lang='lat' dir='ltr'><strong>macho</strong></span> <span class='ocrx_word' id='word_1_638' title='bbox 689 5267 780 5321; x_wconf 91' lang='lat' dir='ltr'><strong>lib.</strong></span> <span class='ocrx_word' id='word_1_639' title='bbox 810 5284 848 5333; x_wconf 88' lang='lat' dir='ltr'><strong>l,</strong></span> <span class='ocrx_word' id='word_1_640' title='bbox 876 5266 1030 5335; x_wconf 90' lang='lat' dir='ltr'><strong>epist.</strong></span> <span class='ocrx_word' id='word_1_641' title='bbox 1065 5265 1151 5320; x_wconf 76' lang='lat'><strong>19.</strong></span> <span class='ocrx_word' id='word_1_642' title='bbox 1183 5264 1378 5333; x_wconf 86' lang='lat' dir='ltr'><strong>Gellio,</strong></span> <span class='ocrx_word' id='word_1_643' title='bbox 1424 5264 1580 5320; x_wconf 74' lang='lat' dir='ltr'><strong>fama:</strong></span> <span class='ocrx_word' id='word_1_644' title='bbox 1611 5268 1822 5333; x_wconf 89' lang='lat' dir='ltr'><strong>lacuna,</strong></span> <span class='ocrx_word' id='word_1_645' title='bbox 1852 5264 1947 5321; x_wconf 72' lang='lat' dir='ltr'><strong>lib.</strong></span> <span class='ocrx_word' id='word_1_646' title='bbox 1975 5282 2048 5332; x_wconf 68' lang='grc' dir='ltr'><strong>ιι,</strong></span> 
     </span>
    </p>
   </div>
   <div class='ocr_carea' id='block_1_91' title="bbox 466 5334 2050 5416">
    <p class='ocr_par' dir='ltr' id='par_1_91' title="bbox 466 5334 2050 5416">
     <span class='ocr_line' id='line_1_94' title="bbox 466 5334 2050 5416; baseline 0.003 -28"><span class='ocrx_word' id='word_1_647' title='bbox 466 5334 604 5416; x_wconf 61' lang='lat' dir='ltr'><strong>c._&#39;5.</strong></span> <span class='ocrx_word' id='word_1_648' title='bbox 634 5336 881 5416; x_wconf 71' lang='lat' dir='ltr'><strong>Ciceroni</strong></span> <span class='ocrx_word' id='word_1_649' title='bbox 908 5335 1192 5416; x_wconf 45' lang='lat' dir='ltr'><strong>vet-ripa}</strong></span> <span class='ocrx_word' id='word_1_650' title='bbox 1223 5335 1478 5416; x_wconf 50' lang='lat' dir='ltr'><strong>politam};</strong></span> <span class='ocrx_word' id='word_1_651' title='bbox 1524 5338 1683 5408; x_wconf 90' lang='lat' dir='ltr'><strong>longe</strong></span> <span class='ocrx_word' id='word_1_652' title='bbox 1712 5336 1856 5392; x_wconf 89' lang='lat' dir='ltr'><strong>aliud</strong></span> <span class='ocrx_word' id='word_1_653' title='bbox 1886 5338 1940 5392; x_wconf 89' lang='lat' dir='ltr'><strong>in</strong></span> <span class='ocrx_word' id='word_1_654' title='bbox 1970 5336 2050 5393; x_wconf 90' lang='lat' dir='ltr'><strong>le-</strong></span> 
     </span>
    </p>
   </div>
   <div class='ocr_carea' id='block_1_92' title="bbox 466 5405 1455 5473">
    <p class='ocr_par' dir='ltr' id='par_1_92' title="bbox 466 5405 1455 5473">
     <span class='ocr_line' id='line_1_95' title="bbox 466 5405 1455 5473; baseline 0.004 -16"><span class='ocrx_word' id='word_1_655' title='bbox 466 5405 620 5473; x_wconf 85' lang='lat' dir='ltr'><strong>gibus</strong></span> <span class='ocrx_word' id='word_1_656' title='bbox 649 5408 925 5463; x_wconf 88' lang='lat' dir='ltr'><strong>navalibus</strong></span> <span class='ocrx_word' id='word_1_657' title='bbox 953 5406 1258 5463; x_wconf 86' lang='lat' dir='ltr'><strong>Justiniani.</strong></span> <span class='ocrx_word' id='word_1_658' title='bbox 1291 5405 1455 5462; x_wconf 68' lang='lat' dir='ltr'><strong>rm.</strong></span> 
     </span>
    </p>
   </div>
   <div class='ocr_carea' id='block_1_93' title="bbox 538 5474 2053 5548">
    <p class='ocr_par' dir='ltr' id='par_1_93' title="bbox 538 5474 2053 5548">
     <span class='ocr_line' id='line_1_96' title="bbox 538 5474 2053 5548; baseline 0.002 -19"><span class='ocrx_word' id='word_1_659' title='bbox 538 5474 921 5548; x_wconf 80' lang='lat' dir='ltr'><strong>Modiationem</strong></span> <span class='ocrx_word' id='word_1_660' title='bbox 949 5478 1128 5532; x_wconf 90' lang='lat' dir='ltr'><strong>tritici.</strong></span> <span class='ocrx_word' id='word_1_661' title='bbox 1167 5477 1267 5532; x_wconf 86' lang='lat' dir='ltr'><strong>llic</strong></span> <span class='ocrx_word' id='word_1_662' title='bbox 1294 5478 1441 5533; x_wconf 89' lang='lat' dir='ltr'><strong>locus</strong></span> <span class='ocrx_word' id='word_1_663' title='bbox 1465 5478 1699 5548; x_wconf 88' lang='lat' dir='ltr'><strong>pertinet</strong></span> <span class='ocrx_word' id='word_1_664' title='bbox 1728 5478 1795 5533; x_wconf 85' lang='lat' dir='ltr'><strong>ad</strong></span> <span class='ocrx_word' id='word_1_665' title='bbox 1824 5478 1860 5532; x_wconf 91' lang='lat' dir='ltr'><strong>l.</strong></span> <span class='ocrx_word' id='word_1_666' title='bbox 1890 5492 2053 5548; x_wconf 90' lang='lat' dir='ltr'><strong>super</strong></span> 
     </span>
    </p>
   </div>
   <div class='ocr_carea' id='block_1_94' title="bbox 465 5546 2052 5618">
    <p class='ocr_par' dir='ltr' id='par_1_94' title="bbox 465 5546 2052 5618">
     <span class='ocr_line' id='line_1_97' title="bbox 465 5546 2052 5618; baseline 0.003 -19"><span class='ocrx_word' id='word_1_667' title='bbox 465 5546 884 5618; x_wconf 84' lang='lat' dir='ltr'><strong>naufragiorum,</strong></span> <span class='ocrx_word' id='word_1_668' title='bbox 915 5549 967 5614; x_wconf 88' lang='lat'><strong>6,</strong></span> <span class='ocrx_word' id='word_1_669' title='bbox 997 5564 1045 5604; x_wconf 91' lang='lat' dir='ltr'><strong>c.</strong></span> <span class='ocrx_word' id='word_1_670' title='bbox 1075 5548 1139 5602; x_wconf 87' lang='lat' dir='ltr'><strong>de</strong></span> <span class='ocrx_word' id='word_1_671' title='bbox 1167 5549 1445 5618; x_wconf 85' lang='lat' dir='ltr'><strong>uaufrag.;</strong></span> <span class='ocrx_word' id='word_1_672' title='bbox 1466 5546 1590 5604; x_wconf 76' lang='lat' dir='ltr'><strong>haec</strong></span> <span class='ocrx_word' id='word_1_673' title='bbox 1614 5550 1763 5604; x_wconf 88' lang='lat' dir='ltr'><strong>enim</strong></span> <span class='ocrx_word' id='word_1_674' title='bbox 1786 5549 1901 5604; x_wconf 89' lang='lat' dir='ltr'><strong>vult</strong></span> <span class='ocrx_word' id='word_1_675' title='bbox 1927 5546 1987 5603; x_wconf 74' lang='lat' dir='ltr'><strong>ut</strong></span> <span class='ocrx_word' id='word_1_676' title='bbox 2005 5550 2052 5603; x_wconf 92' lang='lat' dir='ltr'><strong>si</strong></span> 
     </span>
    </p>
   </div>
   <div class='ocr_carea' id='block_1_95' title="bbox 470 5617 2051 5692">
    <p class='ocr_par' dir='ltr' id='par_1_95' title="bbox 470 5617 2051 5692">
     <span class='ocr_line' id='line_1_98' title="bbox 470 5617 2051 5692; baseline 0.004 -25"><span class='ocrx_word' id='word_1_677' title='bbox 470 5617 921 5674; x_wconf 88' lang='lat' dir='ltr'><strong>naviculariorum</strong></span> <span class='ocrx_word' id='word_1_678' title='bbox 942 5621 1112 5692; x_wconf 84' lang='lat' dir='ltr'><strong>culpa_</strong></span> <span class='ocrx_word' id='word_1_679' title='bbox 1128 5617 1414 5692; x_wconf 79' lang='lat' dir='ltr'><strong>navigandi</strong></span> <span class='ocrx_word' id='word_1_680' title='bbox 1430 5620 1847 5692; x_wconf 71' lang='lat' dir='ltr'><strong>opportunitate</strong></span> <span class='ocrx_word' id='word_1_681' title='bbox 1873 5626 2051 5692; x_wconf 85' lang='lat' dir='ltr'><strong>trans-</strong></span> 
     </span>
    </p>
   </div>
   <div class='ocr_carea' id='block_1_96' title="bbox 470 5688 2053 5766">
    <p class='ocr_par' dir='ltr' id='par_1_96' title="bbox 470 5688 2053 5766">
     <span class='ocr_line' id='line_1_99' title="bbox 470 5688 2053 5766; baseline 0.005 -28"><span class='ocrx_word' id='word_1_682' title='bbox 470 5691 610 5766; x_wconf 69' lang='lat' dir='ltr'><strong>acta,</strong></span> <span class='ocrx_word' id='word_1_683' title='bbox 639 5704 729 5766; x_wconf 33' lang='grc' dir='ltr'>,δι’</span> <span class='ocrx_word' id='word_1_684' title='bbox 768 5704 999 5766; x_wconf 74' lang='lat' dir='ltr'><strong>annona</strong></span> <span class='ocrx_word' id='word_1_685' title='bbox 1026 5688 1240 5766; x_wconf 74' lang='lat' dir='ltr'><strong>publica</strong></span> <span class='ocrx_word' id='word_1_686' title='bbox 1276 5688 1503 5766; x_wconf 25' lang='lat' dir='ltr'><strong>aliquid;</strong></span> <span class='ocrx_word' id='word_1_687' title='bbox 1520 5688 1843 5766; x_wconf 81' lang='lat' dir='ltr'><strong>tempestate</strong></span> <span class='ocrx_word' id='word_1_688' title='bbox 1889 5691 2053 5746; x_wconf 88' lang='lat' dir='ltr'><strong>maris</strong></span> 
     </span>
    </p>
   </div>
   <div class='ocr_carea' id='block_1_97' title="bbox 469 5754 2053 5835">
    <p class='ocr_par' dir='ltr' id='par_1_97' title="bbox 469 5754 2053 5835">
     <span class='ocr_line' id='line_1_100' title="bbox 469 5754 2053 5835; baseline 0.006 -28"><span class='ocrx_word' id='word_1_689' title='bbox 469 5754 777 5835; x_wconf 74' lang='lat' dir='ltr'><strong>deperierit,</strong></span> <span class='ocrx_word' id='word_1_690' title='bbox 800 5754 1097 5829; x_wconf 75' lang='lat' dir='ltr'><strong>periculum</strong></span> <span class='ocrx_word' id='word_1_691' title='bbox 1118 5758 1185 5835; x_wconf 80' lang='lat' dir='ltr'><strong>ad</strong></span> <span class='ocrx_word' id='word_1_692' title='bbox 1207 5754 1834 5835; x_wconf 44' lang='lat' dir='ltr'><strong>omne-naviculariorum</strong></span> <span class='ocrx_word' id='word_1_693' title='bbox 1857 5776 2053 5831; x_wconf 88' lang='lat' dir='ltr'><strong>corpus</strong></span> 
     </span>
    </p>
   </div>
   <div class='ocr_carea' id='block_1_98' title="bbox 468 5829 2051 5898">
    <p class='ocr_par' dir='ltr' id='par_1_98' title="bbox 468 5829 2051 5898">
     <span class='ocr_line' id='line_1_101' title="bbox 468 5829 2051 5898; baseline 0.005 -20"><span class='ocrx_word' id='word_1_694' title='bbox 468 5829 740 5898; x_wconf 77' lang='lat' dir='ltr'><strong>pertineat</strong></span> <span class='ocrx_word' id='word_1_695' title='bbox 764 5845 863 5898; x_wconf 80' lang='lat' dir='ltr'><strong>pro</strong></span> <span class='ocrx_word' id='word_1_696' title='bbox 889 5839 1006 5885; x_wconf 86' lang='lat' dir='ltr'><strong>rata</strong></span> <span class='ocrx_word' id='word_1_697' title='bbox 1031 5829 1302 5897; x_wconf 89' lang='lat' dir='ltr'><strong>portione,</strong></span> <span class='ocrx_word' id='word_1_698' title='bbox 1335 5843 1443 5884; x_wconf 90' lang='lat' dir='ltr'><strong>non</strong></span> <span class='ocrx_word' id='word_1_699' title='bbox 1471 5832 1541 5883; x_wconf 90' lang='lat' dir='ltr'><strong>ad</strong></span> <span class='ocrx_word' id='word_1_700' title='bbox 1577 5830 1787 5898; x_wconf 82' lang='lat' dir='ltr'><strong>fiscum,</strong></span> <span class='ocrx_word' id='word_1_701' title='bbox 1836 5829 2051 5886; x_wconf 41' lang='lat' dir='ltr'><strong>non—ad</strong></span> 
     </span>
    </p>
   </div>
   <div class='ocr_carea' id='block_1_99' title="bbox 471 5895 2054 5974">
    <p class='ocr_par' dir='ltr' id='par_1_99' title="bbox 471 5895 2054 5974">
     <span class='ocr_line' id='line_1_102' title="bbox 471 5895 2054 5974; baseline 0.005 -21"><span class='ocrx_word' id='word_1_702' title='bbox 471 5895 783 5954; x_wconf 68' lang='lat' dir='ltr'><strong>collatores.</strong></span> <span class='ocrx_word' id='word_1_703' title='bbox 812 5895 1100 5955; x_wconf 80' lang='lat' dir='ltr'><strong>Sciendum</strong></span> <span class='ocrx_word' id='word_1_704' title='bbox 1126 5908 1304 5955; x_wconf 83' lang='lat' dir='ltr'><strong>tamen</strong></span> <span class='ocrx_word' id='word_1_705' title='bbox 1347 5908 1433 5955; x_wconf 84' lang='lat' dir='ltr'><strong>est</strong></span> <span class='ocrx_word' id='word_1_706' title='bbox 1464 5902 1610 5970; x_wconf 89' lang='lat' dir='ltr'><strong>quod</strong></span> <span class='ocrx_word' id='word_1_707' title='bbox 1651 5895 1931 5972; x_wconf 80' lang='lat' dir='ltr'><strong>naufragio</strong></span> <span class='ocrx_word' id='word_1_708' title='bbox 1958 5918 2054 5974; x_wconf 83' lang='lat' dir='ltr'><strong>pe-</strong></span> 
     </span>
    </p>
   </div>
   <div class='ocr_carea' id='block_1_100' title="bbox 2159 3329 3750 3404">
    <p class='ocr_par' dir='ltr' id='par_1_100' title="bbox 2159 3329 3750 3404">
     <span class='ocr_line' id='line_1_103' title="bbox 2159 3329 3750 3404; baseline 0 -15"><span class='ocrx_word' id='word_1_709' title='bbox 2159 3349 2289 3389; x_wconf 75' lang='lat' dir='ltr'><strong>.uum</strong></span> <span class='ocrx_word' id='word_1_710' title='bbox 2312 3333 2491 3388; x_wconf 88' lang='lat' dir='ltr'><strong>trabes</strong></span> <span class='ocrx_word' id='word_1_711' title='bbox 2511 3331 2628 3386; x_wconf 90' lang='lat' dir='ltr'><strong>sine</strong></span> <span class='ocrx_word' id='word_1_712' title='bbox 2649 3329 2829 3399; x_wconf 88' lang='lat' dir='ltr'><strong>aliqua</strong></span> <span class='ocrx_word' id='word_1_713' title='bbox 2857 3330 3117 3388; x_wconf 88' lang='lat' dir='ltr'><strong>dilatione</strong></span> <span class='ocrx_word' id='word_1_714' title='bbox 3140 3332 3456 3401; x_wconf 83' lang='lat' dir='ltr'><strong>devehatis;</strong></span> <span class='ocrx_word' id='word_1_715' title='bbox 3488 3343 3750 3404; x_wconf 87' lang='lat' dir='ltr'><strong>quatenus</strong></span> 
     </span>
    </p>
   </div>
   <div class='ocr_carea' id='block_1_101' title="bbox 2159 3425 3747 3499">
    <p class='ocr_par' dir='ltr' id='par_1_101' title="bbox 2159 3425 3747 3499">
     <span class='ocr_line' id='line_1_104' title="bbox 2159 3425 3747 3499; baseline 0 -16"><span class='ocrx_word' id='word_1_716' title='bbox 2159 3436 2215 3483; x_wconf 91' lang='lat' dir='ltr'><strong>et</strong></span> <span class='ocrx_word' id='word_1_717' title='bbox 2253 3434 2439 3485; x_wconf 89' lang='lat' dir='ltr'><strong>nostra</strong></span> <span class='ocrx_word' id='word_1_718' title='bbox 2468 3425 2737 3482; x_wconf 87' lang='lat' dir='ltr'><strong>ordinatio</strong></span> <span class='ocrx_word' id='word_1_719' title='bbox 2783 3425 2966 3481; x_wconf 88' lang='lat' dir='ltr'><strong>sortiri</strong></span> <span class='ocrx_word' id='word_1_720' title='bbox 3015 3426 3185 3498; x_wconf 90' lang='lat' dir='ltr'><strong>possit</strong></span> <span class='ocrx_word' id='word_1_721' title='bbox 3223 3426 3495 3495; x_wconf 79' lang='lat' dir='ltr'><strong>effectum,</strong></span> <span class='ocrx_word' id='word_1_722' title='bbox 3542 3437 3598 3483; x_wconf 90' lang='lat' dir='ltr'><strong>et</strong></span> <span class='ocrx_word' id='word_1_723' title='bbox 3623 3444 3747 3499; x_wconf 88' lang='lat' dir='ltr'><strong>per-</strong></span> 
     </span>
    </p>
   </div>
   <div class='ocr_carea' id='block_1_102' title="bbox 2157 3518 3747 3599">
    <p class='ocr_par' dir='ltr' id='par_1_102' title="bbox 2157 3518 3747 3599">
     <span class='ocr_line' id='line_1_105' title="bbox 2157 3518 3747 3599; baseline -0.001 -21"><span class='ocrx_word' id='word_1_724' title='bbox 2157 3522 2329 3592; x_wconf 91' lang='lat' dir='ltr'><strong>ceptis</strong></span> <span class='ocrx_word' id='word_1_725' title='bbox 2367 3518 2705 3576; x_wconf 89' lang='lat' dir='ltr'><strong>mercedibus</strong></span> <span class='ocrx_word' id='word_1_726' title='bbox 2731 3533 2833 3574; x_wconf 90' lang='lat' dir='ltr'><strong>nec</strong></span> <span class='ocrx_word' id='word_1_727' title='bbox 2880 3535 2979 3576; x_wconf 91' lang='lat' dir='ltr'><strong>vos</strong></span> <span class='ocrx_word' id='word_1_728' title='bbox 3016 3520 3308 3599; x_wconf 83' lang='lat' dir='ltr'><strong>videamini</strong></span> <span class='ocrx_word' id='word_1_729' title='bbox 3337 3524 3604 3579; x_wconf 88' lang='lat' dir='ltr'><strong>sustinere</strong></span> <span class='ocrx_word' id='word_1_730' title='bbox 3630 3523 3747 3577; x_wconf 86' lang='lat' dir='ltr'><strong>dis-</strong></span> 
     </span>
    </p>
   </div>
   <div class='ocr_carea' id='block_1_103' title="bbox 2158 3614 2435 3689">
    <p class='ocr_par' dir='ltr' id='par_1_103' title="bbox 2158 3614 2435 3689">
     <span class='ocr_line' id='line_1_106' title="bbox 2158 3614 2435 3689; baseline -0.018 -17"><span class='ocrx_word' id='word_1_731' title='bbox 2158 3614 2435 3689; x_wconf 89' lang='lat' dir='ltr'><strong>pendium.</strong></span> 
     </span>
    </p>
   </div>
   <div class='ocr_carea' id='block_1_104' title="bbox 2151 3768 3751 3843">
    <p class='ocr_par' dir='ltr' id='par_1_104' title="bbox 2151 3768 3751 3843">
     <span class='ocr_line' id='line_1_107' title="bbox 2151 3768 3751 3843; baseline -0.003 -13"><span class='ocrx_word' id='word_1_732' title='bbox 2151 3775 2259 3841; x_wconf 88' lang='lat' dir='ltr'><strong>riit,</strong></span> <span class='ocrx_word' id='word_1_733' title='bbox 2284 3772 2402 3828; x_wconf 93' lang='lat' dir='ltr'><strong>sine</strong></span> <span class='ocrx_word' id='word_1_734' title='bbox 2432 3768 2747 3843; x_wconf 78' lang='lat' dir='ltr'><strong>navicularii</strong></span> <span class='ocrx_word' id='word_1_735' title='bbox 2775 3768 2953 3843; x_wconf 81' lang='lat' dir='ltr'><strong>culpa,</strong></span> <span class='ocrx_word' id='word_1_736' title='bbox 2985 3784 3021 3843; x_wconf 10' lang='lat' dir='ltr'><strong>a7</strong></span> <span class='ocrx_word' id='word_1_737' title='bbox 3045 3768 3176 3827; x_wconf 83' lang='lat' dir='ltr'><strong>fisco</strong></span> <span class='ocrx_word' id='word_1_738' title='bbox 3205 3780 3430 3843; x_wconf 90' lang='lat' dir='ltr'><strong>accepto</strong></span> <span class='ocrx_word' id='word_1_739' title='bbox 3458 3772 3613 3838; x_wconf 83' lang='lat' dir='ltr'><strong>ferri,</strong></span> <span class='ocrx_word' id='word_1_740' title='bbox 3656 3785 3751 3825; x_wconf 82' lang='lat' dir='ltr'><strong>nec</strong></span> 
     </span>
    </p>
   </div>
   <div class='ocr_carea' id='block_1_105' title="bbox 2150 3840 3750 3910">
    <p class='ocr_par' dir='ltr' id='par_1_105' title="bbox 2150 3840 3750 3910">
     <span class='ocr_line' id='line_1_108' title="bbox 2150 3840 3750 3910; baseline -0.003 -10"><span class='ocrx_word' id='word_1_741' title='bbox 2150 3840 2469 3900; x_wconf 88' lang='lat' dir='ltr'><strong>navicularii</strong></span> <span class='ocrx_word' id='word_1_742' title='bbox 2496 3840 2739 3910; x_wconf 89' lang='lat' dir='ltr'><strong>periculo</strong></span> <span class='ocrx_word' id='word_1_743' title='bbox 2754 3840 2967 3895; x_wconf 86' lang='lat' dir='ltr'><strong>cedere.</strong></span> <span class='ocrx_word' id='word_1_744' title='bbox 2990 3842 3144 3907; x_wconf 83' lang='lat' dir='ltr'><strong>Quod</strong></span> <span class='ocrx_word' id='word_1_745' title='bbox 3174 3840 3355 3897; x_wconf 76' lang='lat' dir='ltr'><strong>autem</strong></span> <span class='ocrx_word' id='word_1_746' title='bbox 3377 3844 3443 3897; x_wconf 88' lang='lat' dir='ltr'><strong>ad</strong></span> <span class='ocrx_word' id='word_1_747' title='bbox 3468 3844 3613 3898; x_wconf 90' lang='lat' dir='ltr'><strong>hanc</strong></span> <span class='ocrx_word' id='word_1_748' title='bbox 3638 3858 3750 3897; x_wconf 88' lang='lat' dir='ltr'><strong>mo-</strong></span> 
     </span>
    </p>
   </div>
   <div class='ocr_carea' id='block_1_106' title="bbox 2153 3910 3748 3983">
    <p class='ocr_par' dir='ltr' id='par_1_106' title="bbox 2153 3910 3748 3983">
     <span class='ocr_line' id='line_1_109' title="bbox 2153 3910 3748 3983; baseline -0.002 -14"><span class='ocrx_word' id='word_1_749' title='bbox 2153 3914 2407 3969; x_wconf 89' lang='lat' dir='ltr'><strong>diationis</strong></span> <span class='ocrx_word' id='word_1_750' title='bbox 2436 3925 2628 3983; x_wconf 81' lang='lat' dir='ltr'><strong>vocem</strong></span> <span class='ocrx_word' id='word_1_751' title='bbox 2656 3910 2868 3983; x_wconf 84' lang='lat' dir='ltr'><strong>attinet,</strong></span> <span class='ocrx_word' id='word_1_752' title='bbox 2902 3913 3169 3983; x_wconf 85' lang='lat' dir='ltr'><strong>reperitur</strong></span> <span class='ocrx_word' id='word_1_753' title='bbox 3208 3915 3506 3983; x_wconf 55' lang='lat' dir='ltr'><strong>saepissime</strong></span> <span class='ocrx_word' id='word_1_754' title='bbox 3533 3915 3592 3967; x_wconf 89' lang='lat' dir='ltr'><strong>in</strong></span> <span class='ocrx_word' id='word_1_755' title='bbox 3613 3914 3748 3983; x_wconf 65' lang='lat' dir='ltr'><strong>jure,</strong></span> 
     </span>
    </p>
   </div>
   <div class='ocr_carea' id='block_1_107' title="bbox 2154 3980 3747 4053">
    <p class='ocr_par' dir='ltr' id='par_1_107' title="bbox 2154 3980 3747 4053">
     <span class='ocr_line' id='line_1_110' title="bbox 2154 3980 3747 4053; baseline -0.003 -14"><span class='ocrx_word' id='word_1_756' title='bbox 2154 3995 2215 4039; x_wconf 91' lang='lat' dir='ltr'><strong>ut</strong></span> <span class='ocrx_word' id='word_1_757' title='bbox 2245 3987 2297 4039; x_wconf 91' lang='lat' dir='ltr'><strong>in</strong></span> <span class='ocrx_word' id='word_1_758' title='bbox 2323 3980 2796 4053; x_wconf 71' lang='lat' dir='ltr'><strong>supradictalege,</strong></span> <span class='ocrx_word' id='word_1_759' title='bbox 2830 3982 2975 4053; x_wconf 77' lang='lat' dir='ltr'><strong>etin</strong></span> <span class='ocrx_word' id='word_1_760' title='bbox 3018 3982 3055 4036; x_wconf 92' lang='lat' dir='ltr'><strong>l.</strong></span> <span class='ocrx_word' id='word_1_761' title='bbox 3105 3983 3154 4049; x_wconf 83' lang='grc'><strong>1,</strong></span> <span class='ocrx_word' id='word_1_762' title='bbox 3184 3980 3317 4039; x_wconf 84' lang='lat' dir='ltr'><strong>Cod.</strong></span> <span class='ocrx_word' id='word_1_763' title='bbox 3351 3984 3417 4038; x_wconf 90' lang='lat' dir='ltr'><strong>de</strong></span> <span class='ocrx_word' id='word_1_764' title='bbox 3448 4001 3580 4039; x_wconf 88' lang='lat' dir='ltr'><strong>ann.</strong></span> <span class='ocrx_word' id='word_1_765' title='bbox 3609 3980 3747 4039; x_wconf 81' lang='lat' dir='ltr'><strong>civil.</strong></span> 
     </span>
    </p>
   </div>
   <div class='ocr_carea' id='block_1_108' title="bbox 2154 4050 3754 4124">
    <p class='ocr_par' dir='ltr' id='par_1_108' title="bbox 2154 4050 3754 4124">
     <span class='ocr_line' id='line_1_111' title="bbox 2154 4050 3754 4124; baseline -0.003 -13"><span class='ocrx_word' id='word_1_766' title='bbox 2154 4065 2209 4111; x_wconf 86' lang='lat' dir='ltr'><strong>et</strong></span> <span class='ocrx_word' id='word_1_767' title='bbox 2238 4055 2357 4109; x_wconf 85' lang='lat' dir='ltr'><strong>aliis</strong></span> <span class='ocrx_word' id='word_1_768' title='bbox 2390 4050 2605 4124; x_wconf 73' lang='lat' dir='ltr'><strong>multis.</strong></span> <span class='ocrx_word' id='word_1_769' title='bbox 2638 4050 2779 4105; x_wconf 87' lang='lat' dir='ltr'><strong>Male</strong></span> <span class='ocrx_word' id='word_1_770' title='bbox 2820 4051 3037 4120; x_wconf 86' lang='lat' dir='ltr'><strong>quidam</strong></span> <span class='ocrx_word' id='word_1_771' title='bbox 3085 4055 3472 4110; x_wconf 88' lang='lat' dir='ltr'><strong>modiationem</strong></span> <span class='ocrx_word' id='word_1_772' title='bbox 3519 4055 3754 4124; x_wconf 84' lang='lat' dir='ltr'><strong>pensita-</strong></span> 
     </span>
    </p>
   </div>
   <div class='ocr_carea' id='block_1_109' title="bbox 2154 4120 3751 4194">
    <p class='ocr_par' dir='ltr' id='par_1_109' title="bbox 2154 4120 3751 4194">
     <span class='ocr_line' id='line_1_112' title="bbox 2154 4120 3751 4194; baseline -0.001 -16"><span class='ocrx_word' id='word_1_773' title='bbox 2154 4128 2360 4182; x_wconf 88' lang='lat' dir='ltr'><strong>tionem</strong></span> <span class='ocrx_word' id='word_1_774' title='bbox 2403 4140 2521 4178; x_wconf 85' lang='lat' dir='ltr'><strong>esse</strong></span> <span class='ocrx_word' id='word_1_775' title='bbox 2562 4120 3100 4194; x_wconf 15' lang='lat' dir='ltr'><strong>frumentum,icum</strong></span> <span class='ocrx_word' id='word_1_776' title='bbox 3139 4126 3319 4194; x_wconf 88' lang='lat' dir='ltr'><strong>potius</strong></span> <span class='ocrx_word' id='word_1_777' title='bbox 3359 4127 3429 4181; x_wconf 86' lang='lat' dir='ltr'><strong>sit</strong></span> <span class='ocrx_word' id='word_1_778' title='bbox 3458 4120 3751 4181; x_wconf 76' lang='lat' dir='ltr'><strong>mensura:</strong></span> 
     </span>
    </p>
   </div>
   <div class='ocr_carea' id='block_1_110' title="bbox 2158 4192 3754 4267">
    <p class='ocr_par' dir='ltr' id='par_1_110' title="bbox 2158 4192 3754 4267">
     <span class='ocr_line' id='line_1_113' title="bbox 2158 4192 3754 4267; baseline -0.003 -15"><span class='ocrx_word' id='word_1_779' title='bbox 2158 4210 2448 4267; x_wconf 86' lang='lat' dir='ltr'><strong>perperam</strong></span> <span class='ocrx_word' id='word_1_780' title='bbox 2477 4206 2694 4267; x_wconf 87' lang='lat' dir='ltr'><strong>quoque</strong></span> <span class='ocrx_word' id='word_1_781' title='bbox 2723 4192 3221 4267; x_wconf 73' lang='lat' dir='ltr'><strong>aliimpdiatipném</strong></span> <span class='ocrx_word' id='word_1_782' title='bbox 3252 4196 3317 4250; x_wconf 89' lang='lat' dir='ltr'><strong>ad</strong></span> <span class='ocrx_word' id='word_1_783' title='bbox 3339 4196 3754 4250; x_wconf 69' lang='lat' dir='ltr'><strong>msti&#39;matiouem</strong></span> 
     </span>
    </p>
   </div>
   <div class='ocr_carea' id='block_1_111' title="bbox 2157 4264 3501 4333">
    <p class='ocr_par' dir='ltr' id='par_1_111' title="bbox 2157 4264 3501 4333">
     <span class='ocr_line' id='line_1_114' title="bbox 2157 4264 3501 4333; baseline -0.002 -11"><span class='ocrx_word' id='word_1_784' title='bbox 2157 4264 2521 4322; x_wconf 80' lang='lat' dir='ltr'><strong>numerariam</strong></span> <span class='ocrx_word' id='word_1_785' title='bbox 2548 4264 2787 4317; x_wconf 84' lang='lat' dir='ltr'><strong>referunt</strong></span> <span class='ocrx_word' id='word_1_786' title='bbox 2816 4265 2870 4317; x_wconf 90' lang='lat' dir='ltr'><strong>in</strong></span> <span class='ocrx_word' id='word_1_787' title='bbox 2899 4264 3016 4333; x_wconf 86' lang='lat' dir='ltr'><strong>lege</strong></span> <span class='ocrx_word' id='word_1_788' title='bbox 3045 4266 3278 4327; x_wconf 79' lang='lat' dir='ltr'><strong>Rhodia.</strong></span> <span class='ocrx_word' id='word_1_789' title='bbox 3310 4266 3501 4322; x_wconf 81' lang='lat' dir='ltr'><strong>Bnoss.</strong></span> 
     </span>
    </p>
   </div>
   <div class='ocr_carea' id='block_1_112' title="bbox 2235 4334 3759 4392">
    <p class='ocr_par' dir='ltr' id='par_1_112' title="bbox 2235 4334 3759 4392">
     <span class='ocr_line' id='line_1_115' title="bbox 2235 4334 3759 4392; baseline -0.001 -1"><span class='ocrx_word' id='word_1_790' title='bbox 2235 4346 2260 4375; x_wconf 76' lang='grc' dir='ltr'><strong><em>ο</em></strong></span> <span class='ocrx_word' id='word_1_791' title='bbox 2292 4336 2539 4391; x_wconf 81' lang='lat' dir='ltr'><strong>Humana</strong></span> <span class='ocrx_word' id='word_1_792' title='bbox 2580 4335 2845 4388; x_wconf 84' lang='lat' dir='ltr'><strong>sententia</strong></span> <span class='ocrx_word' id='word_1_793' title='bbox 2881 4352 2894 4387; x_wconf 88' lang='lat'><strong>:</strong></span> <span class='ocrx_word' id='word_1_794' title='bbox 2926 4336 3012 4389; x_wconf 88' lang='lat' dir='ltr'><strong>cui</strong></span> <span class='ocrx_word' id='word_1_795' title='bbox 3054 4353 3162 4391; x_wconf 90' lang='lat' dir='ltr'><strong>non</strong></span> <span class='ocrx_word' id='word_1_796' title='bbox 3212 4337 3453 4392; x_wconf 88' lang='lat' dir='ltr'><strong>absimile</strong></span> <span class='ocrx_word' id='word_1_797' title='bbox 3505 4335 3640 4390; x_wconf 84' lang='lat' dir='ltr'><strong>illud</strong></span> <span class='ocrx_word' id='word_1_798' title='bbox 3666 4334 3759 4389; x_wconf 81' lang='lat' dir='ltr'><strong>Ul-</strong></span> 
     </span>
    </p>
   </div>
   <div class='ocr_carea' id='block_1_113' title="bbox 2156 4403 3755 4478">
    <p class='ocr_par' dir='ltr' id='par_1_113' title="bbox 2156 4403 3755 4478">
     <span class='ocr_line' id='line_1_116' title="bbox 2156 4403 3755 4478; baseline -0.001 -17"><span class='ocrx_word' id='word_1_799' title='bbox 2156 4408 2305 4478; x_wconf 90' lang='lat' dir='ltr'><strong>piani</strong></span> <span class='ocrx_word' id='word_1_800' title='bbox 2335 4406 2563 4469; x_wconf 85' lang='lat' dir='ltr'><strong>videtur,</strong></span> <span class='ocrx_word' id='word_1_801' title='bbox 2606 4403 2664 4458; x_wconf 91' lang='lat' dir='ltr'><strong>Si</strong></span> <span class='ocrx_word' id='word_1_802' title='bbox 2690 4403 3008 4478; x_wconf 80' lang='lat' dir='ltr'><strong>labesfacta</strong></span> <span class='ocrx_word' id='word_1_803' title='bbox 3038 4407 3128 4471; x_wconf 86' lang='lat' dir='ltr'><strong>sit,</strong></span> <span class='ocrx_word' id='word_1_804' title='bbox 3160 4422 3487 4477; x_wconf 87' lang='lat' dir='ltr'><strong>omnemque</strong></span> <span class='ocrx_word' id='word_1_805' title='bbox 3512 4406 3755 4478; x_wconf 80' lang='lat' dir='ltr'><strong>fructum</strong></span> 
     </span>
    </p>
   </div>
   <div class='ocr_carea' id='block_1_114' title="bbox 2158 4474 3756 4548">
    <p class='ocr_par' dir='ltr' id='par_1_114' title="bbox 2158 4474 3756 4548">
     <span class='ocr_line' id='line_1_117' title="bbox 2158 4474 3756 4548; baseline -0.001 -15"><span class='ocrx_word' id='word_1_806' title='bbox 2158 4474 2363 4543; x_wconf 76' lang='lat' dir='ltr'><strong>tulerit,</strong></span> <span class='ocrx_word' id='word_1_807' title='bbox 2395 4478 2650 4531; x_wconf 88' lang='lat' dir='ltr'><strong>damnum</strong></span> <span class='ocrx_word' id='word_1_808' title='bbox 2674 4474 2855 4548; x_wconf 81' lang='lat' dir='ltr'><strong>coloni</strong></span> <span class='ocrx_word' id='word_1_809' title='bbox 2883 4491 2991 4531; x_wconf 89' lang='lat' dir='ltr'><strong>non</strong></span> <span class='ocrx_word' id='word_1_810' title='bbox 3019 4492 3138 4532; x_wconf 89' lang='lat' dir='ltr'><strong>esse</strong></span> <span class='ocrx_word' id='word_1_811' title='bbox 3165 4495 3177 4529; x_wconf 90' lang='lat'><strong>:</strong></span> <span class='ocrx_word' id='word_1_812' title='bbox 3205 4491 3273 4533; x_wconf 90' lang='lat' dir='ltr'><strong>ne</strong></span> <span class='ocrx_word' id='word_1_813' title='bbox 3302 4474 3461 4548; x_wconf 74' lang='lat' dir='ltr'><strong>supra</strong></span> <span class='ocrx_word' id='word_1_814' title='bbox 3494 4476 3756 4531; x_wconf 85' lang='lat' dir='ltr'><strong>damnum</strong></span> 
     </span>
    </p>
   </div>
   <div class='ocr_carea' id='block_1_115' title="bbox 2156 4546 3755 4616">
    <p class='ocr_par' dir='ltr' id='par_1_115' title="bbox 2156 4546 3755 4616">
     <span class='ocr_line' id='line_1_118' title="bbox 2156 4546 3755 4616; baseline -0.002 -13"><span class='ocrx_word' id='word_1_815' title='bbox 2156 4549 2380 4603; x_wconf 90' lang='lat' dir='ltr'><strong>seminis</strong></span> <span class='ocrx_word' id='word_1_816' title='bbox 2408 4547 2591 4601; x_wconf 75' lang='lat' dir='ltr'><strong>amissi</strong></span> <span class='ocrx_word' id='word_1_817' title='bbox 2622 4546 2901 4600; x_wconf 88' lang='lat' dir='ltr'><strong>mercedes</strong></span> <span class='ocrx_word' id='word_1_818' title='bbox 2925 4548 3038 4616; x_wconf 87' lang='lat' dir='ltr'><strong>agri</strong></span> <span class='ocrx_word' id='word_1_819' title='bbox 3064 4557 3319 4616; x_wconf 49' lang='lat' dir='ltr'><strong>praestare</strong></span> <span class='ocrx_word' id='word_1_820' title='bbox 3340 4546 3585 4616; x_wconf 82' lang='lat' dir='ltr'><strong>cogatur.</strong></span> <span class='ocrx_word' id='word_1_821' title='bbox 3623 4548 3755 4601; x_wconf 82' lang='lat' dir='ltr'><strong>Nam</strong></span> 
     </span>
    </p>
   </div>
   <div class='ocr_carea' id='block_1_116' title="bbox 3063 4564 3756 4690">
    <p class='ocr_par' dir='ltr' id='par_1_116' title="bbox 3063 4564 3756 4690">
     <span class='ocr_line' id='line_1_119' title="bbox 3063 4564 3755 4673; baseline -0.006 -69"><span class='ocrx_word' id='word_1_822' title='bbox 3063 4564 3319 4673; x_wconf 62' lang='lat' dir='ltr'><strong>praescire</strong></span> <span class='ocrx_word' id='word_1_823' title='bbox 3340 4564 3585 4616; x_wconf 84' lang='lat' dir='ltr'><strong>cogatur.</strong></span> <span class='ocrx_word' id='word_1_824' title='bbox 3623 4564 3755 4601; x_wconf 65' lang='lat' dir='ltr'><strong>nam</strong></span> 
     </span>
     <span class='ocr_line' id='line_1_120' title="bbox 3084 4619 3756 4690; baseline 0 -18"><span class='ocrx_word' id='word_1_825' title='bbox 3084 4658 3098 4682; x_wconf 94' lang='lat'><strong>,</strong></span> <span class='ocrx_word' id='word_1_826' title='bbox 3134 4631 3191 4674; x_wconf 88' lang='lat' dir='ltr'><strong>ut</strong></span> <span class='ocrx_word' id='word_1_827' title='bbox 3212 4620 3353 4690; x_wconf 90' lang='lat' dir='ltr'><strong>apud</strong></span> <span class='ocrx_word' id='word_1_828' title='bbox 3383 4619 3756 4688; x_wconf 82' lang='lat' dir='ltr'><strong>llarmenopu-</strong></span> 
     </span>
    </p>
   </div>
   <div class='ocr_carea' id='block_1_117' title="bbox 2156 4689 3755 4757">
    <p class='ocr_par' dir='ltr' id='par_1_117' title="bbox 2156 4689 3755 4757">
     <span class='ocr_line' id='line_1_121' title="bbox 2156 4689 3755 4757; baseline 0 -14"><span class='ocrx_word' id='word_1_829' title='bbox 2156 4689 2266 4744; x_wconf 91' lang='lat' dir='ltr'><strong>lum</strong></span> <span class='ocrx_word' id='word_1_830' title='bbox 2296 4698 2396 4753; x_wconf 90' lang='lat' dir='ltr'><strong>est,</strong></span> <span class='ocrx_word' id='word_1_831' title='bbox 2426 4692 2689 4757; x_wconf 71' lang='grc' dir='ltr'><strong>Θεομηνίαν</strong></span> <span class='ocrx_word' id='word_1_832' title='bbox 2721 4695 2936 4753; x_wconf 91' lang='lat' dir='ltr'><strong>vocant,</strong></span> <span class='ocrx_word' id='word_1_833' title='bbox 2968 4704 3075 4743; x_wconf 90' lang='lat' dir='ltr'><strong>non</strong></span> <span class='ocrx_word' id='word_1_834' title='bbox 3104 4689 3265 4745; x_wconf 84' lang='lat' dir='ltr'><strong>debet</strong></span> <span class='ocrx_word' id='word_1_835' title='bbox 3288 4690 3610 4745; x_wconf 86' lang='lat' dir='ltr'><strong>conductori</strong></span> <span class='ocrx_word' id='word_1_836' title='bbox 3634 4703 3755 4743; x_wconf 85' lang='lat' dir='ltr'><strong>esse</strong></span> 
     </span>
    </p>
   </div>
   <div class='ocr_carea' id='block_1_118' title="bbox 2158 4757 3756 4827">
    <p class='ocr_par' dir='ltr' id='par_1_118' title="bbox 2158 4757 3756 4827">
     <span class='ocr_line' id='line_1_122' title="bbox 2158 4757 3756 4827; baseline -0.001 -14"><span class='ocrx_word' id='word_1_837' title='bbox 2158 4759 2448 4822; x_wconf 81' lang='lat' dir='ltr'><strong>damnosa,</strong></span> <span class='ocrx_word' id='word_1_838' title='bbox 2492 4759 2536 4814; x_wconf 92' lang='lat' dir='ltr'><strong>si</strong></span> <span class='ocrx_word' id='word_1_839' title='bbox 2588 4757 2869 4827; x_wconf 86' lang='lat' dir='ltr'><strong>plusquam</strong></span> <span class='ocrx_word' id='word_1_840' title='bbox 2913 4758 3197 4815; x_wconf 85' lang='lat' dir='ltr'><strong>tolerabile</strong></span> <span class='ocrx_word' id='word_1_841' title='bbox 3244 4769 3349 4826; x_wconf 89' lang='lat' dir='ltr'><strong>est,</strong></span> <span class='ocrx_word' id='word_1_842' title='bbox 3393 4759 3503 4814; x_wconf 56' lang='lat' dir='ltr'><strong>laesi</strong></span> <span class='ocrx_word' id='word_1_843' title='bbox 3554 4758 3756 4814; x_wconf 82' lang='lat' dir='ltr'><strong>fuerint</strong></span> 
     </span>
    </p>
   </div>
   <div class='ocr_carea' id='block_1_119' title="bbox 2157 4826 3755 4954">
    <p class='ocr_par' dir='ltr' id='par_1_119' title="bbox 2157 4826 3755 4954">
     <span class='ocr_line' id='line_1_123' title="bbox 2157 4826 3755 4954; baseline 0.001 -72"><span class='ocrx_word' id='word_1_844' title='bbox 2157 4828 2384 4886; x_wconf 87' lang='lat' dir='ltr'><strong>fructus.</strong></span> <span class='ocrx_word' id='word_1_845' title='bbox 2419 4828 2479 4883; x_wconf 85' lang='lat' dir='ltr'><strong>L.</strong></span> <span class='ocrx_word' id='word_1_846' title='bbox 2512 4826 2603 4894; x_wconf 78' lang='lat' dir='ltr'><strong>ll,</strong></span> <span class='ocrx_word' id='word_1_847' title='bbox 2630 4826 2705 4881; x_wconf 82' lang='lat' dir='ltr'><strong>Ex</strong></span> <span class='ocrx_word' id='word_1_848' title='bbox 2728 4826 3020 4893; x_wconf 83' lang='lat' dir='ltr'><strong>conducto,</strong></span> <span class='ocrx_word' id='word_1_849' title='bbox 3044 4831 3077 4954; x_wconf 45' lang='grc' dir='ltr'><em>ᾗ</em></span> <span class='ocrx_word' id='word_1_850' title='bbox 3108 4833 3152 4885; x_wconf 82' lang='lat' dir='ltr'><strong>si</strong></span> <span class='ocrx_word' id='word_1_851' title='bbox 3188 4833 3297 4895; x_wconf 80' lang='lat' dir='ltr'><strong>vis;</strong></span> <span class='ocrx_word' id='word_1_852' title='bbox 3330 4831 3365 4885; x_wconf 93' lang='lat' dir='ltr'><strong>l.</strong></span> <span class='ocrx_word' id='word_1_853' title='bbox 3399 4829 3489 4895; x_wconf 70' lang='lat'><strong>25,</strong></span> <span class='ocrx_word' id='word_1_854' title='bbox 3522 4829 3579 4884; x_wconf 89' lang='lat' dir='ltr'><strong>Si</strong></span> <span class='ocrx_word' id='word_1_855' title='bbox 3610 4845 3755 4885; x_wconf 89' lang='lat' dir='ltr'><strong>mer-</strong></span> 
     </span>
     <span class='ocr_line' id='line_1_124' title="bbox 2157 4899 3755 4954; baseline 0 0"><span class='ocrx_word' id='word_1_856' title='bbox 2157 4914 2264 4954; x_wconf 88' lang='lat' dir='ltr'><strong>ces.</strong></span> <span class='ocrx_word' id='word_1_857' title='bbox 2319 4902 2380 4953; x_wconf 89' lang='lat' dir='ltr'><strong>D.</strong></span> <span class='ocrx_word' id='word_1_858' title='bbox 2414 4900 2578 4954; x_wconf 89' lang='lat' dir='ltr'><strong>locat.</strong></span> <span class='ocrx_word' id='word_1_859' title='bbox 2620 4909 2677 4953; x_wconf 86' lang='lat' dir='ltr'><strong>et</strong></span> <span class='ocrx_word' id='word_1_860' title='bbox 2718 4900 2880 4954; x_wconf 87' lang='lat' dir='ltr'><strong>cond.</strong></span> <span class='ocrx_word' id='word_1_861' title='bbox 2925 4899 3040 4954; x_wconf 85' lang='lat' dir='ltr'><strong>Nau</strong></span> <span class='ocrx_word' id='word_1_862' title='bbox 3066 4902 3336 4954; x_wconf 74' lang='lat' dir='ltr'><strong>raeiorum</strong></span> <span class='ocrx_word' id='word_1_863' title='bbox 3387 4901 3597 4954; x_wconf 69' lang='lat' dir='ltr'><strong>legibus</strong></span> <span class='ocrx_word' id='word_1_864' title='bbox 3637 4900 3755 4954; x_wconf 63' lang='lat' dir='ltr'><strong>haec</strong></span> 
     </span>
    </p>
   </div>
   <div class='ocr_carea' id='block_1_120' title="bbox 2156 4899 3755 4971">
    <p class='ocr_par' dir='ltr' id='par_1_120' title="bbox 2156 4899 3755 4971">
     <span class='ocr_line' id='line_1_125' title="bbox 2156 4899 3755 4971; baseline 0.001 -18"><span class='ocrx_word' id='word_1_865' title='bbox 2156 4914 2264 4964; x_wconf 88' lang='lat' dir='ltr'><strong>ces,</strong></span> <span class='ocrx_word' id='word_1_866' title='bbox 2319 4902 2380 4953; x_wconf 89' lang='lat' dir='ltr'><strong>D.</strong></span> <span class='ocrx_word' id='word_1_867' title='bbox 2414 4900 2677 4971; x_wconf 83' lang='lat' dir='ltr'><strong>locat.et</strong></span> <span class='ocrx_word' id='word_1_868' title='bbox 2718 4899 3336 4971; x_wconf 72' lang='lat' dir='ltr'><strong>cond._Naul&#39;ragi0rum</strong></span> <span class='ocrx_word' id='word_1_869' title='bbox 3387 4901 3597 4969; x_wconf 84' lang='lat' dir='ltr'><strong>legibus</strong></span> <span class='ocrx_word' id='word_1_870' title='bbox 3637 4900 3755 4955; x_wconf 62' lang='lat' dir='ltr'><strong>haec</strong></span> 
     </span>
    </p>
   </div>
   <div class='ocr_carea' id='block_1_121' title="bbox 2157 4968 3753 5043">
    <p class='ocr_par' dir='ltr' id='par_1_121' title="bbox 2157 4968 3753 5043">
     <span class='ocr_line' id='line_1_126' title="bbox 2157 4968 3753 5043; baseline 0.001 -20"><span class='ocrx_word' id='word_1_871' title='bbox 2157 4970 2723 5043; x_wconf 80' lang='lat' dir='ltr'><strong>quoque_ascr_i_bit_ur,</strong></span> <span class='ocrx_word' id='word_1_872' title='bbox 2773 4968 3060 5043; x_wconf 54' lang='lat' dir='ltr'><strong>lflaul’ragia</strong></span> <span class='ocrx_word' id='word_1_873' title='bbox 3098 4968 3175 5043; x_wconf 75' lang='lat' dir='ltr'><strong>ad</strong></span> <span class='ocrx_word' id='word_1_874' title='bbox 3226 4968 3545 5043; x_wconf 82' lang='lat' dir='ltr'><strong>publicanos</strong></span> <span class='ocrx_word' id='word_1_875' title='bbox 3582 4972 3753 5042; x_wconf 82' lang='lat' dir='ltr'><strong>perti-</strong></span> 
     </span>
    </p>
   </div>
   <div class='ocr_carea' id='block_1_122' title="bbox 2159 5038 3751 5112">
    <p class='ocr_par' dir='ltr' id='par_1_122' title="bbox 2159 5038 3751 5112">
     <span class='ocr_line' id='line_1_127' title="bbox 2159 5038 3751 5112; baseline 0.001 -18"><span class='ocrx_word' id='word_1_876' title='bbox 2159 5038 2346 5112; x_wconf 74' lang='lat' dir='ltr'><strong>nente,</strong></span> <span class='ocrx_word' id='word_1_877' title='bbox 2389 5040 2428 5094; x_wconf 93' lang='lat' dir='ltr'><strong>l.</strong></span> <span class='ocrx_word' id='word_1_878' title='bbox 2459 5040 2483 5092; x_wconf 81' lang='lat' dir='ltr'><strong>l</strong></span> <span class='ocrx_word' id='word_1_879' title='bbox 2521 5040 2580 5096; x_wconf 86' lang='lat' dir='ltr'><strong>C.</strong></span> <span class='ocrx_word' id='word_1_880' title='bbox 2615 5038 2821 5095; x_wconf 89' lang='lat' dir='ltr'><strong>Theod.</strong></span> <span class='ocrx_word' id='word_1_881' title='bbox 2869 5040 2934 5095; x_wconf 92' lang='lat' dir='ltr'><strong>de</strong></span> <span class='ocrx_word' id='word_1_882' title='bbox 2974 5038 3243 5112; x_wconf 67' lang='lat' dir='ltr'><strong>naufrag.,</strong></span> <span class='ocrx_word' id='word_1_883' title='bbox 3291 5044 3382 5097; x_wconf 89' lang='lat' dir='ltr'><strong>lib.</strong></span> <span class='ocrx_word' id='word_1_884' title='bbox 3410 5058 3526 5103; x_wconf 79' lang='lat' dir='ltr'><strong>xm.</strong></span> <span class='ocrx_word' id='word_1_885' title='bbox 3580 5038 3666 5096; x_wconf 77' lang='lat' dir='ltr'><strong>iit.</strong></span> <span class='ocrx_word' id='word_1_886' title='bbox 3700 5044 3751 5095; x_wconf 79' lang='grc'><strong>8.</strong></span> 
     </span>
    </p>
   </div>
   <div class='ocr_carea' id='block_1_123' title="bbox 2160 5110 3752 5182">
    <p class='ocr_par' dir='ltr' id='par_1_123' title="bbox 2160 5110 3752 5182">
     <span class='ocr_line' id='line_1_128' title="bbox 2160 5110 3752 5182; baseline 0.001 -17"><span class='ocrx_word' id='word_1_887' title='bbox 2160 5110 2317 5177; x_wconf 90' lang='lat' dir='ltr'><strong>Quod</strong></span> <span class='ocrx_word' id='word_1_888' title='bbox 2354 5112 2733 5180; x_wconf 87' lang='lat' dir='ltr'><strong>perantiquum</strong></span> <span class='ocrx_word' id='word_1_889' title='bbox 2778 5126 2893 5165; x_wconf 89' lang='lat' dir='ltr'><strong>esse</strong></span> <span class='ocrx_word' id='word_1_890' title='bbox 2934 5127 3003 5166; x_wconf 83' lang='lat' dir='ltr'><strong>ex</strong></span> <span class='ocrx_word' id='word_1_891' title='bbox 3030 5110 3366 5182; x_wconf 82' lang='lat' dir='ltr'><strong>Hermogene</strong></span> <span class='ocrx_word' id='word_1_892' title='bbox 3395 5122 3450 5168; x_wconf 91' lang='lat' dir='ltr'><strong>et</strong></span> <span class='ocrx_word' id='word_1_893' title='bbox 3479 5112 3752 5168; x_wconf 86' lang='lat' dir='ltr'><strong>Fortuna-</strong></span> 
     </span>
    </p>
   </div>
   <div class='ocr_carea' id='block_1_124' title="bbox 2158 5182 3754 5250">
    <p class='ocr_par' dir='ltr' id='par_1_124' title="bbox 2158 5182 3754 5250">
     <span class='ocr_line' id='line_1_129' title="bbox 2158 5182 3754 5250; baseline 0.002 -16"><span class='ocrx_word' id='word_1_894' title='bbox 2158 5184 2307 5236; x_wconf 88' lang='lat' dir='ltr'><strong>tiano</strong></span> <span class='ocrx_word' id='word_1_895' title='bbox 2362 5182 2531 5250; x_wconf 87' lang='lat' dir='ltr'><strong>liquet</strong></span> <span class='ocrx_word' id='word_1_896' title='bbox 2573 5199 2585 5233; x_wconf 89' lang='lat'><strong>:</strong></span> <span class='ocrx_word' id='word_1_897' title='bbox 2634 5197 2703 5235; x_wconf 91' lang='lat' dir='ltr'><strong>ne</strong></span> <span class='ocrx_word' id='word_1_898' title='bbox 2750 5196 2817 5235; x_wconf 83' lang='lat' dir='ltr'><strong>ex</strong></span> <span class='ocrx_word' id='word_1_899' title='bbox 2865 5182 3170 5239; x_wconf 86' lang='lat' dir='ltr'><strong>calamitate</strong></span> <span class='ocrx_word' id='word_1_900' title='bbox 3219 5186 3543 5240; x_wconf 89' lang='lat' dir='ltr'><strong>miserorum</strong></span> <span class='ocrx_word' id='word_1_901' title='bbox 3593 5184 3754 5238; x_wconf 77' lang='lat' dir='ltr'><strong>fiscus</strong></span> 
     </span>
    </p>
   </div>
   <div class='ocr_carea' id='block_1_125' title="bbox 2158 5252 3747 5322">
    <p class='ocr_par' dir='ltr' id='par_1_125' title="bbox 2158 5252 3747 5322">
     <span class='ocr_line' id='line_1_130' title="bbox 2158 5252 3747 5322; baseline 0 -15"><span class='ocrx_word' id='word_1_902' title='bbox 2158 5252 2463 5322; x_wconf 71' lang='lat' dir='ltr'><strong>luctuosum</strong></span> <span class='ocrx_word' id='word_1_903' title='bbox 2490 5252 2699 5307; x_wconf 91' lang='lat' dir='ltr'><strong>lucrum</strong></span> <span class='ocrx_word' id='word_1_904' title='bbox 2729 5259 2929 5322; x_wconf 85' lang='lat' dir='ltr'><strong>captet.</strong></span> <span class='ocrx_word' id='word_1_905' title='bbox 2959 5254 3022 5308; x_wconf 83' lang='grc' dir='ltr'><strong>Ι).</strong></span> <span class='ocrx_word' id='word_1_906' title='bbox 3055 5255 3091 5308; x_wconf 93' lang='lat' dir='ltr'><strong>l.</strong></span> <span class='ocrx_word' id='word_1_907' title='bbox 3127 5254 3177 5320; x_wconf 81' lang='grc'><strong>1,</strong></span> <span class='ocrx_word' id='word_1_908' title='bbox 3207 5254 3244 5309; x_wconf 95' lang='lat' dir='ltr'><strong>l.</strong></span> <span class='ocrx_word' id='word_1_909' title='bbox 3276 5255 3330 5321; x_wconf 72' lang='grc' dir='ltr'><strong>Ξ,</strong></span> <span class='ocrx_word' id='word_1_910' title='bbox 3362 5252 3478 5318; x_wconf 83' lang='grc'><strong>1.·5,</strong></span> <span class='ocrx_word' id='word_1_911' title='bbox 3502 5255 3541 5309; x_wconf 92' lang='lat' dir='ltr'><strong>l.</strong></span> <span class='ocrx_word' id='word_1_912' title='bbox 3574 5253 3665 5317; x_wconf 76' lang='lat' dir='ltr'><strong>ll,</strong></span> <span class='ocrx_word' id='word_1_913' title='bbox 3689 5253 3747 5307; x_wconf 71' lang='grc' dir='ltr'><strong>(Σ.</strong></span> 
     </span>
    </p>
   </div>
   <div class='ocr_carea' id='block_1_126' title="bbox 2156 5315 3741 5396">
    <p class='ocr_par' dir='ltr' id='par_1_126' title="bbox 2156 5315 3741 5396">
     <span class='ocr_line' id='line_1_131' title="bbox 2156 5315 3741 5396; baseline 0.001 -20"><span class='ocrx_word' id='word_1_914' title='bbox 2156 5315 2511 5396; x_wconf 62' lang='lat' dir='ltr'><strong>Iustinianeo,</strong></span> <span class='ocrx_word' id='word_1_915' title='bbox 2546 5323 2613 5377; x_wconf 93' lang='lat' dir='ltr'><strong>de</strong></span> <span class='ocrx_word' id='word_1_916' title='bbox 2641 5315 2884 5396; x_wconf 74' lang='lat' dir='ltr'><strong>naufrag.</strong></span> <span class='ocrx_word' id='word_1_917' title='bbox 2931 5323 3072 5380; x_wconf 87' lang='lat' dir='ltr'><strong>intra</strong></span> <span class='ocrx_word' id='word_1_918' title='bbox 3112 5315 3239 5379; x_wconf 86' lang='lat' dir='ltr'><strong>anni</strong></span> <span class='ocrx_word' id='word_1_919' title='bbox 3264 5315 3503 5396; x_wconf 83' lang='lat' dir='ltr'><strong>spatium</strong></span> <span class='ocrx_word' id='word_1_920' title='bbox 3531 5315 3741 5379; x_wconf 80' lang='lat' dir='ltr'><strong>naufra-</strong></span> 
     </span>
    </p>
   </div>
   <div class='ocr_carea' id='block_1_127' title="bbox 2158 5393 3753 5466">
    <p class='ocr_par' dir='ltr' id='par_1_127' title="bbox 2158 5393 3753 5466">
     <span class='ocr_line' id='line_1_132' title="bbox 2158 5393 3753 5466; baseline 0.001 -19"><span class='ocrx_word' id='word_1_921' title='bbox 2158 5406 2255 5466; x_wconf 85' lang='lat' dir='ltr'><strong>gus</strong></span> <span class='ocrx_word' id='word_1_922' title='bbox 2277 5393 3031 5466; x_wconf 84' lang='lat' dir='ltr'><strong>remedium_ex_indulgentia</strong></span> <span class='ocrx_word' id='word_1_923' title='bbox 3059 5393 3425 5466; x_wconf 78' lang='lat' dir='ltr'><strong>consequitur.</strong></span> <span class='ocrx_word' id='word_1_924' title='bbox 3461 5395 3575 5451; x_wconf 88' lang='lat' dir='ltr'><strong>lloc</strong></span> <span class='ocrx_word' id='word_1_925' title='bbox 3607 5395 3753 5449; x_wconf 88' lang='lat' dir='ltr'><strong>addit</strong></span> 
     </span>
    </p>
   </div>
   <div class='ocr_carea' id='block_1_128' title="bbox 2156 5463 3751 5536">
    <p class='ocr_par' dir='ltr' id='par_1_128' title="bbox 2156 5463 3751 5536">
     <span class='ocr_line' id='line_1_133' title="bbox 2156 5463 3751 5536; baseline 0.003 -19"><span class='ocrx_word' id='word_1_926' title='bbox 2156 5464 2195 5517; x_wconf 91' lang='lat' dir='ltr'><strong>l.</strong></span> <span class='ocrx_word' id='word_1_927' title='bbox 2226 5478 2349 5533; x_wconf 89' lang='lat' dir='ltr'><strong>pen.</strong></span> <span class='ocrx_word' id='word_1_928' title='bbox 2383 5472 2442 5518; x_wconf 90' lang='lat' dir='ltr'><strong>ut</strong></span> <span class='ocrx_word' id='word_1_929' title='bbox 2468 5463 2768 5536; x_wconf 87' lang='lat' dir='ltr'><strong>confe_stim,</strong></span> <span class='ocrx_word' id='word_1_930' title='bbox 2804 5473 2859 5519; x_wconf 89' lang='lat' dir='ltr'><strong>et</strong></span> <span class='ocrx_word' id='word_1_931' title='bbox 2886 5465 3064 5522; x_wconf 86' lang='lat' dir='ltr'><strong>levato</strong></span> <span class='ocrx_word' id='word_1_932' title='bbox 3104 5467 3226 5523; x_wconf 90' lang='lat' dir='ltr'><strong>velo</strong></span> <span class='ocrx_word' id='word_1_933' title='bbox 3244 5463 3530 5536; x_wconf 53' lang='lat' dir='ltr'><strong>&#39;ejusmodi</strong></span> <span class='ocrx_word' id='word_1_934' title='bbox 3574 5480 3751 5521; x_wconf 56' lang='lat' dir='ltr'><strong>causa</strong></span> 
     </span>
    </p>
   </div>
   <div class='ocr_carea' id='block_1_129' title="bbox 2158 5534 2771 5604">
    <p class='ocr_par' dir='ltr' id='par_1_129' title="bbox 2158 5534 2771 5604">
     <span class='ocr_line' id='line_1_134' title="bbox 2158 5534 2771 5604; baseline 0 -15"><span class='ocrx_word' id='word_1_935' title='bbox 2158 5543 2573 5604; x_wconf 87' lang='lat' dir='ltr'><strong>cognoscantur.</strong></span> <span class='ocrx_word' id='word_1_936' title='bbox 2604 5534 2771 5591; x_wconf 81' lang='lat' dir='ltr'><strong>Fomv.</strong></span> 
     </span>
    </p>
   </div>
   <div class='ocr_carea' id='block_1_130' title="bbox 2234 5624 3747 5703">
    <p class='ocr_par' dir='ltr' id='par_1_130' title="bbox 2234 5624 3747 5703">
     <span class='ocr_line' id='line_1_135' title="bbox 2234 5624 3747 5703; baseline 0.004 -23"><span class='ocrx_word' id='word_1_937' title='bbox 2234 5624 2251 5664; x_wconf 70' lang='grc' dir='ltr'><strong>ί</strong></span> <span class='ocrx_word' id='word_1_938' title='bbox 2292 5625 2481 5703; x_wconf 76' lang='lat' dir='ltr'><strong>Noster</strong></span> <span class='ocrx_word' id='word_1_939' title='bbox 2508 5626 2751 5703; x_wconf 84' lang='lat' dir='ltr'><strong>Cassiod.</strong></span> <span class='ocrx_word' id='word_1_940' title='bbox 2785 5628 2921 5703; x_wconf 69' lang='lat' dir='ltr'><strong>infra</strong></span> <span class='ocrx_word' id='word_1_941' title='bbox 2948 5631 3053 5687; x_wconf 88' lang='lat' dir='ltr'><strong>hoc</strong></span> <span class='ocrx_word' id='word_1_942' title='bbox 3081 5632 3174 5688; x_wconf 92' lang='lat' dir='ltr'><strong>lib.</strong></span> <span class='ocrx_word' id='word_1_943' title='bbox 3208 5648 3294 5703; x_wconf 88' lang='lat' dir='ltr'><strong>ep.</strong></span> <span class='ocrx_word' id='word_1_944' title='bbox 3332 5631 3419 5701; x_wconf 82' lang='lat' dir='ltr'><strong>l9,</strong></span> <span class='ocrx_word' id='word_1_945' title='bbox 3448 5631 3518 5687; x_wconf 91' lang='lat' dir='ltr'><strong>de</strong></span> <span class='ocrx_word' id='word_1_946' title='bbox 3550 5631 3747 5697; x_wconf 84' lang='lat' dir='ltr'><strong>nautis,</strong></span> 
     </span>
    </p>
   </div>
   <div class='ocr_carea' id='block_1_131' title="bbox 2157 5697 3749 5772">
    <p class='ocr_par' dir='ltr' id='par_1_131' title="bbox 2157 5697 3749 5772">
     <span class='ocr_line' id='line_1_136' title="bbox 2157 5697 3749 5772; baseline 0.001 -20"><span class='ocrx_word' id='word_1_947' title='bbox 2157 5712 2294 5772; x_wconf 81' lang='lat' dir='ltr'><strong>quos</strong></span> <span class='ocrx_word' id='word_1_948' title='bbox 2318 5697 2632 5772; x_wconf 79' lang='lat' dir='ltr'><strong>frequenter</strong></span> <span class='ocrx_word' id='word_1_949' title='bbox 2659 5699 2780 5772; x_wconf 78' lang='lat' dir='ltr'><strong>plus</strong></span> <span class='ocrx_word' id='word_1_950' title='bbox 2809 5699 3053 5771; x_wconf 79' lang='lat' dir='ltr'><strong>afﬂigunt</strong></span> <span class='ocrx_word' id='word_1_951' title='bbox 3097 5697 3313 5769; x_wconf 79' lang='lat' dir='ltr'><strong>damna,</strong></span> <span class='ocrx_word' id='word_1_952' title='bbox 3363 5697 3527 5772; x_wconf 84' lang='lat' dir='ltr'><strong>quam</strong></span> <span class='ocrx_word' id='word_1_953' title='bbox 3570 5703 3749 5772; x_wconf 70' lang='lat' dir='ltr'><strong>solent</strong></span> 
     </span>
    </p>
   </div>
   <div class='ocr_carea' id='block_1_132' title="bbox 2156 5768 3749 5849">
    <p class='ocr_par' dir='ltr' id='par_1_132' title="bbox 2156 5768 3749 5849">
     <span class='ocr_line' id='line_1_137' title="bbox 2156 5768 3749 5849; baseline 0.004 -26"><span class='ocrx_word' id='word_1_954' title='bbox 2156 5768 2363 5849; x_wconf 78' lang='lat' dir='ltr'><strong>nudare</strong></span> <span class='ocrx_word' id='word_1_955' title='bbox 2392 5768 2691 5849; x_wconf 65' lang='lat' dir='ltr'><strong>naufragia.</strong></span> <span class='ocrx_word' id='word_1_956' title='bbox 2735 5768 2943 5849; x_wconf 71' lang='lat' dir='ltr'><strong>Seneca</strong></span> <span class='ocrx_word' id='word_1_957' title='bbox 2983 5773 3075 5828; x_wconf 89' lang='lat' dir='ltr'><strong>lib.</strong></span> <span class='ocrx_word' id='word_1_958' title='bbox 3097 5790 3189 5849; x_wconf 30' lang='lat' dir='ltr'><strong>“vn</strong></span> <span class='ocrx_word' id='word_1_959' title='bbox 3225 5768 3575 5849; x_wconf 70' lang='lat' dir='ltr'><strong>COntfovers.</strong></span> <span class='ocrx_word' id='word_1_960' title='bbox 3608 5772 3639 5826; x_wconf 74' lang='grc' dir='ltr'>ι</span> <span class='ocrx_word' id='word_1_961' title='bbox 3669 5769 3749 5830; x_wconf 88' lang='lat'><strong>:0</strong></span> 
     </span>
    </p>
   </div>
   <div class='ocr_carea' id='block_1_133' title="bbox 2157 5838 3746 5967">
    <p class='ocr_par' dir='ltr' id='par_1_133' title="bbox 2157 5838 3746 5967">
     <span class='ocr_line' id='line_1_138' title="bbox 2157 5838 3746 5967; baseline 0.008 -77"><span class='ocrx_word' id='word_1_962' title='bbox 2157 5838 2625 5967; x_wconf 45' lang='lat' dir='ltr'><strong>Lngriﬁabnjuustiora</strong></span> <span class='ocrx_word' id='word_1_963' title='bbox 2671 5838 2911 5909; x_wconf 81' lang='lat' dir='ltr'><strong>judiciisl</strong></span> <span class='ocrx_word' id='word_1_964' title='bbox 2946 5859 2979 5900; x_wconf 94' lang='grc' dir='ltr'>ο</span> <span class='ocrx_word' id='word_1_965' title='bbox 3008 5845 3262 5903; x_wconf 88' lang='lat' dir='ltr'><strong>meliores</strong></span> <span class='ocrx_word' id='word_1_966' title='bbox 3288 5845 3541 5918; x_wconf 74' lang='lat' dir='ltr'><strong>procella:</strong></span> <span class='ocrx_word' id='word_1_967' title='bbox 3567 5850 3746 5915; x_wconf 78' lang='lat' dir='ltr'><strong>patre,</strong></span> 
     </span>
    </p>
   </div>
   <div class='ocr_carea' id='block_1_134' title="bbox 2160 5924 2454 5967">
    <p class='ocr_par' dir='ltr' id='par_1_134' title="bbox 2160 5924 2454 5967">
     <span class='ocr_line' id='line_1_139' title="bbox 2160 5924 2454 5967; baseline -0.014 0"><span class='ocrx_word' id='word_1_968' title='bbox 2160 5924 2263 5967; x_wconf 74' lang='grc' dir='ltr'><strong>θιο.</strong></span> <span class='ocrx_word' id='word_1_969' title='bbox 2286 5924 2454 5966; x_wconf 48' lang='grc' dir='ltr'><strong>ιινοιω.</strong></span> 
     </span>
    </p>
   </div>
  </div>
