3958 6448
205 243 311 301 621

1493 244 1847 302 VARIARUM
1889 235 2089 301 LIBER
2129 247 2220 303 IV.

3421 257 3523 313 622

205 359 566 418 functiones.
595 357 656 414 In
682 357 811 431 ipsis
830 359 975 416 enim
997 358 1162 416 initiis
1181 359 1622 432 comprimendas
1638 374 1832 417 exces-
1859 362 1911 422 Δ
1936 361 2128 417 animis
2148 363 2463 432 impleatur;
2503 373 2768 436 quatenus
2795 373 2850 423 et
2878 368 3188 426 excessibus
3219 369 3440 428 tollatur
3462 377 3524 430 li-

205 471 308 512 sus
338 462 455 521 est,
492 471 566 514 ne
586 455 726 514 taeda
757 455 1006 521 imitatio,
1039 456 1192 525 quasi
1242 455 1416 527 turpis
1434 454 1664 523 scabies,
1689 469 1829 525 pau-

205 552 374 607 latim
404 553 654 622 reliquos
674 550 1120 622 comprehendat.
1159 551 1218 609 Si
1244 553 1365 621 quis
1392 563 1523 620 ergo
1549 549 1703 621 jussa
1729 565 1830 606 no-

203 651 330 699 stra
359 644 580 713 agresti
604 643 796 714 spiritu
819 644 1162 713 resupinatus
1188 644 1466 714 abiecerit,
1513 658 1668 700 casas
1711 641 1830 712 ejus

204 735 502 806 appositis
518 736 690 798 titulis
712 735 829 794 ﬁsci
857 736 1031 798 nostri
1049 733 1264 804 juribus
1284 734 1608 800 vindicabis,
1639 742 1700 792 ut
1735 733 1829 803 qui

199 837 361 899 juste
412 829 600 886 noluit
651 845 818 900 parva
865 829 1100 893 solvere,
1149 829 1544 894 rationabiliter
1583 826 1830 884 videatur

203 921 463 976 maxima
488 921 806 991 perdidisse.
837 921 941 988 Qui
969 924 1110 977 enim
1140 921 1342 978 debent
1369 920 1439 977 ad
1468 919 1657 978 ﬁscum
1686 919 1830 976 cele-

206 1012 331 1068 rius
363 1028 501 1069 esse
524 1013 727 1081 devoti,
751 1014 853 1084 nisi
881 1015 972 1084 qui
1001 1016 1222 1085 capiunt
1241 1013 1525 1083 commoda
1547 1012 1827 1068 donativi?

202 1102 453 1170 Quando
477 1103 790 1176 ampliusne
808 1111 996 1174 nostra
1018 1106 1354 1170 humanitate
1371 1105 1644 1176 recipiunt
1664 1120 1826 1175 quam

199 1194 482 1265 stipendii
509 1194 634 1265 jure
657 1204 962 1267 prestetur.
997 1195 1131 1262 Nam
1159 1199 1203 1254 si
1250 1197 1593 1262 liberalitatis
1623 1205 1826 1268 nostra:

199 1298 377 1342 causa
413 1294 708 1352 tractetur,
743 1303 844 1344 nos
865 1289 1044 1359 potius
1076 1289 1379 1346 voluntaria
1409 1289 1608 1346 tributa
1661 1288 1825 1345 solvi-

197 1392 354 1448 mus,
375 1379 486 1450 qui
507 1378 756 1436 fortunas
782 1382 1024 1436 omnium
1064 1382 1431 1438 sublevamus.

773 1512 1109 1574 EPISTULA
1147 1512 1264 1570 XV.

377 1622 671 1686 ΒΕΝΕΝᾼΤρ
697 1623 822 1666 VIRO
846 1624 1109 1664 SENATORI
1140 1621 1506 1664 TBEODOBICUS
1530 1621 1657 1662 REX.

199 1697 421 1776 Statuit
448 1710 508 1776 ut
529 1703 712 1776 viginti
733 1719 889 1776 unum
919 1687 1282 1776 dromonarios
1309 1701 1629 1776 robustosin
1655 1701 1823 1772 locum

383 1771 754 1844 defunctorum
787 1771 976 1844 eligat,
999 1775 1228 1844 viresque
1248 1789 1426 1828 eorum
1455 1772 1655 1842 probet.

273 1863 522 1922 lllustris
550 1876 604 1922 et
624 1865 895 1937 magniﬁci
913 1867 1012 1921 viri
1035 1867 1248 1922 comitis
1265 1865 1583 1921 Patrimonii
1606 1880 1825 1936 sugges-

197 1957 361 2014 tione
376 1961 748 2030 comperimus
771 1959 1147 2016 dromonarios
1159 1969 1183 1996 ἰ
1197 1959 1384 2030 viginti
1397 1959 1501 2030 65
1515 1967 1568 2014 et
1579 1975 1742 2013 unum
1759 1957 1827 2014 de

195 2051 525 2107 constituto
560 2037 786 2107 numero
813 2053 1005 2107 mortis
1049 2050 1396 2107 incommodo
1423 2051 1587 2106 fuisse
1615 2052 1826 2106 subtra-

196 2150 353 2198 ctos.
383 2140 544 2200 Unde
565 2145 957 2215 providentiam
982 2154 1240 2211 nostram,
1273 2145 1426 2215 cujus
1449 2153 1531 2200 est
1549 2146 1826 2216 proprium

198 2235 363 2302 quod
397 2249 532 2291 casu
561 2237 878 2293 subducitur
903 2253 1158 2309 reparare
1187 2235 1438 2302 consilio,
1480 2237 1582 2293 hoc
1607 2239 1828 2292 statuis-

201 2341 266 2382 se
287 2342 601 2399 cognosce;
628 2337 688 2386 ut
705 2331 1042 2402 supradictos
1062 2330 1437 2386 dromonarios
1458 2330 1690 2401 probare
1710 2329 1827 2386 sine

203 2419 403 2490 aliqua
437 2405 780 2479 dubitatione
818 2421 1060 2490 festines,
1089 2422 1178 2493 qui
1208 2431 1388 2478 tamen
1437 2421 1503 2488 ad
1556 2421 1661 2476 hoc
1691 2437 1826 2492 opus

206 2516 435 2586 possint
463 2516 642 2574 idonei
669 2519 920 2590 reperiri.
954 2517 1241 2589 Remigum
1269 2503 1414 2573 enim
1442 2516 1600 2570 labor
1630 2531 1826 2586 opero-

209 2621 308 2662 sus
329 2607 584 2665 valentes
610 2611 793 2666 animo
819 2618 878 2668 et
904 2610 1110 2668 viribus
1137 2611 1348 2681 quaerit,
1394 2615 1455 2663 ut
1501 2608 1826 2664 conﬁdentia

209 2703 424 2768 IItentis
473 2704 727 2773 procellis
767 2704 992 2764 obviare
1019 2704 1192 2775 possit
1221 2703 1462 2764 undosis.
1494 2701 1634 2770 Quid
1681 2703 1828 2762 enim

210 2795 518 2852 audentius
547 2811 709 2866 quam
741 2797 876 2852 illud
905 2796 1129 2852 inﬁdum
1177 2813 1242 2852 ac
1267 2795 1635 2852 vastissimum
1679 2811 1830 2850 mare

211 2883 437 2944 intrare
457 2902 626 2958 parvo
651 2887 886 2957 navigio,
918 2889 1063 2958 quod
1091 2888 1319 2945 eluctari
1346 2887 1478 2947 facit
1495 2887 1829 2957 desperatio-

210 2977 304 3033 nis
351 2979 475 3035 sola
525 2981 910 3052 prtesumptio?
947 2980 1294 3052 Quapropter
1333 2979 1498 3050 jussis
1548 2989 1604 3034 te
1630 2979 1831 3036 nostris

211 3069 369 3146 banc.
413 3073 680 3132 cautelam
711 3076 968 3138 convenit
1012 3074 1289 3143 adbibere,
1323 3083 1385 3130 ut
1430 3075 1713 3148 querelam
1759 3075 1827 3131 de

214 3165 576 3235 congregatis
590 3165 855 3228 debilibus
885 3184 996 3228 non
1017 3168 1201 3237 facias,
1227 3185 1351 3227 cum
1378 3185 1480 3228 nos
1497 3166 1827 3243 [Imp.,nec|

214 3254 636 3315 robustissimos
665 3261 942 3331 quaesiisse
962 3277 1278 3333 cognoscas.

799 3378 1134 3462 EPISTOLA
1161 3381 1302 3468 xvi.

441 3487 668 3528 SENATUI
692 3488 840 3558 pﬂBlS
889 3491 1046 3531 ιιΟΜιιΕ
1093 3493 1460 3548 ἸᾛΕΟΒΟΒΙΟΗΒ
1484 3494 1609 3558 Βςξ.

217 3561 510 3647 Renuntiat
537 3582 589 3647 se
615 3549 882 3647 Arigerno‘
900 3570 1103 3647 comiti,
1126 3588 1275 3647 quem
1304 3571 1365 3626 ob
1397 3551 1652 3647 prwctare
1681 3582 1827 3644 gesta

288 3634 498 3712 tendat,
529 3633 782 3692 Romana:
800 3639 942 3712 urbis
973 3633 1309 3712 discip'linam
1331 3633 1751 3710 co'mmt'sissefet
1770 3653 1828 3700 ut

287 3706 371 3761 iui
396 3717 628 3778 pareant
653 3724 832 3763 omnes
853 3708 1022 3780 jubet.
1107 3706 1116 3712 ’
1485 3727 1490 3730 ·

291 3795 558 3855 Utilitatis
576 3800 808 3870 publica:
833 3816 1020 3870 causa,
1049 3817 1216 3875 quam
1244 3813 1431 3862 noster
1457 3807 1669 3864 animus
1695 3823 1830 3865 sern-

219 3901 318 3960 per
337 3898 580 3960 spectat,
603 3892 780 3948 vii-nm
805 3893 1069 3951 illustrem
1096 3896 1353 3954 comitem
1379 3894 1726 3970 Arigernum,
1748 3901 1830 3958 ci-

219 3995 340 4038 vem
366 3997 518 4054 pene
547 3995 809 4056 vestrum,
838 3986 1043 4044 dudum
1067 3989 1137 4045 ad
1179 3988 1388 4050 Gallias
1441 3993 1830 4052 astimavimus

219 4071 596 4147 dirigentium,
624 4087 686 4132 ut
710 4077 829 4148 ejus
871 4081 1188 4138 maturitate
1238 4081 1450 4141 consilii
1479 4086 1828 4142 titubantium

220 4168 531 4237 potuissent
572 4169 740 4225 corda
790 4169 1013 4228 ﬁrmari.
1045 4173 1353 4232 Novitatem
1381 4178 1585 4249 quippe
1626 4179 1829 4235 sollici-

222 4267 329 4316 tam
358 4261 662 4334 prndentes
689 4267 945 4324 convenit
965 4267 1168 4325 habere
1192 4279 1458 4338 rectores,
1486 4282 1547 4326 ut
1567 4273 1831 4342 quemad-

223 4353 450 4410 modum
478 4353 643 4409 l'uerit
666 4355 794 4410 vitae
820 4356 1085 4414 formatus
1105 4359 1262 4426 ordo,
1304 4361 1383 4417 sic
1410 4370 1593 4418 currat
1623 4363 1830 4418 instituo

225 4449 279 4497 ta
307 4443 557 4500 devotio.
580 4443 678 4501 His
705 4449 869 4502 rebus
896 4451 964 4503 ad
992 4457 1179 4505 nostra
1195 4459 1323 4506 vota
1375 4453 1713 4523 compositis,
1774 4461 1830 4510 et

1933 454 2132 520 centia,
2190 457 2417 528 etquod
2467 467 2718 529 optamus
2767 464 3020 532 maxime,
3065 464 3244 524 locum
3288 480 3521 538 nequeat

1931 546 2175 608 invenire
2213 550 2470 614 vindicta.
2525 553 2584 607 Si
2629 569 2736 623 qua
2778 559 2938 612 etiam
2962 576 3061 630 per
3087 561 3204 631 ejus
3224 563 3523 630 absentiam

1933 639 2088 710 culpa
2129 643 2459 712 provenerit,
2504 644 2650 702 inter
2705 662 2802 706 vos
2823 649 3048 716 iustitiae
3085 654 3526 716 consideratione

1933 732 2208 801 corrigite,
2238 734 2378 798 sicut
2405 736 2675 802 nobilitati
2697 747 2895 798 vestrae
2939 746 3194 806 convenit
3228 761 3410 816 agere,
3434 749 3526 810 cui

1931 837 2148 894 semper
2173 826 2413 896 probitas
2443 827 2622 900 placet
2651 849 2665 885 :
2691 833 2948 903 quoniam
2980 851 3080 894 nos
3107 838 3417 908 specialiter
3441 841 3524 896 in-

1925 913 2168 985 junxisse
2207 921 2540 988 cognoscite,
2576 933 2634 980 ut
2661 939 2835 995 error,
2856 927 2949 996 qui
2985 928 3056 984 ab
3083 933 3393 990 auctoribus
3414 935 3525 990 suis

1934 1009 2158 1066 minime
2180 1010 2340 1070 fuerit
2379 1016 2716 1085 emendatus,
2747 1018 2925 1087 legum
2945 1019 3282 1079 districtione
3307 1040 3522 1083 resece-

1931 1105 2035 1154 tur.
2087 1097 2349 1160 Pareatur
2376 1119 2528 1178 ergo,
2571 1106 2632 1162 P.
2665 1107 2753 1176 C.,
2797 1111 2914 1166 viro
2968 1112 3152 1169 multis
3191 1117 3526 1185 temporibus

1927 1189 2039 1259 iam
2069 1193 2322 1265 probato,
2342 1198 2496 1267 cujus
2524 1214 2748 1258 necesse
2773 1211 2857 1258 est
2885 1203 3220 1274 praedicanda
3235 1208 3410 1278 sequi,
3433 1209 3525 1278 qui

1931 1297 1992 1338 se
2021 1283 2282 1341 hactenus
2311 1288 2411 1344 sub
2436 1301 2612 1348 vestra
2637 1295 2876 1369 omnium
2905 1296 3062 1353 laude
3088 1301 3355 1364 tractavit,
3389 1308 3445 1354 et
3473 1301 3524 1354 in

1932 1380 2081 1430 tanta
2103 1375 2407 1450 frequentia
2433 1383 2632 1439 nullius
2653 1389 2855 1458 reperit
2883 1390 3108 1446 adversa
3131 1391 3351 1462 judicia.
3451 1396 3458 1402 '

2462 1511 2797 1569 EPISTOLA
2825 1515 2989 1572 XVII.

2105 1615 2208 1656 ID.'E
2241 1617 2362 1657 νιιιο
2391 1618 2617 1668 δυβιυμ,
2649 1623 2789 1672 DUCI,
2813 1625 3178 1668 Tlll-ZODOBICUS
3213 1632 3338 1670 REX.

1932 1687 2184 1776 Pragripit
2205 1704 2259 1747 ut
2289 1697 2517 1776 ecclesia:
2561 1696 2923 1756 Narbonensis
2949 1707 3298 1772 possessiones
3329 1711 3391 1776 (ψ
3423 1713 3523 1776 ali»

1966 1761 2146 1832 quibus
2195 1769 2556 1834 pervasoribus
2588 1781 2888 1842 occupatas,
2931 1761 3293 1832 restituendas

2003 1880 2288 1952 Delinitam
2310 1901 2426 1942 rem
2459 1887 2526 1944 ab
2556 1890 2781 1960 antiquo
2811 1907 2959 1962 rege,
2991 1910 3150 1966 quam
3185 1906 3361 1954 tamen
3395 1914 3521 1960 con-

1931 1983 2040 2032 stat
2067 1977 2466 2036 rationabiliter
2497 1997 2617 2038 esse
2639 1983 2933 2052 decretam,
2962 1987 3106 2042 nulla
3130 1990 3374 2046 volumus
3413 2008 3520 2046 am-

1930 2065 2192 2136 biguitate
2213 2072 2444 2146 titubare
2463 2091 2474 2127 :
2495 2075 2619 2145 quia
2642 2076 2802 2133 decet
2825 2078 3036 2136 ﬁrmum
3068 2097 3186 2139 esse
3214 2083 3358 2157 quod
3378 2103 3517 2140 com-

1932 2160 2217 2217 mendatur
2246 2163 2510 2234 probabili
2536 2168 2800 2236 jussione.
2847 2171 2956 2227 Cur
2985 2175 3129 2229 enim
3156 2177 3334 2248 priora
3367 2193 3520 2247 quas-

1930 2268 2131 2322 semus,
2168 2257 2257 2311 ubi
2285 2258 2419 2314 nihil
2443 2269 2524 2318 est
2567 2263 2713 2334 quod
2762 2267 3037 2337 corrigere
3075 2268 3404 2328 debeamus?
3433 2273 3521 2328 At—

1931 2363 2037 2420 que
2063 2348 2185 2404 ideo
2215 2353 2468 2422 prmsenti
2493 2355 2586 2426 tibi
2613 2358 2938 2416 auctoritate
2960 2362 3302 2432 prmcipimus
3322 2373 3380 2422 ut
3409 2381 3522 2434 pos-

1929 2441 2200 2498 sessiones
2229 2442 2597 2502 Narbonensis
2632 2449 2892 2522 ecclesim,
2925 2452 3222 2516 secundum
3254 2457 3521 2524 prmeelsm

1931 2534 2324 2592 recordationis
2366 2536 2564 2606 Alarici
2593 2550 2881 2615 praecepta,
2914 2560 2946 2600 a
2974 2545 3304 2615 quibuslibet
3332 2565 3518 2618 perva-

1931 2628 2146 2690 seribus
2171 2640 2448 2702 occupatae
2462 2641 2770 2702 teneantur,
2792 2638 3062 2708 aequitatis
3089 2641 3256 2702 fat-ias
3285 2651 3514 2700 contem-

1931 2723 2173 2791 platione
2191 2726 2406 2786 restitui
2438 2746 2453 2781 :
2481 2730 2737 2798 quoniam
2786 2733 2991 2788 versari
3025 2732 3196 2805 [nws.,
3228 2733 3524 2807 adversari}

1932 2817 2186 2880 nolumus
2211 2819 2266 2874 in
2293 2817 2547 2884 Ecclesiae
2584 2823 2867 2894 dispendio
2890 2827 3338 2896 prmsuriiptiones
3365 2827 3526 2886 illici-

1933 2915 2040 2976 tas,
2065 2908 2192 2966 dum
2223 2919 2410 2968 nostra
2435 2912 2626 2970 deceat
2657 2923 2901 2985 tempora
2923 2915 3114 2974 sedare
3133 2917 3378 2974 confusa.
3394 2917 3526 2974 Esto

1934 3011 2126 3064 contra
2157 3005 2286 3061 talia
2315 3007 2537 3066 omnino
2568 3008 2926 3077 sollicitus,ut
2947 3010 3040 3079 qui
3069 3027 3128 3066 es
3149 3011 3294 3066 bello
3324 3011 3523 3074 clarus,

1936 3097 2200 3156 civilitate
2227 3113 2444 3169 quoque
2473 3101 2714 3159 reddaris
2733 3103 2982 3159 eximius.
3028 3104 3118 3160 Sic
3143 3114 3199 3161 et
3239 3120 3387 3160 arma
3411 3114 3528 3176 tua,

1934 3189 2050 3255 Deo
2087 3191 2334 3261 iuvante,
2383 3196 2728 3264 corroboras,
2781 3198 2827 3252 si
2847 3197 3118 3267 justitiam
3163 3199 3527 3260 mediocribus

1930 3296 2150 3337 servare
2172 3282 2491 3338 contendas.
2523 3284 2788 3357 Improbis
2811 3289 2952 3342 enim
2977 3291 3218 3358 potuisse
3245 3290 3526 3361 resistere,

1928 3391 2040 3434 non
2065 3379 2327 3448 pnevalcs
2355 3394 2638 3444 excusare,
2688 3381 2907 3449 quando
2933 3397 3123 3437 omnes
3153 3381 3248 3436 tibi
3297 3382 3531 3439 libenter

1928 3469 2150 3535 cedunt,
2172 3485 2338 3540 quem
2379 3471 2678 3540 gloriosum
2702 3475 2756 3529 in
2785 3474 3058 3530 bellorum
3080 3477 3380 3532 certamine
3428 3491 3526 3534 co-

1929 3571 2256 3632 gnoverunt.
2285 3563 2514 3634 lgnavns
2534 3564 2675 3622 forte
2693 3565 2988 3624 audacibus
3007 3566 3200 3636 jubere
3221 3569 3300 3624 nil
3321 3568 3526 3640 possit:

1931 3674 2094 3716 nemo
2121 3659 2243 3730 plus
2268 3659 2719 3730 prtesumentibus
2773 3659 3008 3731 imperat
3034 3675 3196 3732 quam
3223 3675 3391 3732 quem
3420 3674 3523 3726 snt

1929 3749 2073 3808 facta
2093 3752 2497 3809 commendant.

2441 3886 2777 3961 EPISTOLA
2805 3887 2988 3945 xvm.

2001 4003 2156 4058 ηοω
2209 4004 2336 4056 ηιιο
2371 4003 2654 4052 ΒΕΠΔΨΙΟΒῙ,
2697 4003 2900 4051 (201111⁵1,
2936 3999 3304 4042 τηεουοιυουε
3324 4002 3451 4042 REX.

1930 4103 2176 4160 Decernit
2204 4114 2258 4158 ut
2287 4105 2558 4176 diligenter
2579 4105 2809 4175 inquirat
2839 4118 2959 4176 num
2989 4101 3295 4176 Laurentius
3318 4105 3525 4175 presby-

2003 4186 2100 4243 ter,
2125 4177 2330 4245 e/fossis
2353 4174 2671 4230 marmorum
2702 4174 2973 4244 sepulcris,
3023 4174 3291 4229 thesauros
3315 4174 3526 4229 invene-

2005 4250 2094 4302 rit.

2003 4338 2356 4396 Consuetudo
2395 4347 2482 4402 est
2512 4346 2713 4398 nostra:
2746 4337 3071 4403 clementiae,
3101 4336 3340 4407 probata:
3369 4337 3526 4396 nobis

1932 4432 2058 4494 ﬁdei
2082 4433 2290 4502 agenda
2320 4433 2687 4499 committere,
2717 4442 2778 4490 ut
2805 4447 2926 4488 cum
2953 4432 3164 4503 judices
3208 4433 3522 4504 delegamus

225 4533 454 4601 gloriam
485 4537 758 4594 civilitatis
785 4539 992 4609 retulit,
1022 4549 1079 4594 et
1129 4541 1274 4612 quod
1311 4542 1452 4596 inter
1503 4558 1602 4598 vos
1637 4543 1826 4599 didicit
1853 4551 1909 4612 Ι)
1933 4529 2220 4600 limum“
2251 4537 2484 4600 ιε’θειθιυ
2506 4537 2742 4596 malum,
2769 4529 2945 4583 locum
2979 4544 3144 4599 ρτθνει
3177 4535 3414 4598 neque“
3440 4529 3526 4583 in"

228 4626 512 4698 diligenter
552 4631 863 4698 ostendens,
914 4633 1180 4688 bellorum
1223 4635 1450 4703 insignia
1500 4635 1815 4705 reportavit.

228 4719 400 4785 Quem
431 4722 964 4790 desideratum,sicut
989 4737 1267 4796 putamus,
1295 4731 1460 4784 coetui
1488 4737 1670 4784 vestro
1700 4729 1822 4784 red-

230 4810 484 4880 didimus,
517 4822 575 4868 ut
603 4816 697 4884 qui
724 4817 879 4872 vobis
909 4818 1067 4888 longa
1091 4828 1250 4875 aetate
1278 4820 1500 4890 placuit,
1532 4836 1678 4878 nunc
1697 4837 1821 4892 gra-

232 4903 331 4961 tior
351 4907 468 4974 tiat,
501 4921 624 4964 cum
655 4923 779 4964 eum
797 4910 1009 4982 adjecta
1037 4913 1183 4969 bona
1227 4914 1624 4970 commendant.
1675 4916 1824 4982 Qua-

232 5008 454 5070 Ρτοβῑθι·
475 5001 768 5074 disciplina:
794 5020 855 5066 se
875 5005 1082 5076 prmfati
1110 5008 1217 5066 viri
1240 5008 1520 5066 Romanus
1545 5009 1681 5066 ordo
1727 5025 1816 5065 re-

235 5090 438 5157 stituat,
490 5102 548 5149 ut
598 5097 743 5165 quod
795 5099 988 5170 quietis
1037 5115 1222 5158 amore
1249 5103 1580 5175 nrmcipitur,
1609 5102 1819 5159 devotis

306 5278 657 5358 {Dromones
684 5280 901 5358 navigia
924 5282 1202 5358 celerrima
1217 5285 1371 5358 quasi
1401 5285 1643 5358 cu_rsoria
1673 5300 1703 5339 a
1725 5284 1822 5358 Ju-

239 5347 470 5428 stiniano
492 5363 755 5428 vocantur
798 5347 849 5428 in
888 5353 924 5406 l.
960 5353 1015 5428 4,
1035 5353 1096 5408 C.
1127 5355 1194 5409 de
1220 5347 1310 5428 dif.
1338 5355 1490 5426 praef.
1525 5365 1677 5428 priet.
1703 5355 1817 5425 ait,

241 5432 371 5494 quos
392 5424 610 5494 celones
637 5421 812 5477 Latini
844 5426 1117 5494 appellant
1147 5442 1175 5478 a
1198 5421 1493 5492 celeritate,
1513 5421 1572 5481 ut
1595 5421 1824 5484 testatur

241 5486 698 5570 Noniusablilites,
730 5486 930 5564 inquit:
952 5497 1252 5570 constituas
1288 5499 1377 5566 qui
1407 5486 1617 5568 possint
1645 5506 1701 5554 et
1737 5501 1822 5570 ip-

244 5574 352 5640 sum
377 5564 659 5640 trajectum
687 5575 1017 5640 servare,_et
1045 5564 1586 5640 onniiadqumcimqne
1616 5570 1668 5624 in
1696 5564 1824 5640 par-

245 5629 378 5710 tibus
409 5629 678 5710 Hispania:
700 5638 806 5710 ivel
845 5629 1050 5710 Gallim,
1080 5639 1191 5694 sive
1215 5629 1542 5710 Francorum
1573 5629 1821 5709 aguntur,

244 5707 355 5781 viro
385 5708 660 5776 spectabili
682 5709 818 5763 duce
847 5709 1189 5773 denuntiare:
1212 5707 1264 5764 in
1280 5725 1388 5778 quo
1410 5707 1636 5781 trajecta
1659 5707 1822 5768 etiam

246 5769 528 5850 dromones
549 5786 778 5848 quantos
807 5769 1124 5850 provideris,
1153 5769 1389 5839 ordinari
1417 5769 1600 5841 facias.
1632 5782 1823 5842 lsidor.

251 5839 314 5899 i9
343 5839 580 5914 Etvmolf
600 5850 787 5908 Bnoss.

1931 4629 2118 4684 venire
2138 4628 2436 4698 subreptio.
2473 4627 2682 4688 Dudum
2706 4627 2969 4696 siquidem
3002 4626 3068 4679 ad
3099 4642 3199 4681 nos
3230 4627 3524 4682 multorum

1895 4719 1905 4731 ’
1929 4724 2274 4792 suggestione
2299 4723 2570 4794 pervenit,
2603 4721 2949 4777 Laurentium
2969 4722 3343 4793 presbyterum
3373 4715 3526 4774 eﬂos-

1929 4819 2005 4874 sis
2027 4817 2300 4874 cineribus
2322 4816 2565 4872 funestas
2590 4816 2804 4871 divitias
2825 4815 2965 4870 inter
2995 4815 3274 4869 hominum
3305 4813 3527 4867 cadave-

1927 4927 1987 4967 ra
2016 4918 2439 4982 perscrutatum,
2457 4907 2975 4979 concussionemque
3003 4906 3234 4962 mortuis
3255 4901 3522 4969 intulisse,

1929 5022 2090 5078 quem
2120 5012 2338 5076 oportet
2357 5003 2663 5059 viventibus
2692 5003 2874 5078 quieta
2898 4989 3216 5074 prmdlcare.
3257 4995 3377 5052 Non
3402 4991 3527 5056 abs-

1931 5100 2160 5158 tinuisse
2183 5098 2500 5170 perhibetur
2531 5099 2555 5138 δ
2591 5108 2698 5160 tam
2725 5097 2931 5156 crudeli
2960 5094 3212 5164 contagio
3238 5092 3340 5162 piis
3377 5091 3526 5146 dica-

2001 5288 2304 5343 Dromones
2324 5292 2480 5364 erant
2509 5284 2718 5364 navigia
2747 5281 3028 5364 celerrima
3059 5279 3374 5364 et_e_xpedi_ti
3400 5293 3524 5335 cur-

1927 5376 2039 5424 sus,
2068 5373 2294 5429 quorum
2318 5355 2561 5412 meminit
2591 5351 2724 5411 inira
2749 5356 2840 5410 lib.
2872 5351 3094 5429 v,epist.
3115 5352 3181 5429 iii
3200 5359 3258 5429 et
3290 5351 3376 5429 i7,
3402 5365 3524 5429 quas

1929 5421 2056 5486 alibi
2077 5421 2241 5505 naves
2270 5429 2836 5505 cursorizevocantur,
2871 5431 2928 5477 ut
2958 5421 3518 5505 εἱρειιὶηδῇᾳοη.ἈροιιἸ

1929 5503 2023 5558 lib.
2051 5517 2088 5564 ι.
2119 5500 2276 5570 epist.
2306 5497 2354 5552 5.
2381 5499 2508 5554 Inde
2535 5499 2693 5570 igitur
2717 5495 3045 5551 dromonarii
3074 5495 3223 5561 dicti,
3248 5495 3338 5565 qui
3369 5500 3524 5548 erant

1932 5567 2168 5639 remiges
2187 5572 2529 5626 dromomnn.
2556 5567 2675 5624 Jun.

2007 5645 2031 5682 ιι
2062 5634 2198 5698 Nota
2227 5643 2559 5712 sepultorum
2589 5654 2708 5716 ossa
2728 5652 2927 5716 eruere
2947 5634 3101 5716 nefas
3121 5635 3283 5692 fuisse
3313 5644 3522 5716 testan-

1927 5723 2016 5772 tur
2036 5725 2266 5784 veteres,
2290 5705 2349 5769 et
2378 5713 2563 5769 Horat.
2591 5709 2694 5766 ode
2720 5709 2789 5762 16
2814 5707 3008 5779 Epod.,
3042 5707 3186 5779 Virg.
3219 5723 3271 5765 tv
3303 5705 3520 5763 IEneid.

1927 5787 2117 5844 Baoss.
