3958 6452
428 368 535 425 625

1624 351 1693 407 II.
1735 346 2013 405 AURELll
2048 339 2447 403 CASSIODORI

432 490 513 536 tas
534 471 1023 534 consecrationibus
1045 480 1255 533 manus,
1280 480 1469 520 aurum
1511 461 1833 518 exsecrabili
1860 476 2009 532 qum-
2035 463 2090 523 Α
2112 471 2408 529 pauperum
2435 445 2739 508 detestabili
2766 452 2949 501 mente
2974 449 3241 508 versetur,
3286 437 3547 536 presenti
3589 451 3690 493 au-

430 569 587 629 siisse
606 565 772 619 fertur
800 560 1013 625 affectu,
1056 572 1219 627 quem
1248 570 1401 610 suam
1431 552 1699 609 decuisset
1728 551 2008 623 egentibus

434 663 562 719 dare
586 654 955 719 substantiam,
986 651 1074 707 vel
1100 649 1199 705 sub
1217 648 1472 717 aequitate
1518 646 1822 702 collectam.
1854 642 2010 710 Quod

434 758 489 808 te
514 745 752 817 diligenti
779 740 1177 800 examinatione
1200 737 1545 810 praecipimus
1572 736 1848 805 indagare,
1882 742 1941 789 ut
1964 732 2012 788 si

436 838 653 893 veritati
675 835 819 891 dicta
846 832 1187 904 perspexeris
1214 828 1526 898 convenire,
1554 827 1789 883 hominis
1843 825 2013 881 ambi-

439 938 552 984 tum
578 943 644 984 eo
664 933 873 982 tantum
892 923 998 979 ﬁne
1020 920 1333 985 concludas,
1366 935 1435 975 ne
1461 919 1632 990 possit
1671 932 1859 973 aurum
1888 932 2015 987 sup.

440 1024 692 1097 primere,
721 1018 869 1092 quod
895 1033 1019 1074 eum
1043 1033 1150 1073 non
1184 1015 1331 1071 licuit
1358 1013 1619 1069 invenire.
1655 1011 1844 1092 Scelus
1871 1009 2017 1064 enim

444 1111 588 1182 quod
615 1125 716 1166 nos
740 1124 839 1179 pro
865 1105 1189 1163 sacerdotali
1216 1105 1424 1160 honore
1454 1102 1810 1172 relinquimus
1852 1100 2019 1170 impu-

446 1202 618 1257 nitum
635 1198 890 1269 ',majori
915 1197 1155 1270 pondere
1182 1195 1449 1251 credimus
1475 1192 1874 1249 vindicandum.

904 1313 1013 1384 es
1054 1307 1382 1365 EPISTOLA
1421 1305 1563 1361 XIX.

622 1421 868 1464 GEIELLO
895 1420 1016 1462 τωο
1044 1417 1301 1458 SENATOR!
1331 1413 1696 1455 THEODORICUS
1718 1413 1844 1452 REX.

451 1496 644 1553 Scribit
670 1515 723 1552 se
751 1497 1007 1551 remisisse
1032 1494 1101 1547 ad
1128 1508 1356 1564 prwsens
1385 1498 1585 1564 tempus
1612 1490 1919 1564 solutionem
1946 1488 2023 1564 si.-

520 1568 749 1639 tiquatici
783 1569 836 1620 in
866 1559 1156 1648 frumentis,
1175 1566 1292 1618 vino
1314 1570 1364 1615 et
1391 1560 1525 1627 oleo,
1554 1566 1609 1613 ut
1631 1561 1833 1630 capiam
1860 1559 2025 1630 possit

527 1648 775 1709 prwstare
801 1652 1096 1707 provmcus.

521 1728 685 1783 Decet
711 1726 1065 1797 principalem
1088 1723 1479 1794 providentiam
1506 1722 1645 1779 fessa
1673 1720 1937 1786 refovere,
1970 1727 2030 1776 ut

2112 548 2366 603 ctoritate
2390 541 2725 600 decernimus
2751 546 2810 594 ut
2831 552 2896 592 ea
2917 550 3035 607 quae
3061 543 3210 590 retro
3238 531 3541 604 principum
3562 544 3694 585 con-

2112 639 2347 697 stiterint
2374 634 2706 692 humanitate
2755 630 3032 701 deputata,
3063 639 3227 698 supra
3252 630 3558 680 memorata
3608 635 3697 677 ee-

2113 729 2273 785 clesia
2292 728 2408 783 sine
2436 725 2613 794 aliqua
2633 719 3007 778 imminutione
3026 716 3311 789 percipiat,
3324 721 3581 771 manente
3595 725 3699 784 po-

2115 833 2184 873 na
2204 818 2366 873 etiam
2388 812 2686 888 pervasori,
2707 810 2799 881 qui
2837 817 2894 865 et
2922 816 3170 867 veterum
3193 807 3337 865 dona
3363 814 3423 865 et
3451 804 3699 864 ecclesia

2116 909 2374 981 probatur
2392 906 2625 964 violasse
2650 901 2989 973 compendia.

2647 1009 2983 1067 EPISTOLA
3026 1008 3167 1066 n1.

2294 1120 2542 1164 GEIELLO
2568 1118 2691 1160 νωο
2717 1116 2977 1159 ΒΕΝΔΤΟΜ
3001 1114 3363 1158 τηουοιιαυε
3389 1116 3522 1157 ιιι.

2121 1199 2375 1256 Admonet
2395 1206 2452 1253 ut
2478 1197 2546 1252 sit
2568 1196 2637 1250 ad
2665 1197 2905 1267 injuncta
2940 1194 3215 1267 sollicitus,
3238 1194 3549 1249 necessitate
3570 1201 3705 1250 teut-

2649 1266 2792 1338 poris
2838 1266 2895 1319 id
2920 1266 3176 1337 exigente.

2195 1358 2447 1428 Quamvis
2470 1356 2767 1413 efﬁcaciam
2791 1364 2937 1411 tuam
2958 1355 3209 1413 insistere
3233 1355 3521 1411 credamus
3534 1357 3709 1425 injun-

2126 1453 2247 1518 ctis,
2279 1462 2335 1507 et
2353 1450 2593 1506 studiose
2626 1447 2913 1503 deﬂectere
2939 1461 3059 1516 quae
3080 1446 3235 1503 nobis
3252 1448 3578 1518 cognoveris
3603 1448 3709 1504 dis-

2126 1549 2350 1621 plicere,
2378 1554 2559 1603 tamen
2587 1544 2873 1600 sollicitum
2895 1542 3187 1599 admonitio
3216 1550 3401 1597 nostra
3421 1556 3535 1597 non
3565 1539 3709 1595 dese-

2128 1644 2219 1709 rit,
2234 1651 2291 1697 ut
2312 1639 2621 1696 instructior
2646 1636 2907 1706 reddaris,
2920 1636 3046 1692 dum
3072 1634 3206 1689 infra
3227 1634 3445 1705 scriptis
3462 1633 3709 1688 brevibus

2131 1735 2345 1792 deﬁnita
2366 1731 2687 1802 susceperis.
2720 1729 2951 1785 Proinde
2973 1728 3238 1784 ordinatio
3266 1738 3455 1783 nostra
3475 1726 3608 1781 nulli
3634 1727 3710 1781 vi-

450 1822 795 1893 asperitatem
847 1836 1065 1876 casuum
1088 1820 1296 1889 mitiget
1316 1819 1512 1874 lenitas
1551 1819 1874 1887 jussionum.
1909 1812 2028 1869 Non
2063 1853 2109 1913 Β
2134 1828 2248 1884 deri
2274 1826 2433 1882 debet
2462 1825 2689 1893 ingrata,
2721 1838 2845 1877 cum
2872 1821 3167 1876 necessitas
3197 1820 3459 1890 temporis
3496 1826 3707 1875 excuset

450 1917 591 1972 enim
615 1915 844 1971 sentitur
858 1914 1275 1980 incommodum,
1297 1914 1343 1969 si
1368 1914 1510 1983 quod
1532 1928 1629 1985 per
1650 1914 2028 1967 adversitatem

450 2015 663 2063 constat
684 2022 1024 2078 oppressum,
1067 2021 1325 2062 concessa
1371 2004 1701 2075 prosperitas
1730 2003 2029 2059 ostenderit

450 2100 809 2155 sublevatum.
832 2096 1135 2169 Siliquatici
1162 2111 1396 2166 namque
1424 2098 1845 2165 prmstationem,
1870 2108 2031 2163 quam

449 2190 612 2245 rebus
634 2190 884 2245 omnibus
913 2187 1269 2243 nundinandis
1289 2185 1511 2258 provida
1538 2183 1778 2240 deﬁnivit
1798 2184 2031 2252 antiqui-

451 2286 555 2343 tas,
586 2278 642 2331 in
661 2276 960 2343 frumentis,
992 2278 1119 2332 vino
1148 2284 1204 2331 et
1224 2277 1344 2332 oleo
1366 2277 1481 2330 dari
1509 2276 1758 2346 praesenti
1790 2284 2033 2346 tempore

451 2385 562 2425 non
583 2368 853 2439 iubemus,
878 2378 938 2424 ut
957 2370 1071 2424 haec
1095 2370 1347 2424 remissio
1377 2369 1657 2424 solutionis
1681 2370 1891 2439 copiam
1915 2385 2033 2439 pos-

450 2461 523 2515 sit
540 2468 797 2530 praastare
826 2461 1135 2530 provinciis,
1165 2468 1221 2515 et
1243 2460 1510 2530 respirent
1538 2461 1885 2531 aliquatenus
1906 2458 2033 2515 fessi

451 2549 732 2620 praesentis
758 2549 1073 2606 salubritate
1097 2549 1316 2606 decreti.
1342 2549 1473 2617 Quis
1515 2550 1658 2605 enim
1698 2550 1765 2605 ad
1794 2549 2034 2605 venden«

456 2640 585 2695 dum
613 2656 722 2697 non
748 2642 1000 2699 incitetur
1044 2641 1263 2711 largius,
1294 2642 1381 2698 cui
1409 2641 1567 2697 solita
1599 2640 1877 2712 dispendia
1906 2641 2033 2697 sub—

461 2731 779 2788 trahuntur?
805 2731 999 2788 Portus
1026 2741 1242 2790 nostros
1291 2734 1445 2789 navis
1471 2733 1691 2789 veniens
1729 2748 1837 2789 non
1865 2747 2032 2803 pave-

459 2832 595 2892 scat,
611 2833 673 2881 ut
696 2834 903 2881 certum
929 2824 1105 2881 nautis
1124 2825 1294 2896 possit
1321 2840 1440 2882 esse
1458 2824 1739 2894 refugium,
1770 2825 1818 2880 si
1842 2839 2033 2882 manus

452 2930 563 2971 non
583 2917 910 2973 incurrerint
929 2918 1278 2988 exigentium,
1318 2932 1456 2988 quos
1474 2917 1784 2987 frequenter
1811 2917 1930 2987 plus
1954 2917 2033 2971 af-

450 3004 640 3076 ﬂigunt
668 3008 865 3064 damna
889 3023 1050 3079 quam
1074 3009 1251 3065 solent
1277 3008 1481 3065 nudare
1507 3009 1804 3079 naufragia.
1822 3007 1904 3063 Sit
1926 3008 2033 3064 hoc

449 3097 673 3156 forsitan
719 3102 817 3158 sub
866 3102 1048 3172 quiete
1073 3102 1431 3167 tolerandum,
1483 3117 1626 3159 nunc
1655 3110 1858 3169 autem,
1905 3100 2033 3155 dum

451 3192 870 3261 provincialibus
916 3202 1171 3264 praestare
1198 3194 1464 3265 cupimus,
1492 3194 1753 3251 mercium
1800 3192 2032 3251 dominis

451 3280 665 3338 interim
693 3284 1056 3340 consulamus.

1007 3373 1340 3431 EPISTOLA
1374 3374 1491 3433 XX.

632 3476 892 3518 GEIERICB
920 3478 1040 3519 VIRO
1068 3478 1326 3520 SENATORI
1352 3480 1714 3523 TEEODORICUS
1740 3483 1867 3524 IIII.

451 3552 699 3634 Decernit
738 3566 818 3634 ut_
840 3572 999 3634 unum
1017 3559 1200 3634 jugum
1235 3558 1469 3634 ecclesire
1490 3556 1782 3616 Constantii
1808 3562 2035 3634 episcopi

524 3625 715 3708 pietate
738 3625 1031 3708 principum
1057 3625 1301 3683 collatum
1339 3638 1389 3684 et
1415 3628 1480 3688 ab
1521 3625 1915 3706 usurpatoribus
1944 3625 2034 3690 de-

528 3703 741 3766 tentum,
774 3703 1092 3754 restituatur.

525 3786 584 3843 Si
611 3787 980 3846 desideramus
1004 3790 1181 3848 locum
1207 3790 1484 3850 beneﬁciis
1511 3794 1774 3867 invenire,
1804 3804 1866 3853 ut
1895 3797 2028 3853 titu-

455 3881 536 3937 los
562 3880 827 3951 possimus
856 3891 1053 3937 nostra:
1104 3882 1323 3953 pietatis
1343 3886 1572 3957 erigere,
1615 3895 1820 3958 quanto
1860 3889 2034 3959 magis

453 3973 628 4043 aliena
656 3972 911 4029 beneﬁcia
940 3975 1138 4030 intacta
1149 3975 1397 4033 volumus
1428 3975 1661 4046 defendi,
1693 3980 1787 4050 qui
1812 3980 2035 4051 propria

455 4064 700 4133 cupimus
723 4074 917 4134 sponte
948 4064 1146 4136 largiri,
1170 4070 1404 4125 maxime
1422 4069 1638 4140 quando
1664 4078 1720 4127 et
1747 4070 1876 4127 illud
1899 4086 2033 4128 con-

454 4156 691 4212 scientia:
718 4166 915 4213 nostra:
943 4160 1242 4229 reponitur,
1260 4161 1405 4231 quod
1429 4162 1497 4219 de
1526 4162 1659 4220 ﬁsco
1686 4164 1787 4221 sub
1813 4165 2035 4235 antiqua

455 4247 794 4303 solemnitate
824 4250 1139 4317 praestatur!
1172 4249 1404 4308 Proinde
1428 4253 1530 4308 viri
1556 4254 1879 4311 venerabilis
1929 4256 2039 4326 epi-

454 4339 603 4407 scopi
647 4337 945 4394 Coustantii
983 4342 1373 4411 supplicatione
1427 4345 1807 4416 comperimus,
1846 4358 2035 4399 sacro-

456 4437 654 4484 sanctae
699 4430 939 4485 ecclesiae
974 4432 1137 4500 ipsius
1182 4449 1345 4489 unum
1371 4434 1579 4505 iugum,
1627 4444 1872 4492 veterum
1902 4436 2039 4507 prin-

456 4522 633 4591 cipum
668 4522 866 4592 pietate
914 4524 1188 4591 collatum,
1220 4534 1277 4582 et
1304 4542 1447 4583 nunc
1474 4528 1835 4597 quorumdam
1882 4544 2038 4585 usur-

2135 1932 2299 1973 onera
2335 1914 2611 1985 jussionis.
2660 1911 2786 1967 Esto
2837 1912 3019 1979 itaque
3068 1910 3134 1964 ad
3162 1910 3400 1979 injuncta
3430 1910 3710 1977 sollicitus,

2132 2012 2256 2081 quia
2276 2010 2402 2065 licet
2424 2008 2496 2063 sit
2522 2021 2734 2076 semper
2754 2004 3070 2068 adhibenda,
3101 2004 3331 2057 maxime
3362 2011 3551 2057 tamen
3574 2004 3716 2058 utilis

2133 2110 2215 2158 est
2240 2102 2292 2155 in
2316 2098 2638 2155 necessitate
2658 2094 2917 2151 custodia.
2938 2094 3158 2150 Parebis
3179 2108 3307 2163 ergo
3329 2096 3714 2160 commonitus,

2133 2202 2193 2249 ut
2212 2193 2290 2248 sic
2314 2192 2484 2263 possis
2507 2206 2628 2245 cum
2647 2187 3061 2259 provincialibus
3080 2202 3239 2257 agere
3258 2188 3713 2258 quemadmodum

2134 2300 2234 2339 nos
2262 2284 2339 2339 eis
2361 2282 2585 2353 respicis
2610 2281 2747 2335 velle
2787 2287 3057 2350 praestare,
3108 2288 3373 2350 quatenus
3398 2296 3625 2337 securus
3651 2281 3713 2336 de

2134 2382 2319 2430 nostra
2343 2373 2513 2444 gratia
2542 2371 2907 2441 consequaris,
2935 2370 3190 2441 quidquid
3216 2371 3483 2429 sollicitus
3506 2372 3576 2428 de
3592 2388 3712 2444 pra-

2134 2482 2204 2523 vo
2223 2464 2397 2523 studio
2427 2464 2629 2521 habere
2652 2464 3057 2533 contempseris.

2662 2600 2993 2657 EPISTOLA
3010 2599 3170 2657 XXII.

2135 2710 2394 2755 Αιωοωαο
2437 2709 2563 2754 πιο
2591 2708 2855 2760 ILLUSTRI,
2888 2708 3180 2753 PMPEC’I‘O
3219 2710 3389 2766 URBIS,
3423 2712 3709 2755 TBEODORI'

2801 2782 2895 2823 CUS
2923 2782 3049 2821 REX.

2116 2879 2341 2937 Narrat
2368 2898 2424 2936 se
2452 2881 2514 2936 ab
2538 2897 2598 2936 eo
2619 2881 2876 2953 accepisse
2896 2878 3146 2935 Basilium
3164 2890 3312 2953 atque
3338 2879 3707 2935 Praetextatus!

2205 2952 2525 3024 magicamm
2551 2954 2741 3024 artium
2790 2952 2947 3022 fuisse
2968 2952 3256 3016 accusatos,
3287 2962 3335 3007 et
3378 2953 3617 3006 decernit
3660 2961 3708 3005 ut

2203 3023 2425 3096 quinque
2446 3023 2769 3096 senatoribus
2792 3038 2964 3096 secum
2998 3025 3293 3096 assumptis,
3326 3023 3569 3096 adhibito
3599 3040 3710 3092 quo-

2206 3042 2425 3147 qumZue
2446 3042 2769 3076 senatorwus
2792 3042 2964 3075 secum
2998 3042 3293 3092 assumptis,
3326 3042 3569 3076 aauumo
3599 3042 3710 3092 quo-

2206 3112 2303 3164 que
2371 3095 2574 3165 rigerno
2600 3094 2799 3157 comite,
2831 3093 2962 3166 hanc
3006 3109 3216 3146 causam
3237 3094 3371 3166 juris
3417 3094 3608 3166 ordine
3633 3110 3714 3166 cs-

2207 3166 2398 3220 stodito
2424 3164 2703 3226 examinet,
2731 3173 2780 3217 et
2817 3165 2863 3217 si
2912 3179 3026 3219 reos
3055 3164 3415 3235 compererint,
3448 3164 3625 3236 legum
3652 3164 3715 3216 del

2058 3239 2107 3305 C
2205 3237 2474 3291 strictione
2495 3236 2742 3307 plectant.

2207 3325 2561 3382 lntolerahilis
2586 3340 2841 3381 excessus
2868 3332 2951 3381 est
2972 3335 3021 3391 ο,
3041 3325 3134 3397 qui
3155 3339 3401 3396 superna;
3422 3324 3715 3395 maiestatis

2136 3416 2354 3474 affectat
2372 3416 2642 3487 injuriam,
2666 3425 2719 3472 et
2739 3415 2937 3472 oblitus
2964 3416 3203 3487 pietatis,
3229 3402 3471 3472 crudelia
3489 3426 3717 3475 sectam

2137 3509 2357 3568 erroris.
2387 3508 2556 3575 Quem
2578 3507 2723 3565 enim
2764 3509 3000 3579 speravit
3027 3508 3198 3565 veniae
3223 3508 3426 3575 locum,
3451 3510 3539 3579 qui
3561 3523 3716 3565 reve-

2136 3606 2362 3663 rendum
2412 3604 2736 3676 contempsit
2785 3593 3104 3660 auctorem?
3152 3603 3421 3659 Abscedat
3480 3603 3615 3658 ritus
3655 3602 3721 3657 de

2136 3698 2318 3755 medio
2336 3698 2445 3767 jam
2472 3696 2764 3766 profanus;
2812 3695 3143 3751 couticescat
3185 3694 3400 3767 pmnale
3426 3709 3675 3750 murmur
3696 3704 3719 3733 ε

2138 3790 2458 3845 animarum.
2493 3786 2709 3843 Versari
2736 3801 2842 3843 non
2868 3787 2997 3843 licet
3020 3787 3073 3843 in
3103 3788 3325 3856 magicis
3352 3787 3561 3842 artibus
3591 3795 3722 3842 tem-

2135 3881 2356 3953 poribus
2383 3878 2700 3937 Christianis
2722 3878 2883 3953 (Vide
2906 3879 3100 3937 Baron.
3127 3880 3197 3935 ad
3223 3898 3318 3936 an.
3340 3880 3539 3935 Christi
3571 3879 3718 3950 504).

2136 3974 2515 4046 Magnitudinis
2543 3974 2727 4045 itaque
2752 3981 2859 4029 tuae
2882 3974 3145 4030 relatione
3173 3975 3540 4046 comperimus
3572 3973 3719 4029 Basi-

2136 4065 2265 4121 lium
2293 4072 2455 4136 atque
2487 4063 2888 4133 Praetextatum,
2920 4066 3051 4121 artis
3093 4067 3321 4121 sinistra:
3354 4065 3565 4135 jamdiu
3594 4082 3718 4121 con-

2138 4161 2353 4231 tagione
2375 4158 2633 4231 pollutos,
2653 4159 2708 4214 in
2728 4160 3128 4216 accusationem
3152 4161 3227 4214 tui
3247 4160 3512 4215 examinis
3540 4174 3719 4230 perso-

2136 4268 2329 4310 narum
2357 4250 2657 4306 intentione
2685 4248 2964 4305 deductos.
2982 4248 3161 4321 Super
3183 4266 3289 4319 qua
3317 4265 3376 4306 re
3406 4248 3648 4305 nostram
3671 4258 3719 4303 te

2138 4342 2335 4401 asseris
2354 4348 2599 4411 spectare
2617 4340 2645 4379 ά
2663 4341 3004 4405 sententiam,
3021 4349 3080 4396 ut
3095 4340 3457 4397 conﬁdentius
3474 4338 3719 4412 ﬁatquod

2136 4434 2352 4507 pietatis
2371 4442 2568 4490 nostrae
2595 4433 2814 4489 mandat
2856 4436 3165 4490 auctoritas.
3215 4433 3324 4490 Sed
3348 4451 3467 4501 nos,
3514 4435 3609 4505 qui
3639 4448 3721 4489 ne-

2138 4526 2338 4583 scimus
2366 4540 2399 4581 a
2424 4525 2629 4594 legibus
2648 4524 3225 4597 discrepare,quorum
3242 4526 3392 4583 cordi
3420 4534 3508 4582 est
3537 4526 3591 4580 in
3620 4542 3720 4582 om

458 4611 675 4685 patione
721 4612 955 4669 violenta
999 4616 1238 4672 retineri.
1274 4616 1379 4673 Sed
1418 4621 1543 4688 quia
1572 4636 1673 4676 nos
1698 4620 1781 4675 uti
1826 4619 2032 4675 nullum
2060 4632 2115 4693 1)
2139 4618 2296 4676 nibus
2318 4617 2651 4674 moderatam
2682 4626 2866 4674 tenere
2885 4618 3166 4688 justitiam,
3207 4620 3459 4691 presenti
3479 4619 3717 4675 auctori.

458 4701 705 4759 volumus
730 4701 1005 4759 fraudibus
1030 4706 1157 4772 suis,
1181 4707 1476 4776 praesertim
1505 4724 1630 4765 cum
1670 4708 1726 4763 in
1754 4708 2034 4779 dispendio

534 4895 566 4958 ἰγ
586 4884 677 4943 Sic
704 4888 758 4943 in
788 4887 993 4957 legibus
1021 4887 1440 4958 Wisigotharum
1478 4891 1572 4947 lib.
1617 4906 1690 4957 ιν,
1722 4892 1805 4946 tit.
1838 4890 1892 4945 6.
1924 4892 2039 4949 Deo

456 4957 638 5032 potius
664 4958 983 5032 vindicanda
1032 4957 1397 5032 relinquimus,
1429 4977 1593 5032 quam
1622 4971 1810 5018 nostro
1834 4963 2039 5018 rescin-

459 5026 631 5097 denda
656 5029 854 5097 judicio
882 5026 1335 5088 definimus-Jun.

530 5095 702 5173 bTota
731 5100 844 5173 hinc
863 5101 1086 5173 epistola
1113 5103 1287 5158 estde
1314 5110 1430 5158 arte
1457 5106 1757 5172 magica,et
1778 5103 1830 5157 in
1853 5118 2039 5173 magos

454 5165 1027 5248 dandosuessejudices
1055 5171 1310 5248 declarat,
1329 5165 1603 5248 quoniam,
1635 5165 1826 5248 inquit,
1857 5165 2030 5248 versa-

452 5239 501 5312 tj
524 5252 629 5291 non
657 5239 783 5295 licet
812 5243 863 5295 in
887 5242 1107 5311 magicis
1123 5245 1326 5297 artibus
1345 5239 1678 5312 temporibus
1689 5239 2022 5300 Christianis.

453 5303 795 5389 cum-autem
843 5303 1003 5389 magi'
1028 5316 1166 5383 apud
1198 5313 1401 5389 Persas,
1422 5303 1757 5385 potissimum
1805 5316 2029 5371 deorum

453 5377 617 5432 cultui
662 5396 854 5437 vacare
899 5377 1152 5446 solerent,
1206 5385 1258 5437 in
1293 5377 1497 5439 tantum
1544 5393 1731 5454 postea
1762 5395 1915 5440 aucta
1946 5394 2030 5442 est

452 5462 638 5527 eorum
668 5454 898 5517 vanitas,
922 5462 979 5527 ut
1008 5470 1113 5508 non
1143 5455 1315 5527 solum
1340 5456 1717 5527 observatione
1746 5457 1853 5527 67
1883 5457 2027 5512 side-

450 5520 770 5601 ru‘nifutura
805 5524 1115 5601 praedicare,
1132 5525 1236 5601 sed
1263 5526 1468 5601 artibus
1493 5520 1890 5601 quibusdaﬁfet
1911 5543 2026 5581 ma-

451 5585 639 5712 ltﬁliciié
667 5600 723 5645 et
758 5585 895 5649 scire
919 5609 978 5649 se
1000 5585 1201 5663 omnia,
1231 5606 1287 5651 et
1324 5585 1683 5667 facere-posse
1701 5595 2025 5668 proﬁteren-

514 5675 559 5712 r.
642 5676 786 5712 uoss.

477 5673 559 5714 ur.
600 5673 786 5717 [58088.

529 5740 550 5767 ο
580 5727 912 5810 ρυειίηἱαηυε
956 5736 1151 5810 novell.
1202 5735 1325 5803 “5,
1369 5742 1602 5810 γοητείαν
1646 5738 1797 5804 dixit,
1850 5739 1900 5793 id
1948 5746 2030 5795 est

453 5808 690 5885 magicos
734 5818 999 5885 susurros,
1032 5808 1323 5885 lintei-preti;
1360 5808 1593 5885 Quliano,
1632 5812 1722 5885 qui
1750 5812 1882 5885 ﬁunt
1909 5826 2025 5865 ma-

455 5868 611 5926 nibus
639 5873 843 5941 accitis,
873 5875 911 5929 l.
942 5868 996 5941 6,
1027 5875 1087 5932 C.
1122 5868 1190 5934 de
1214 5880 1441 5937 maleﬁc.
1470 5889 1527 5939 et
1569 5868 1826 5949 inmitem.
1856 5882 2028 5940 Aure-

2142 4717 2254 4766 tate
2272 4707 2609 4766 decernimus
2627 4716 2688 4765 ut
2709 4709 2946 4782 quinque
2970 4710 3311 4769 senatoribus
3332 4722 3381 4777 ο,
3404 4709 3457 4766 id
3494 4721 3584 4767 est
3609 4725 3719 4765 ma-

2141 4890 2245 4950 lius
2274 4891 2598 4951 Prudentius
2642 4894 2736 4952 lib.
2766 4911 2786 4953 ι
2813 4904 3002 4953 contra
3029 4896 3341 4971 Symmachi
3378 4896 3718 4965 relationem,

2294 5004 2547 5077 Ilurmure
2570 5019 2679 5077 nam
2697 5008 2886 5077 magico
2904 5015 3084 5077 tenues
3106 5011 3279 5077 excire
3298 5012 3499 5077 ﬁguras,

2293 5067 2458 5129 Atque
2480 5067 2936 5131 sepulcrales'scire
2960 5073 3206 5121 incantare
3226 5067 3425 5123 favillas.

2176 5173 2483 5249 rCedrenus
2527 5177 2603 5250 de
2622 5176 2891 5250 Apollonii
2917 5178 3439 5250 Tyanzeiprmstigiis
3465 5191 3592 5248 pag.
3632 5176 3718 5242 33,

2135 5248 2365 5320 ’γόητείαν
2407 5250 2473 5303 ab
2500 5247 2705 5318 ejulatu
2733 5248 2801 5302 ad
2842 5247 3086 5317 sepulcra
3115 5247 3356 5313 deducit,
3405 5247 3602 5319 nempe
3626 5249 3721 5303 ἀπὸ

2136 5326 2233 5372 τῶν
2279 5321 2431 5395 γόων,
2476 5323 2559 5395 xuii
2598 5322 2785 5395 ρρήνων
2824 5327 2930 5395 ’τῶνΔ
2960 5323 3472 5395 περὶ-τῴς-Αῖαφοὺς
3520 5321 3720 5395 reicio

2136 5388 2351 5511 ἓοιαῦλτα
2375 5388 2732 5448 ἑπιτηδεύόνσι
2758 5388 3044 5463 quaepiam,
3090 5390 3227 5446 infra
3254 5388 3366 5446 lib;
3390 5407 3467 5457 1x,
3516 5407 3607 5461 ep.
3634 5388 3719 5442 18.

2181 5474 2377 5511 011mm.

2181 5474 2377 5513 ORNER.

2210 5536 2233 5564 α
2268 5530 2517 5599 Spectare
2554 5546 2657 5603 pro
2694 5538 3024 5603 aspectare:
3047 5539 3109 5587 ut
3134 5538 3343 5603 contra,
3376 5537 3717 5603 exspectant,

2136 5615 2236 5666 pro
2266 5609 2531 5669 spectant,
2557 5600 2593 5655 l.
2628 5602 2679 5665 5,
2704 5602 2765 5657 C.
2789 5600 2858 5655 de
2887 5602 3002 5657 red.
3036 5612 3141 5661 act.
3168 5602 3323 5659 Paul.
3349 5604 3443 5659 lib.
3476 5600 3515 5668 i,
3551 5606 3632 5658 tit.
3654 5600 3716 5668 9;

2133 5670 2224 5725 lib.
2257 5686 2309 5729 ν.
2342 5671 2425 5725 tit.
2455 5672 2507 5735 6,
2532 5670 2781 5727 Sentent.
2812 5670 2981 5728 Fons.

2152 5752 2153 5755 ‘
2208 5749 2230 5777 ε
2262 5739 2629 5814 Theudoricus
2676 5744 2779 5799 hoc
2827 5742 2947 5799 loco
2987 5744 3142 5814 jubet
3170 5744 3477 5814 Argolicum
3532 5741 3717 5814 prafee

2130 5810 2457 5884 ctumgillrbi,
2485 5814 2722 5884 quinque
2751 5810 3089 5871 senatoribus
3114 5810 3387 5884 adhibitis,
3407 5817 3475 5872 de
3496 5810 3716 5871 crimine

2129 5881 2313 5939 Basilii
2335 5891 2498 5954 atque
2527 5881 2838 5942 Praetextati
2866 5892 3215 5956 cognoscere,
3273 5881 3380 5957 qui
3409 5888 3542 5945 artis
3586 5884 3713 5943 sini-
