3958 6456
237 361 351 422 625

1546 364 1900 425 VARIARUM
1938 362 2143 422 LIBER
2177 365 2270 423 IV.
2296 396 2297 399 η

3440 368 3545 428 626

239 477 463 550 gniﬁcis
488 488 547 538 et
557 480 801 553 patriciis
827 480 1533 556 viris,Symmacho,Decio,
1555 481 1850 541 Volusiano
1878 482 1933 546 Α
1955 481 2175 552 squalor
2200 484 2481 540 vetustatis
2503 485 2851 558 obnupserat,
2880 485 3224 559 splendorem
3247 487 3546 558 reparatio-

244 577 417 641 atque
436 569 705 641 Cteliano,
729 589 831 630 nec
851 589 960 630 non
986 575 1177 630 illustri
1202 576 1316 630 viro
1341 573 1686 642 Maximiano,
1710 575 1854 630 hanc

250 678 483 721 causam
513 666 752 735 legitima
774 667 1173 724 examinatione
1214 667 1471 739 pensetis.
1503 665 1572 722 Et
1598 681 1695 738 per
1731 682 1853 722 om-

245 757 341 813 nia
360 757 508 828 juris
531 758 721 816 ordine
744 760 1036 826 custodito,
1075 760 1121 815 si
1160 759 1375 816 crimen
1394 759 1541 829 quod
1560 760 1854 815 intenditur

246 848 418 906 fuerit
446 853 885 924 comprobatum,
923 854 1160 925 ipsarum
1189 866 1408 923 quoque
1434 851 1613 920 legum
1641 850 1852 907 distric-

247 942 403 1000 tione
437 945 745 1018 plectatur,
774 954 835 1001 ut
879 946 957 1002 rei
985 946 1149 1002 abditi
1196 954 1361 1015 atque
1401 944 1597 1001 secreti
1624 959 1723 1015 per
1747 943 1855 1000 hoc

246 1036 513 1092 vindictae
560 1050 731 1106 genus
782 1053 815 1093 a
864 1038 1035 1109 culpis
1060 1038 1258 1093 talibus
1280 1044 1585 1102 arceantur,
1617 1050 1754 1105 quos
1782 1034 1853 1091 ad

246 1128 399 1197 leges
450 1129 678 1186 trahere
724 1146 832 1186 non
862 1138 1041 1201 potest
1087 1131 1293 1186 incerta
1318 1128 1529 1191 notitia.
1554 1128 1631 1184 De
1659 1144 1765 1200 qua
1792 1142 1853 1185 re

246 1220 450 1278 illustri
477 1224 603 1278 viro
628 1224 813 1279 comiti
839 1222 1103 1293 Arigerno
1149 1232 1420 1295 praecepta
1447 1222 1761 1290 direximus,
1792 1231 1854 1279 "ut

247 1316 506 1370 omnium
530 1317 764 1372 violenta
794 1316 1108 1373 defensione
1127 1319 1399 1383 submota,
1425 1316 1471 1373 si
1495 1332 1554 1373 se
1576 1317 1850 1385 occulunt,

247 1406 316 1461 ad
360 1406 635 1476 judicium
692 1410 972 1479 protrahat
1001 1410 1277 1480 impetitos
1302 1418 1349 1475 ι,
1404 1416 1461 1464 et
1487 1408 1769 1464 vobiscum
1798 1408 1854 1464 in

247 1498 354 1554 hac
384 1515 555 1555 causa
581 1501 841 1568 residens,
869 1516 971 1557 nec
994 1501 1230 1571 opprimi
1259 1499 1423 1556 faciat
1449 1498 1718 1565 innoxios,
1751 1513 1853 1556 nec

246 1592 401 1664 leges
427 1596 574 1653 sinat
603 1597 835 1654 evadere
861 1597 1202 1653 criminosos.

763 1746 1099 1803 EPISTOLA
1137 1745 1306 1802 XXIII
1323 1746 1373 1802 b.

283 1853 562 1895 ARIGEBNO
589 1855 713 1896 VIRO
741 1856 1004 1905 ILLUSTRI,
1038 1855 1240 1907 COIITI,
1271 1852 1640 1893 THEODOBICUS
1667 1852 1793 1893 REX.

246 1925 512 2000 Pracipit
557 1940 612 1983 ut
662 1930 916 1985 Basiliam
953 1941 1003 1985 et
1048 1930 1425 1985 Prtetextatum
1468 1933 1686 2002 magicae
1723 1930 1849 2002 artis

320 2002 659 2073 insimulatus
688 2013 753 2055 .et
786 2004 905 2073 fuga
933 2006 1137 2073 elapsos
1166 2011 1386 2073 quierat,
1426 2010 1476 2055 et
1524 2000 1751 2072 repertos
1782 2000 1851 2055 ad

314 2072 585 2213 judicia?
609 2073 989 2142 quinquevirate
1012 2072 1185 2139 ducat,
1218 2090 1315 2145 quo
1337 2088 1546 2128 causam
1567 2082 1708 2126 curet
1738 2073 1847 2127 dis-

322 2151 435 2194 cuti
465 2150 513 2195 et
582 2145 706 2197 niri.

322 2145 436 2194 cuti
465 2150 513 2195 et
544 2145 706 2197 ﬁniri.

322 2230 591 2297 Quamvis
620 2242 867 2304 oporteat
897 2235 1238 2290 commissam
1267 2235 1365 2291 tibi
1384 2236 1720 2306 disciplinam
1741 2234 1853 2291 Ro-

245 2337 431 2378 manae
452 2326 684 2381 civitatis
704 2326 759 2381 in
782 2326 1031 2383 omnibus
1050 2327 1326 2393 custodiri,
1353 2336 1530 2382 tamen
1558 2327 1615 2383 in
1641 2328 1721 2382 eis
1742 2341 1854 2382 ma-

246 2418 403 2472 xime
446 2418 738 2474 studiosior
772 2434 892 2475 esse
942 2420 1137 2489 debes,
1167 2435 1286 2489 quae
1316 2428 1500 2475 nostra
1531 2420 1625 2475 tibi
1666 2426 1854 2476 aucto-

248 2510 418 2564 ritate
449 2510 693 2579 delegata
719 2513 1033 2581 cognoscis;
1062 2521 1119 2568 ut
1146 2514 1287 2568 circa
1318 2521 1372 2568 te
1400 2520 1595 2583 augeat
1623 2513 1854 2583 gratiam

249 2600 530 2655 custodita
563 2601 788 2671 justitia,
819 2610 872 2656 et
916 2611 1205 2673 augmenta
1234 2620 1414 2659 sumas
1443 2604 1613 2659 nostri
1639 2603 1849 2673 judicii,

250 2695 344 2763 qui
376 2694 534 2747 nobis
564 2694 829 2750 hactenus
848 2695 914 2751 de
937 2697 1247 2765 integritate
1269 2699 1536 2767 placuisti.
1562 2697 1855 2756 Praefectus

250 2787 423 2856 igitur
454 2785 610 2841 Urbis
637 2801 734 2841 sua
780 2789 935 2842 nobis
956 2790 1220 2844 relatione
1249 2790 1563 2856 declaravit,
1597 2791 1854 2848 Basilium

252 2886 423 2947 atque
450 2878 829 2934 Prtetextatum
859 2881 1083 2949 magicis
1110 2882 1317 2936 artibus
1346 2882 1635 2946 involutos,
1668 2884 1856 2954 impeti

251 2972 611 3027 accusatione
658 2971 970 3036 multorum,
1010 2987 1147 3042 quos
1178 2973 1391 3042 elapsos
1420 2973 1631 3027 intimat
1660 2975 1855 3030 mentis

253 3063 592 3139 alienatione
619 3065 925 3119 custodum.
951 3064 1059 3119 Eos
1100 3073 1152 3119 te
1182 3065 1523 3136 praecipimus
1552 3066 1856 3137 ubicunque

255 3164 512 3223 repertos
541 3154 606 3209 ad
642 3154 900 3223 judicium
942 3157 1350 3226 quinquevirale
1380 3156 1596 3225 ducere,
1628 3158 1772 3228 quod
1800 3160 1856 3215 iu

256 3244 520 3315 praesmti
548 3246 767 3315 negotio
798 3255 979 3301 nostra
1027 3247 1294 3315 delegavit
1323 3249 1636 3311 auctoritas.
1663 3250 1751 3305 ubi
1802 3258 1858 3307 te

188 3414 189 3417 η
254 3334 505 3392 residere
532 3351 843 3402 censemus;
888 3346 946 3392 ut
985 3338 1220 3392 violenta
1271 3341 1510 3395 omnium
1545 3339 1859 3398 defensione

254 3429 537 3497 submota,
563 3428 705 3483 hanc
734 3443 950 3483 causam
972 3428 1167 3485 discuti
1190 3430 1359 3488 facias
1384 3432 1593 3501 legibus
1615 3444 1670 3489 et
1696 3432 1855 3491 ﬁniri.

257 3521 330 3577 Et
358 3522 408 3579 si
436 3522 516 3577 rei
556 3522 814 3589 criminis,
845 3522 997 3593 cujus
1025 3525 1381 3596 impetuntur,
1434 3527 1634 3584 fuerint
1662 3545 1862 3600 appro-

258 3613 399 3680 bati,
429 3615 752 3670 sententiam
778 3616 1025 3684 subeant,
1064 3631 1226 3687 quam
1258 3617 1395 3687 juris
1423 3617 1642 3674 deﬁnita
1666 3635 1861 3677 sanxe-

261 3718 410 3765 runt.
444 3708 502 3765 Si
530 3725 659 3766 vero
705 3712 1015 3767 innocentia
1069 3727 1257 3767 eorum
1286 3712 1587 3768 detestabili
1616 3715 1860 3785 pulsatur

262 3801 491 3871 invidia,
541 3803 771 3873 opprimi
799 3818 894 3858 eos
942 3803 1085 3858 nulla
1112 3804 1327 3860 ratione
1362 3805 1622 3873 patiaris:
1655 3806 1780 3877 quia
1803 3806 1860 3863 in

264 3893 523 3948 omnibus
551 3893 745 3959 causis,
778 3892 1211 3948 consideratione
1240 3893 1440 3957 divina,
1458 3893 1591 3949 illud
1621 3893 1738 3950 ﬁeri
1763 3911 1860 3953 vo-

264 3981 470 4052 lumus,
494 3983 637 4057 quod
664 3983 971 4056 opinionem
998 3994 1197 4041 nostrae
1221 3986 1436 4056 pietatis
1460 3986 1787 4043 accumulat.

781 4121 1115 4179 EPISTOLA
1149 4122 1339 4179 XXIV.

336 4220 559 4273 nemo
578 4217 714 4291 [atii,
730 4217 993 4290 assmulo]
1020 4234 1247 4273 nucono
1270 4233 1633 4274 runonomcus
1658 4234 1787 4275 nux.

266 4306 520 4382 Concedit
544 4311 841 4382 facultatem
861 4310 1159 4381 (ediﬁcandi
1183 4310 1487 4381 quibusdam
1509 4312 1564 4364 in
1584 4310 1708 4382 locis
1731 4309 1864 4382 Spo-

334 4380 516 4453 letina:
545 4382 764 4435 civitatis
784 4381 899 4452 jam
922 4390 1170 4435 vetustate
1189 4380 1455 4453 Confectis,
1481 4381 1633 4436 modo
1656 4380 1861 4452 publica

333 4452 459 4506 usui
488 4467 593 4505 non
623 4452 934 4507 deserviant.

332 4543 397 4598 In
430 4542 637 4598 lucrum
657 4543 855 4600 cedunt
875 4557 993 4613 quze
1024 4542 1373 4598 benemeritis
1392 4542 1775 4610 conferuntur;
1807 4552 1864 4601 et

267 4635 333 4691 de
358 4626 485 4706 ipso
510 4650 734 4691 munere
771 4637 942 4704 magis
970 4634 1283 4707 acquiritur,
1314 4650 1437 4690 cum
1458 4634 1677 4705 optimis
1700 4635 1859 4706 digna
1890 4660 1936 4720 ι)

267 4736 611 4796 prtestantur.
648 4726 929 4783 Petitionis
968 4737 1074 4782 tua:
1104 4725 1329 4797 proinde
1358 4733 1549 4781 tenore
1591 4727 1859 4797 comperi-

269 4832 413 4886 mus,
442 4818 562 4876 loca
604 4819 660 4876 in
687 4817 965 4891 Spoletina
990 4818 1228 4889 civitate,
1267 4832 1387 4889 quas
1419 4816 1532 4889 jam
1560 4816 1721 4890 longo
1749 4818 1857 4875 situ

1626 4920 1661 4959 Ι

270 5004 417 5063 atrae,
465 4995 520 5052 id
547 5003 632 5052 est
656 4996 878 5067 magicae
914 4997 994 5054 rei
1020 4995 1422 5067 deferebantur.
1451 4996 1861 5054 Valentinianus

272 5069 456 5133 etiam,
485 5074 542 5122 et
568 5066 767 5125 Valens
794 5070 847 5124 in
867 5068 904 5125 l.
928 5068 993 5124 IO
1012 5066 1075 5123 C.
1100 5066 1311 5124 Theod.
1344 5068 1412 5125 de
1432 5068 1709 5133 maleﬁcis,
1736 5070 1860 5133 quia

272 5152 339 5194 ex
387 5138 577 5194 ordine
623 5140 897 5196 senatorio
962 5137 1351 5195 maleﬁciorum
1398 5140 1598 5195 invidia
1640 5137 1860 5196 quidam

272 5209 693 5280 stringebantur,
732 5210 853 5265 ideo
900 5210 990 5265 illa
1020 5211 1234 5280 negotia
1283 5211 1501 5266 urbanae
1531 5209 1861 5280 praefecturae

273 5278 607 5352 discutienda
633 5282 910 5352 remittere
935 5296 1055 5352 sese
1077 5278 1324 5352 inquiunt
1345 5298 1363 5335 :
1394 5278 1549 5352 quod
1569 5280 1616 5352 si
1644 5280 1859 5352 quando

274 5349 535 5422 ejusmodi
556 5351 787 5422 quaestio
814 5351 1093 5416 incideret,
1126 5349 1248 5422 quae
1275 5349 1559 5406 commode
1588 5349 1798 5422 deﬁniri
1828 5365 1860 5404 a

276 5367 535 5418 ejusmout
601 5367 787 5407 uaesuo
814 5367 1093 5416 incideret,
1126 5367 1248 5422 qua:
1275 5367 1559 5406 commoue
1588 5367 1798 5405 ueumri
1828 5367 1854 5404 a

276 5420 528 5490 prmfecto
550 5367 681 5477 δι’ὺί
703 5436 811 5477 non
839 5430 1039 5493 posset,
1064 5422 1130 5493 ad
1151 5422 1448 5493 principem
1471 5420 1854 5493 recurrentium

275 5501 408 5564 erat,
434 5498 495 5547 ut
512 5493 775 5564 liquetiex
797 5490 856 5564 (ιζ
878 5492 915 5548 l.
951 5492 1037 5554 10,
1062 5491 1122 5547 C.
1149 5490 1215 5564 de
1237 5490 1511 5564 maleﬁcis.
1540 5490 1650 5546 Lex
1677 5500 1858 5564 autem

276 5561 460 5616 ultima
499 5561 635 5618 Cod.
666 5563 874 5619 Theod.
912 5564 978 5619 de
1002 5562 1196 5629 jurisd.
1225 5577 1370 5617 omn.
1396 5562 1658 5629 judicum,
1684 5561 1859 5615 nomi-

277 5633 440 5705 natim
466 5642 622 5690 cavet
660 5633 968 5705 prmfectum
1004 5633 1131 5688 Urbi
1172 5648 1279 5705 non
1328 5647 1485 5705 posse
1530 5646 1858 5705 cognoscere

278 5700 343 5755 de
374 5718 534 5760 causa
563 5700 826 5760 criminali
853 5706 1137 5769 senatoris,
1177 5704 1280 5758 nisi
1310 5700 1619 5757 adhibuerit
1645 5704 1697 5758 iu
1727 5717 1858 5758 con-

277 5770 450 5827 silium
481 5776 719 5845 quinquo
745 5786 1025 5829 senatores
1062 5791 1169 5830 non
1199 5776 1421 5838 electos,
1452 5773 1547 5829 sed
1588 5784 1731 5845 sorte
1760 5773 1860 5845 du—

277 5850 428 5917 c_tos,_
458 5861 533 5917 Anc
559 5844 639 5900 de
655 5847 829 5917 Capite
860 5855 1021 5915 atque
1049 5846 1357 5917 innocentia
1391 5845 1613 5900 alterius
1655 5844 1857 5917 judicio

280 5910 434 5976 electi
446 5914 690 5987 judicent
703 5910 801 5986 {et
820 5910 965 5974 addit
987 5916 1042 5973 id
1058 5916 1378 5991 jampridem
1395 5910 1855 5975 statutum'fuisse.

1957 574 2041 629 nis
2066 582 2354 646 expetere;
2404 584 2465 631 ut
2491 577 2653 633 rebus
2680 579 3001 651 antiquitate
3028 580 3267 637 confusis
3292 581 3548 640 novitatis

1954 665 2121 723 facies
2148 666 2328 723 adulta
2350 668 2638 737 reddatur;
2662 678 2718 727 et
2738 671 3003 728 beneﬁcio
3030 680 3124 729 tuo
3146 674 3388 731 rediviva
3408 691 3548 732 cou-

1956 769 2198 829 surgant,
2237 775 2356 831 qua:
2403 764 2709 819 annositate
2738 763 2989 823 inclinata
3020 776 3359 824 corruerant.
3389 767 3551 837 Quod

1955 865 2075 916 nos,
2100 859 2350 923 respectu
2398 855 2712 909 meritorum
2743 862 2980 920 tuorum,
3024 864 3080 911 et
3111 858 3339 929 impensi
3386 861 3549 931 longa

1954 942 2239 1000 sedulitate
2258 944 2484 1013 servitii,
2507 946 2693 1001 libenti
2709 948 2889 1001 animo
2909 946 3158 1003 duximus
3178 950 3545 1020 annuendum,

1956 1043 2019 1090 ut
2038 1042 2094 1090 et
2111 1036 2254 1091 votis
2278 1037 2423 1106 justa
2451 1040 2787 1109 poscentium
2820 1039 3088 1094 tribuatur
3117 1039 3359 1108 eﬁ‘ectus,
3384 1051 3440 1097 et
3466 1043 3549 1099 ci-

1953 1127 2107 1184 vitati
2135 1130 2493 1200 reparationis
2521 1141 2731 1187 crescat
2758 1139 3001 1187 ornatus.
3046 1132 3223 1202 Atque
3250 1133 3371 1189 ideo
3411 1134 3553 1205 peti-

1954 1223 2091 1278 tioni
2135 1232 2240 1278 tua:
2286 1222 2451 1279 robur
2496 1226 2747 1295 praisenti
2796 1225 3130 1281 humanitate
3176 1226 3454 1297 largimur,
3493 1234 3553 1282 ut

1956 1314 2225 1384 portictnn
2264 1329 2387 1369 cum
2408 1315 2590 1371 areola
2618 1324 2740 1386 post
2768 1315 2980 1372 Turasii
3010 1317 3268 1381 thermas,
3293 1318 3340 1372 si
3369 1326 3552 1373 tamen

1957 1404 2173 1476 publico
2200 1415 2223 1443 ο
2259 1406 2378 1461 usui
2417 1422 2526 1461 non
2556 1406 2807 1474 deservit,
2832 1409 3075 1465 absoluta
3107 1411 3431 1467 liberalitate
3452 1425 3538 1481 po-

1956 1498 2108 1553 tiaris
2132 1516 2144 1551 :
2169 1498 2297 1569 quia
2326 1498 2382 1553 in
2408 1498 2682 1554 licentiam
2710 1502 3068 1571 reparationis
3098 1502 3433 1574 accipiuntur
3459 1518 3550 1576 ρος

1955 1591 2063 1645 tius
2104 1589 2325 1660 praemia
2360 1605 2522 1662 quam
2560 1590 2849 1648 donantur.
2882 1591 2995 1648 Hac
3042 1593 3201 1661 igitur
3225 1595 3551 1651 auctoritate

1956 1682 2222 1753 suﬁ‘ultus,
2266 1685 2320 1741 in
2350 1684 2675 1756 supradictis
2712 1685 2848 1743 locis
2889 1685 3181 1742 aediﬁcandi
3231 1703 3383 1743 sume
3410 1687 3549 1743 ﬁdu-

1957 1777 2131 1845 ciam;
2162 1791 2266 1833 nec
2294 1776 2529 1847 aliquam
2559 1776 2909 1848 imposterum
2942 1786 3150 1835 metuas
3173 1778 3549 1849 quaestionem,

1882 1880 1932 1942 Β
1958 1884 2084 1925 cum
2106 1876 2160 1925 te
2189 1878 2245 1925 et
2265 1870 2498 1927 civitatis
2522 1876 2739 1928 tueatur
2766 1871 2987 1940 utilitas,
3034 1881 3090 1928 et
3112 1872 3371 1943 principis
3397 1885 3551 1928 reve-

1956 1962 2123 2019 renda
2152 1962 2421 2020 voluntas.

2479 2118 2816 2177 EPISTOLA
2853 2119 3017 2176 XXV.

2000 2225 2265 2270 ARGOLICO
2291 2226 2417 2269 vnto
2444 2226 2722 2279 ILLUSTRI,
2757 2227 3052 2269 PREFEC’I‘O
3079 2226 3232 2269 URBIS
3260 2226 3506 2269 TBEODO-

2595 2300 2681 2339 ωε
2689 2300 2747 2339 US
2779 2300 2906 2339 REX.

1957 2375 2163 2452 Statuit
2183 2383 2241 2452 ut
2276 2377 2464 2433 Petrus
2482 2394 2677 2452 genere
2698 2377 2870 2432 clarus
2898 2385 2951 2452 _et
2976 2378 3255 2452 senatoria:
3282 2376 3555 2452 dignitatis

2026 2449 2359 2516 candidatus,
2390 2448 2599 2510 voti'sui
2633 2465 2840 2521 compos
2877 2450 2975 2520 ﬁat
3000 2448 3282 2505 secundum
3324 2448 3553 2520 priscam

2028 2522 2468 2577 consuetudinem.

2028 2613 2255 2670 Constat
2281 2631 2402 2670 eum
2432 2615 2500 2672 de
2535 2630 2596 2672 se
2645 2630 2994 2686 prtesumere,
3023 2614 3116 2684 qui
3143 2614 3213 2670 ad
3240 2613 3379 2670 sacri
3408 2612 3555 2669 ordi-

1957 2705 2041 2761 nis
2083 2707 2231 2777 cupit
2269 2706 2478 2776 fastigia
2521 2708 2823 2777 pervenire.
2856 2706 3045 2761 Merita
3085 2707 3229 2761 enim
3258 2711 3555 2777 suggerunt

1958 2798 2115 2853 home
2153 2799 2473 2868 appetentiae
2500 2799 2633 2871 [ed.,
2679 2795 3032 2869 apparentiae]
3061 2797 3228 2863 nisus,
3257 2805 3314 2852 et
3341 2797 3395 2851 in
3422 2810 3555 2866 qua-

1958 2889 2112 2944 litate
2136 2889 2387 2943 desiderii
2433 2897 2614 2958 potest
2669 2904 2822 2943 mens
2860 2890 3088 2943 honesta
3114 2888 3391 2956 cognosci.
3425 2886 3557 2953 Quis

1961 2982 2105 3037 enim
2153 2982 2467 3052 palmstricze
2496 2982 2625 3036 artis
2664 2982 2881 3050 ignarus
2912 2981 2966 3035 in
2995 2980 3229 3035 stadium
3257 2982 3559 3036 luctaturus

1960 3073 2232 3128 introeat?
2261 3073 2368 3126 Aut
2386 3076 2507 3143 quis
2529 3073 2813 3127 certamini
2840 3073 3153 3138 misceatur,
3177 3072 3319 3141 quod
3345 3072 3558 3126 virtutis

1963 3167 2293 3222 conscientia
2323 3181 2430 3221 non
2457 3165 2684 3221 suadet?
2712 3164 2769 3219 In
2798 3165 2929 3235 ipsis
2956 3164 3239 3220 conatibus
3266 3176 3410 3233 mgra
3437 3163 3558 3218 lan-

1885 3277 1932 3344 c
1962 3270 2244 3334 guescunt,
2293 3277 2413 3332 qum
2458 3262 2775 3317 meritorum
2804 3259 3313 3331 prmsumptionibus
3339 3273 3450 3315 non
3473 3258 3561 3328 ju-

1962 3367 2175 3415 vantur.
2230 3356 2633 3412 Praeconiorum
2674 3369 2803 3425 ergo
2831 3353 3101 3426 professio
3128 3361 3232 3420 est,
3272 3352 3562 3423 collegium

1961 3450 2295 3508 desiderasse
2333 3464 2707 3517 summorum;
2752 3448 3066 3517 bonumque
3109 3446 3177 3502 de
3202 3460 3264 3502 se
3295 3444 3564 3516 judicium

1962 3542 2145 3606 tradit,
2177 3544 2268 3612 qui
2300 3542 2459 3598 celsa:
2486 3540 2682 3613 gradus
2727 3541 2936 3611 expetit
2978 3538 3275 3609 dignitatis.
3310 3537 3404 3594 His
3428 3551 3564 3606 ergo

1963 3634 2241 3690 desideriis
2266 3634 2444 3704 pietas
2465 3648 2526 3689 se
2550 3640 2738 3689 nostra
2761 3631 2993 3687 libenter
3007 3630 3267 3700 indulget,
3283 3628 3375 3699 qui
3398 3629 3564 3685 etiam

1963 3727 2020 3783 in
2047 3741 2198 3797 spem
2225 3726 2479 3795 erigimus
2505 3734 2635 3781 vota
2663 3723 2998 3791 marcentia;
3030 3732 3090 3779 ut
3116 3723 3245 3780 dum
3272 3731 3565 3795 provectus

1962 3819 2241 3890 quaeritur,
2272 3818 2555 3889 probitatis
2579 3817 2756 3873 studia
2786 3818 2907 3888 plus
2927 3824 3195 3872 amentur.
3228 3814 3466 3870 Proinde
3492 3814 3563 3870 il-

1961 3908 2145 3965 lustris
2172 3906 2570 3979 magniﬁcentia
2594 3916 2687 3963 tua
2706 3906 2952 3976 Petrum,
2974 3913 3262 3977 parentum
3291 3904 3414 3961 luce
3431 3919 3563 3960 cou-

1963 4001 2228 4072 spicuum,
2262 4014 2466 4070 suaque
2489 4000 2752 4071 gravitate
2785 3998 2898 4070 jam
2940 4004 3270 4063 senatorem,
3296 3995 3350 4049 in
3379 3994 3564 4050 album

1962 4093 2105 4148 sacri
2125 4092 2325 4149 ordinis
2347 4092 2643 4148 secundum
2671 4091 2906 4163 priscam
2932 4088 3379 4147 consuetudinem
3406 4094 3563 4143 curet

1962 4183 2189 4249 referri;
2220 4184 2330 4255 68
2382 4191 2441 4238 ut
2469 4190 2523 4238 et
2551 4190 2704 4237 tanto
2734 4182 2897 4238 coetui
2940 4179 3189 4251 proﬁciat
3206 4193 3482 4247 numerus,
3504 4185 3563 4235 et

1963 4273 2251 4331 candidato
2282 4274 2349 4330 de
2369 4288 2529 4330 sacro
2558 4272 2747 4329 ordine
2775 4282 2988 4330 crescat
3007 4280 3252 4331 ornatus.

2478 4401 2811 4457 EPISTOLA
2849 4401 3039 4459 XXVI.

2012 4510 2283 4552 UNIVEBSIS
2311 4510 2564 4551 κλεειιιωε
2595 4509 2946 4550 CONSTITUTIS
2977 4506 3351 4551 THEODOBICUS
3374 4509 3505 4551 ηπ.

1967 4584 2257 4658 Conﬁrmat
2304 4587 2684 4641 immunitatem
2722 4602 2753 4639 α
2780 4585 3099 4658 principibus
3124 4587 3335 4641 illorum
3358 4588 3560 4658 regioni

2034 4656 2311 4730 collatam,
2358 4665 2408 4712 et
2454 4658 2709 4730 promittit
2755 4656 2810 4730 se
2851 4656 2959 4712 eos
2985 4656 3049 4710 ab
3091 4658 3232 4712 omni
3260 4656 3561 4730 grave—mine

2034 4728 2393 4795 liberaturum,
2422 4728 2726 4799 retaxatque
2750 4728 2824 4782 eis
2854 4743 3065 4783 censum
3116 4728 3387 4799 prementis
3407 4730 3556 4785 anni.

2034 4816 2248 4876 Libenti
2275 4819 2457 4875 animo
2483 4819 2704 4888 antiqua
2732 4817 2877 4875 circa
2901 4834 2999 4874 vos
3026 4817 3289 4875 beneﬁcia
3315 4816 3559 4872 custodio

1966 4995 2110 5054 Sane
2136 4999 2173 5053 l.
2209 4997 2298 5066 15,
2321 4996 2445 5054 eod.
2476 4996 2538 5054 (Ξ.
2573 4995 2780 5052 Theod.
2810 4995 2878 5052 de
2898 5009 3100 5060 accus.,
3125 4991 3557 5066 ostenditetiam

1965 5060 2356 5151 quinquevirali
2387 5067 2594 5151 judicio
2625 5067 2765 5122 ﬁniri
2789 5067 2932 5151 apud
2957 5066 3272 5151 praefectum
3287 5060 3558 5151 Erbicri-

1964 5154 2090 5193 men
2118 5139 2421 5193 institutum
2448 5139 2709 5194 adversus
2750 5146 3079 5203 senatorem,
3131 5142 3385 5203 vetatque
3430 5148 3555 5202 spe-

1964 5216 2139 5264 ctatos
2159 5279 2163 5280 7
2178 5210 2388 5276 judices
2413 5218 2607 5280 sponte
2636 5208 2879 5265 delectos
2904 5206 3168 5273 adhiberi,
3202 5203 3297 5260 sed
3345 5211 3554 5259 tantum

1963 5288 2111 5335 sorte
2136 5279 2346 5334 ductos.
2376 5279 2568 5336 Bnoss.

2037 5358 2063 5387 ι
2092 5349 2383 5419 Impetitos,
2428 5350 2482 5406 id
2525 5358 2611 5407 est
2654 5356 2995 5419 accusatos;_
3019 5361 3143 5419 nam
3192 5344 3418 5419 epistola
3449 5359 3555 5419 se-

1960 5422 2149 5490 quenti
2177 5414 2289 5486 "ait,
2324 5414 2508 5491 impeti
2538 5422 2904 5491 accusatione:
2955 5414 3025 5472 Et
3048 5418 3141 5473 lib.
3178 5414 3239 5482 νζ
3264 5416 3422 5486 epist.
3449 5414 3552 5480 '53;

1962 5487 2019 5545 ἐι
2044 5491 2135 5545 lib.
2172 5507 2260 5545 xtv
2282 5491 2349 5547 de
2378 5487 2615 5547 accusat.
2647 5490 2710 5546 C.
2741 5490 2840 5544 Th.
2870 5487 2992 5543 Jun.

2034 5562 2060 5600 δ
2087 5560 2239 5617 Hanc
2255 5563 2537 5633 epistolam
2562 5570 2616 5617 et
2636 5560 3052 5633 praecedentem
3065 5557 3194 5613 citat
3220 5554 3368 5611 card.
3393 5554 3557 5610 Baro-

1963 5634 2084 5688 nius
2114 5643 2247 5688 tom.
2276 5627 2341 5687 VI
2365 5633 2559 5687 Annal.
2584 5627 2767 5687 ad'an.
2797 5630 2921 5685 Chr.
2955 5627 3079 5683 504.

2040 5715 2061 5742 ε
2094 5702 2231 5758 Cum
2261 5704 2363 5759 hac
2392 5713 2572 5757 tamen
2601 5701 2941 5770 exceptione,
2972 5700 3028 5755 Si
3058 5697 3274 5770 publico
3294 5697 3553 5770 usuiuon

1961 5774 2224 5839 deservit;
2256 5774 2402 5828 addit
2428 5782 2484 5828 et
2514 5766 2758 5838 alteram,
2788 5771 2865 5825 Ne
2894 5766 3075 5826 vicino
3108 5784 3322 5841 quoque
3350 5766 3553 5841 ofﬁciat

1961 5836 2288 5978 ῗὲἱίέσέἷωω
2314 5859 2470 5915 opus.
2519 5842 2580 5899 L.
2604 5841 2658 5911 2,
2705 5836 2768 5899 D.
2799 5858 2868 5899 ne
2895 5841 3025 5914 quid
3067 5836 3279 5899 iit—Ioco
3308 5836 3550 5912 publico.

2042 5932 2075 5971 ιι
2189 5957 2202 5972 .

2006 5930 2202 5972 ORNER.
