3958 6456
429 379 533 439 627

1655 383 1725 438 Μ.
1766 379 2043 437 suum."
2085 363 2486 436 casswumu

3622 385 3740 442 (ἴθῶ

429 515 572 568 tuus,
600 511 719 554 cum
771 511 908 551 nova
947 494 1268 555 utilitatibus
1317 491 1509 554 vestris
1558 493 1815 568 prmstare
1843 498 2026 570 eupia-
2049 505 2102 566 Α
2130 477 2247 566 qua:
2277 493 2415 550 mal‘e
2444 493 2728 550 comitiissa
2757 489 3072 559 elaruerint,
3103 473 3225 550 Sine
3259 483 3439 565 aliqua
3462 491 3740 553 dilatione

430 601 565 648 mus.
597 591 826 647 Servare
853 591 1052 660 quippe
1081 590 1340 646 terminos
1369 593 1583 660 ignorat
1609 589 1933 659 humanitas,
1965 600 2023 648 et

429 684 655 742 novellis
679 684 835 739 decet
858 683 1090 739 blandiri
1117 683 1408 749 beneﬂciis,
1438 691 1559 756 post
1589 685 1746 755 longa
1776 694 2021 757 tempora

428 778 708 832 restitutis.
732 775 963 831 Proinde
1014 777 1405 832 immunitatem
1437 777 1610 841 vobis,
1652 791 1811 846 quam
1842 778 2022 846 regio-

427 871 552 924 nem
601 879 836 924 vestram
865 875 1076 924 constat
1120 869 1420 940 principum
1450 869 1728 940 privilegio
1757 885 2020 925 consecu-

429 967 560 1028 tam,
584 959 688 1016 bac
707 960 1023 1016 auctoritate
1045 961 1320 1030 largimur;
1345 977 1446 1017 nec
1466 962 1617 1017 vobis
1646 960 1845 1031 aliquid
1870 975 2025 1017 nova:

428 1053 864 1123 praesumptionis
890 1052 1156 1124 patiemur
1178 1053 1399 1124 imponi,
1432 1067 1568 1123 quos
1598 1049 1666 1109 ab
1695 1053 1842 1108 omni
1871 1054 2026 1109 volu-

429 1149 550 1200 mus
570 1145 880 1215 gravamine
900 1144 1178 1202 vindlcari.
1201 1145 1434 1204 Censum
1463 1151 1719 1218 praeterea
1745 1147 2027 1218 przesentis

429 1235 558 1290 anni
590 1245 615 1273 τι
656 1237 864 1292 relaxat
917 1237 1066 1292 vobis
1113 1235 1475 1294 muniﬁcentia
1523 1237 1852 1310 princ'palis,
1881 1246 1940 1293 ut
1970 1245 2028 1294 el.

433 1329 524 1384 illa
547 1330 765 1401 possitis
811 1331 1060 1402 accipere
1085 1335 1202 1402 qua:
1232 1345 1328 1386 vos
1351 1346 1459 1386 non
1488 1330 1712 1401 contigit
1754 1331 2022 1402 postulas-

432 1435 510 1476 se.
540 1419 660 1493 Ipsa
688 1429 772 1479 est
791 1425 937 1479 enim
965 1421 1201 1494 perfecta
1240 1425 1432 1494 pietas,
1461 1437 1581 1492 quae
1609 1429 1900 1494 antequam
1930 1420 2025 1479 ile-

431 1519 610 1574 ctatu'r
635 1517 908 1592 pI'BCibllS,
937 1517 1086 1577 novit
1108 1519 1450 1576 considerare
1475 1519 1745 1591 fatigatos.

931 1652 1268 1712 EPISTOLA
1306 1653 1518 1711 XXVII.

715 1785 997 1826 τιῑυτιΑτ
1035 1785 1213 1825 suout
1252 1773 1618 1824 “mnesteus
1645 1781 1775 1823 nux.

401 1584 423 1716 ,ι

395 1857 523 1934 ⁷11Ιὶ
547 1884 816 1936 committit
840 1881 985 1936 Petri
1015 1883 1299 1945 tuitionem,
1325 1897 1479 1952 quam
1505 1881 1569 1934 ab
1599 1881 1792 1933 Amara
1821 1876 2023 1952 sajone,

499 1969 558 2007 eo
587 1954 723 2025 quod
753 1953 966 2025 Petrum
1007 1951 1528 2025 voluissetoccidere,
1561 1955 1763 2025 aufert;
1811 1959 1860 2003 et
1883 1951 2030 2025 jubet

500 2033 556 2095 ut
593 2022 839 2095 quidquid
888 2026 1143 2078 commodi
1174 2041 1205 2076 α
1238 2022 1391 2095 Petro
1433 2031 1701 2091 acceperat
1729 2024 1943 2095 Amara,
1974 2023 2029 2074 in

502 2093 1162 2164 duplum’restiluat,atque
1192 2095 1254 2145 de
1279 2094 1436 2164 plaga
1454 2095 1657 2163 inﬂicta
1683 2093 1752 2145 ad
1775 2093 2028 2163 judicium

501 2166 703 2218 comitis
735 2164 903 2219 Dudw
932 2167 1098 2219 veniat
1124 2165 1433 2218 audiendus.

505 2274 846 2333 Detestabilis
873 2287 956 2331 est
984 2277 1200 2347 quidem
1228 2277 1405 2332 omnis
1433 2274 1648 2344 injuria,
1687 2282 1744 2331 et
1771 2274 2029 2346 quidquid

429 2373 620 2422 contra
647 2366 793 2438 leges
814 2367 1114 2422 admittitur
1137 2367 1282 2436 justa
1309 2366 1687 2422 exsecratione
1710 2365 2024 2433 damnatur;

427 2457 526 2513 sed
566 2458 832 2513 malorum
861 2458 1098 2514 omnium
1126 2460 1386 2529 probatur
1415 2465 1738 2526 extremum,
1763 2459 1888 2513 inde
1925 2460 2025 2514 de-

428 2548 684 2604 trimenta
725 2551 1018 2620 suscipere,
1054 2551 1194 2606 unde
1218 2552 1576 2607 credebantur
1605 2549 1800 2605 auxilia
1833 2565 2028 2620 prove-

429 2638 569 2696 nire.
608 2637 910 2710 E'xaggerat
953 2642 1094 2696 enim
1141 2635 1353 2711 culpam
1401 2641 1455 2695 in
1494 2641 1823 2696 contrarium
1869 2653 2026 2696 versa

428 2728 720 2785 crudelitas
739 2773 754 2797 ,
782 2737 837 2786 et
865 2731 1038 2801 majus
1059 2731 1228 2786 reatui
1265 2729 1476 2802 pondus
1506 2739 1606 2798 est,
1633 2729 1908 2801 inopinata
1933 2730 2026 2786 de-

427 2823 625 2892 ceptio.
652 2821 748 2876 Vir
774 2821 1081 2894 spectabilis
1105 2815 1284 2894 itaque
1308 2823 1499 2879 Petrus
1529 2819 1842 2878 admiranda
1869 2817 2025 2878 nobis

426 2919 574 2968 sorte
604 2922 930 2986 conquestus
958 2924 1040 2970 est
1071 2914 1275 2984 sajonis
1301 2914 1513 2969 Aniaras
1539 2913 2024 2984 tuitionem,quam

424 3006 474 3062 ei
530 3013 716 3064 contra
742 3009 1010 3065 violentos
1063 3009 1402 3077 indulsimus,
1437 3010 1490 3064 in
1539 3024 1597 3065 se
1635 3009 1814 3079 potius
1860 3007 2023 3065 fuisse

423 3109 739 3169 grassatam;
764 3103 839 3156 ita
864 3110 924 3157 ut
947 3104 1110 3158 ictum
1131 3103 1290 3174 gladii
1318 3105 1371 3158 in
1396 3119 1455 3159 se
1483 3103 1788 3158 demersum
1817 3099 2022 3172 aliquaa

424 3201 578 3252 tenus
608 3197 838 3268 postiam
869 3198 1170 3252 retardaret
1199 3197 1433 3266 obiectio
1461 3216 1473 3250 :
1506 3194 1747 3266 subjecta
1790 3203 1872 3252 est
1899 3195 2018 3250 vul-

2127 597 2435 660 componat.
2461 585 2765 642 Tuitionem
2789 583 2815 624 ι)
2837 600 2969 641 vero
2997 587 3290 656 postulanti
3317 599 3508 644 contra
3536 583 3729 646 incisi-

2127 686 2206 739 les
2243 686 2471 753 impetus
2517 695 2583 737 ex
2614 686 2796 734 nostra
2839 673 3080 749 jussione
3107 681 3254 735 salva
3303 679 3564 736 ci‘vilitate
3585 695 3734 753 prmo

2127 777 2314 841 stabis,
2346 791 2453 829 non
2483 771 2732 844 exemplo
2761 771 3026 841 accusati,
3049 771 3143 828 sed
3167 767 3607 833 consideratione
3637 775 3736 832 de-

2129 876 2314 925 center
2335 865 2519 923 electi.

2607 1001 2946 1059 EPISTULA
2983 1001 3221 1058 XXVIII.
3255 973 3266 988 ’

2211 1115 2367 1156 nume
2391 1114 2520 1156 vnto
2546 1113 2833 1167 sannom,
2859 1113 3068 1167 conm,
3097 1112 3466 1156 rnsonomcus
3485 1115 3622 1157 uix.

2131 1212 2291 1270 Illum
2323 1213 2590 1270 constituit
2627 1212 2861 1289 judicent
2892 1227 3066 1289 satis!
3098 1213 3298 1283 sajonis
3345 1213 3594 1284 Andra,
3644 1220 3734 1289 qui

2613 1283 2968 1340 uulnerauerat
2994 1283 3231 1339 Petrum.

2203 1403 2601 1460 Consciemiam
2637 1403 2951 1474 probamus,
2979 1402 3065 1458 cui
3100 1402 3386 1472 judicanda
3428 1405 3734 1460 committi-

2130 1509 2252 1552 mus
2276 1513 2288 1550 :
2317 1497 2442 1566 quia
2464 1495 2657 1565 dignus
2683 1503 2768 1551 est
2789 1495 2932 1550 inter
2951 1495 3087 1551 alios
3107 1495 3380 1566 sequenda
3408 1495 3731 1567 decernere,

2131 1589 2223 1659 qui
2254 1588 2356 1643 sibi
2385 1587 2604 1642 modum
2626 1587 2771 1643 visus
2792 1596 2876 1642 est
2892 1586 3148 1656 legitimae
3176 1589 3609 1647 conversationis
3638 1592 3734 1646 im-

2131 1693 2356 1750 ponere.
2388 1676 2579 1732 Petrus
2609 1677 2790 1746 itaque
2844 1678 2924 1732 vir
2958 1677 3268 1748 spectabilis
3297 1677 3554 1734 Amaram
3581 1682 3732 1749 sajo-

2134 1785 2257 1825 nem
2288 1777 2553 1834 nostrum,
2596 1767 2687 1838 qui
2717 1763 2994 1823 contrario
3020 1769 3200 1823 omine
3230 1785 3331 1838 pro
3360 1769 3480 1839 ejus
3501 1772 3734 1827 tuitione

2057 1895 2108 1960 Β
2133 1859 2371 1916 directus
2392 1867 2492 1925 est,
2525 1857 2720 1914 educto
2744 1857 2924 1927 gladio
2952 1874 3012 1914 se
3042 1853 3234 1914 asserit
3261 1853 3590 1922 vulnerasse,
3619 1861 3725 1919 de-

2133 1950 2512 2021 fensoremque
2539 1949 2756 2022 fecisse,
2784 1951 2929 2021 quod
2950 1949 3039 2006 vix
3069 1949 3318 2006 inimicus
3341 1955 3605 2024 potuisset
3628 1971 3730 2010 au-

2133 2045 2280 2102 dere.
2324 2044 2440 2099 lloc
2480 2053 2532 2100 te
2571 2052 2626 2100 et
2655 2044 2893 2113 legitima
2921 2037 3170 2101 volumus
3195 2045 3592 2119 disceptatione
3637 2065 3731 2104 co—

2132 2153 2415 2210 gnoscere,
2448 2145 2504 2193 et
2527 2137 2794 2208 probabili
2813 2137 3080 2192 sententia
3109 2138 3434 2204 terminare;
3463 2147 3730 2210 quatenus

2133 2231 2311 2289 nullus
2341 2242 2554 2293 tentare
2597 2246 2761 2289 ausus
2807 2233 2898 2299 sit,
2945 2232 3091 2304 quod
3113 2233 3276 2290 nobis
3317 2233 3610 2305 displicere
3637 2251 3727 2290 co-

2130 2325 2362 2398 gnoscit.

2634 2437 2966 2522 EPISTULA
3005 2445 3196 2521 itxix.

2153 2593 2414 2635 ARGOLICO
2453 2594 2577 2637 VIBO
2615 2596 2888 2643 ιιιυετιιι,
2930 2595 3225 2636 PREFBCTO
3261 2595 3412 2638 ωις
3455 2596 3698 2638 τπιοιο-

2773 2668 2923 2708 RICUS
2961 2669 3087 2707 REX.

2129 2761 2476 2836 Reme/tendit
2494 2780 2609 2818 eum
2628 2765 2765 2836 quod
2785 2765 3035 2818 mandata
3063 2765 3334 2836 principis,
3358 2767 3570 2835 promis
3589 2783 3722 2821 com-

2198 2835 2352 2906 modo
2383 2835 2585 2900 ductus,
2621 2835 2849 2889 nondum
2877 2835 3188 2906 expleverit;
3219 2847 3371 2906 atque
3398 2838 3629 2892 decernit
3666 2849 3720 2893 ut

2189 2905 2343 2977 jussa
2369 2908 2481 2960 sine
2510 2921 2656 2960 mora
2688 2908 2933 2978 facessat.

2194 3021 2252 3077 Si
2280 3019 2387 3081 loci
2421 3022 2583 3077 vestri
2612 3022 2942 3090 cogitaretur
2985 3020 3301 3093 auctoritas,
3330 3024 3374 3079 si
3407 3026 3720 3082 reverentia:

2123 3128 2252 3168 cura
2294 3107 2550 3168 Romamn
2582 3123 2638 3180 0;
2671 3109 2812 3168 ultro
2842 3099 3150 3168 debueratis
3201 3124 3494 3185 expetere,
3524 3118 3577 3170 in
3606 3119 3720 3186 qui-

2125 3205 2227 3262 bus
2255 3205 2558 3275 arguimini.
2582 3205 2720 3273 Quid
2751 3207 2894 3262 enim
2919 3208 3171 3278 prmsenti
3202 3207 3446 3278 tempore
3473 3210 3717 3280 potuistis

424 3277 539 3341 neri
585 3305 804 3358 manus,
861 3306 980 3361 quae
1035 3298 1094 3344 ut
1134 3291 1187 3344 in
1214 3299 1386 3344 totum
1411 3297 1656 3343 truncata
1705 3303 1812 3344 non
1853 3287 2017 3344 cade-
2049 3285 2094 3348 C
2125 3300 2346 3357 culmini
2376 3299 2580 3355 urbano
2609 3298 2636 3337 d
2671 3310 2778 3356 tam
2828 3302 3128 3373 proprium,
3160 3277 3324 3372 qua“,
3355 3277 3579 3358 sena'ws
3605 3319 3716 3359 ere.

421 3383 526 3447 ret,
554 3377 837 3448 januarum
868 3395 1121 3448 percussa
1150 3381 1347 3434 robora
1370 3379 1734 3448 prazstiterunt
1759 3397 1771 3432 :
1796 3377 1885 3434 ubi
1916 3379 2021 3433 las-

424 3477 546 3524 sato
570 3468 733 3541 [Jur.,
755 3465 959 3540 laxato]
983 3471 1186 3540 impetu
1208 3485 1435 3525 corusca
1463 3468 1586 3524 ferri
1609 3468 1750 3524 acies
1778 3465 2020 3538 corporis

419 3555 666 3614 extrema
715 3563 1046 3631 perstrinxit.
1079 3559 1126 3617 0
1169 3557 1558 3617 exsecrabilem
1588 3562 1800 3617 casum!
1836 3561 2016 3631 impu-

423 3654 605 3722 gnavit
633 3654 906 3710 hominem
945 3655 1203 3710 auxilium
1231 3667 1411 3726 suum,
1449 3661 1508 3710 ut
1535 3645 1711 3712 solatii
1743 3653 2017 3726 prosperi-

422 3753 535 3801 tate
580 3745 852 3803 subtracta
883 3747 1051 3805 erevit
1107 3757 1176 3804 ex
1221 3745 1536 3804 defensione
1580 3748 1889 3804 necessitas.
1924 3744 2018 3803 His

425 3833 591 3890 multo
619 3837 897 3892 acerbiora
945 3837 1292 3908 subjungens,
1340 3837 1578 3907 utquasl
1633 3837 1779 3892 laesio
1811 3832 2019 3892 veniret

424 3923 490 4011 ad
543 3927 802 3998 pretium,
836 3930 907 3984 ita
936 3930 1114 3984 scelus
1145 3929 1422 4000 proprium
1470 3931 1678 3984 enormi
1729 3931 2016 3984 exactione

421 4027 662 4076 laxatum
693 4029 792 4078 est.
818 4017 990 4092 Atque
1012 4023 1132 4078 ideo
1158 4015 1303 4093 juste
1351 4023 1402 4076 in
1431 4022 1549 4078 illos
1572 4023 1788 4093 pictatis
1812 4031 2011 4077 nostra:

419 4099 499 4168 ira
530 4115 818 4185 Consurgit,
869 4116 961 4186 qui
1011 4115 1241 4185 benigna
1267 4113 1414 4185 jussa
1445 4113 1587 4188 llur.
1621 4115 1745 4186 legit
1785 4111 1929 4187 jura]
1960 4113 2014 4168 in

417 4199 722 4262 truculenta
771 4207 1064 4263 ministeria
1119 4215 1484 4263 mutaverunt.
1524 4205 1655 4261 Nam
1685 4221 1804 4277 qua:
1855 4215 2015 4262 erunt

421 4298 618 4368 refugia
651 4301 1094 4370 supplicantibus,
1128 4303 1173 4356 si
1204 4305 1259 4357 et
1291 4310 1475 4358 nostra
1523 4297 1782 4357 benelicia
1822 4299 2012 4357 vulne-

420 4388 654 4443 rabant?
677 4391 909 4446 Proinde
933 4393 1181 4462 praesenti
1203 4392 1444 4462 jussione
1464 4407 1768 4457 censemus,
1785 4402 1843 4447 ut
1861 4392 2015 4462 quid-

419 4479 548 4549 quid
568 4483 962 4552 suprascriptus
984 4484 1179 4538 Amara
1206 4485 1479 4540 commodi
1503 4486 1722 4540 nomine
1749 4483 1818 4540 de
1837 4485 2013 4541 causis

414 4574 703 4626 memorati
733 4575 1084 4643 supplicantis
1113 4577 1344 4646 accepit,
1375 4579 1528 4647 quasi
1556 4585 1898 4648 oppugnator
1927 4578 2008 4632 in-

2123 3404 2305 3452 menta
2332 3397 2590 3465 cogitare,
2623 3396 2840 3466 quando
2869 3396 3021 3452 famae
3041 3397 3282 3468 praesulis
3309 3397 3543 3468 proiicit,
3575 3397 3718 3467 quod

2122 3471 2257 3543 ordo
2278 3501 2431 3543 sacer
2451 3486 2722 3556 acquirit?
2753 3488 2857 3543 Sed
2881 3499 3138 3559 quantum
3169 3489 3272 3546 viri
3300 3491 3581 3546 clarissimi
3607 3473 3713 3545 Ar-

2120 3577 2372 3633 mentarii
2393 3586 2622 3634 testatur
2642 3579 2803 3634 missa
2824 3577 3118 3649 suggestio,
3142 3580 3194 3635 in
3217 3582 3548 3636 contrarium
3569 3565 3717 3636 itedo

2121 3672 2324 3726 ambitu
2349 3671 2414 3728 de
2441 3688 2593 3728 mora
2617 3673 2856 3742 quzeritis
2885 3673 3189 3737 connnoda,
3215 3673 3369 3742 cujus
3399 3689 3495 3729 vos
3526 3684 3718 3744 optare

2121 3759 2372 3820 debuisse
2401 3773 2614 3820 constat
2643 3771 2950 3833 augmenta.
2979 3763 3118 3832 Quid
3146 3764 3292 3820 enim
3340 3763 3573 3836 amplius
3598 3779 3718 3820 esse

2117 3847 2291 3930 possit
2345 3848 2737 3927 incongruum,
2787 3875 2947 3929 quam
2993 3858 3190 3913 nostris
3237 3858 3576 3928 jussionibus
3619 3873 3717 3913 ex-

2119 3951 2313 4022 peditis
2366 3951 2782 4023 supplicantium
2835 3961 2962 4006 vota
3019 3949 3392 4032 suspendere,
3459 3959 3516 4006 et
3589 3957 3714 4020 post

2117 4059 2284 4099 sacrae
2314 4044 2688 4115 praeceptionis
2733 4043 2983 4110 allatum,
3019 4045 3064 4099 si
3111 4045 3213 4099 dici
3256 4045 3333 4098 fas
3377 4045 3493 4112 est,
3533 4043 3713 4099 adhuc

2116 4138 2226 4209 69
2254 4139 2460 4206 regium
2501 4136 2843 4209 suspendisse
2891 4138 3150 4208 judicium
3181 4139 3204 4192 ?
3234 4137 3338 4194 Sed
3369 4153 3491 4203 nos,
3516 4138 3713 4206 quibus

2116 4231 2266 4287 cordi
2297 4239 2379 4287 est
2408 4239 2529 4302 post
2556 4232 2783 4302 primam
2808 4232 3018 4301 culpam
3051 4245 3158 4286 non
3187 4232 3368 4286 statim
3399 4230 3713 4285 desiderare

2113 4323 2426 4389 Vindictam,
2468 4322 2535 4378 ad
2563 4322 2984 4378 admonitionem
3022 4323 3206 4393 petitis
3244 4323 3394 4391 iussa
3432 4324 3709 4378 converti-

2114 4435 2233 4476 mus
2266 4437 2279 4471 :
2321 4434 2390 4473 ne
2435 4419 2504 4474 sit
2529 4427 2717 4473 nostra
2746 4416 3008 4473 districtio
3038 4417 3226 4486 nimia,
3253 4431 3413 4486 quam
3445 4416 3585 4472 lenis
3611 4433 3709 4488 pa-

2116 4511 2302 4566 tientia
2355 4527 2465 4567 non
2494 4509 2782 4581 praecedat.
2830 4508 3064 4581 Ideoque
3103 4510 3354 4580 prassenti
3383 4509 3710 4564 auctoritate

2114 4600 2473 4668 decernimus,
2533 4611 2591 4657 ut
2632 4599 2966 4670 jussionibus
2996 4603 3194 4657 nostris
3239 4602 3381 4656 nulla
3422 4601 3705 4656 dilationis

414 4668 601 4729 gratus
625 4675 655 4716 a
679 4671 733 4718 te
761 4666 1105 4735 constrictus,
1125 4667 1174 4721 in
1196 4667 1359 4738 duplo
1382 4669 1431 4723 ei
1453 4673 1675 4736 cogatur
1696 4668 2002 4724 exsolvere:

2128 4691 2374 4748 :allidilas
2399 4666 2682 4748 aiieratur:
2714 4693 2838 4762 quia
2866 4708 2973 4749 non
3001 4693 3164 4749 habet
3186 4693 3356 4748 venite
3387 4679 3588 4762 iocum,
3614 4689 3706 4762 qui

417 4754 542 4823 quia
591 4755 690 4809 sub
745 4772 904 4827 pmna
961 4753 1169 4814 restitui
1207 4759 1423 4829 dignum
1448 4768 1548 4824 est,
1591 4757 1735 4828 quod
1763 4759 2007 4830 improba

417 4847 719 4903 temeritate
766 4857 977 4904 constat
1018 4857 1309 4906 extortum.
1370 4849 1448 4904 De
1495 4849 1648 4920 plaga
1679 4863 1808 4904 vero
1844 4865 2005 4919 quam

416 4939 608 4997 educto
635 4941 815 5011 gladio
847 4943 1164 4999 temerarius
1193 4949 1549 5012 praesumptor
1575 4939 1790 5010 inﬂixit,
1825 4941 1892 4996 ad
1919 4944 2006 5013 ju-

415 5026 610 5086 dicium
636 5031 851 5089 comitis
874 5031 1038 5088 Duda:
1066 5048 1207 5103 smpe
1231 5029 1405 5087 dictus
1425 5031 1538 5102 sajo
1563 5041 1616 5088 te
1644 5033 2004 5103 compcllente

412 5125 592 5180 veniat
640 5125 972 5192 audiendus;
1005 5134 1063 5182 ut
1112 5124 1412 5183 secundum
1452 5125 1752 5183 edictorum
1796 5127 1992 5183 seriem

486 5315 512 5345 ⁸
534 5306 790 5366 Concedit
817 5307 1184 5366 Theodoricus
1230 5308 1645 5366 Massiliensibus
1674 5321 1867 5363 census
1896 5305 1996 5362 im—

412 5380 759 5438 munitatem:
785 5381 1002 5452 quando
1033 5392 1210 5452 autem
1239 5381 1460 5452 emperit
1489 5395 1700 5443 census,
1733 5379 1997 5452 nonsatis

413 5457 653 5517 constat;
701 5447 978 5506 alii‘euim
1009 5467 1040 5505 a
1084 5449 1226 5506 Julio
1277 5447 1488 5508 Ciesare
1535 5458 1744 5520 ptitant,
1799 5449 1890 5520 alii
1928 5447 1995 5501 ab

412 5521 671 5644 Auiuslt),
704 5532 758 5578 et
785 5523 976 5577 melius
1015 5539 1134 5577 meo
1175 5525 1394 5593 judicio,
1431 5532 1485 5576 ut
1513 5519 1779 5575 testantur
1807 5519 1998 5572 Florus

413 5607 476 5644 ac
549 5594 681 5644 ivins
699 5613 714 5644 :
741 5593 898 5644 idane
925 5594 1184 5644 accidisse
1213 5597 1441 5644 scntimo
1464 5592 1687 5644 Augusti
1711 5589 1993 5642 consulatu

413 5607 476 5645 ac
501 5589 714 5664 Livius;
741 5593 898 5662 idque
925 5589 1190 5649 accidisse
1213 5597 1441 5664 septimo
1464 5592 1687 5664 Augusti
1711 5589 1993 5664 consulatu

413 5676 481 5732 ex
512 5662 678 5716 Dione
709 5661 983 5717 discnnus.
1022 5664 1187 5732 Hujus
1215 5661 1392 5719 autem
1424 5678 1616 5720 census
1646 5661 1994 5732 duplctho-

412 5731 512 5787 dus
547 5751 560 5785 :
585 5734 833 5789 videntur
863 5736 1003 5788 enim
1034 5730 1291 5789 tributum
1319 5743 1373 5788 et
1399 5733 1451 5787 in
1479 5735 1652 5802 capita
1682 5730 1994 5802 contulisse,

413 5810 468 5856 et
495 5804 545 5856 in
575 5819 749 5871 agros,
787 5805 960 5873 lacus,
992 5808 1248 5874 pecudes,
1300 5800 1558 5874 aliasque
1587 5803 1869 5874 facultates
1896 5819 1907 5853 :
1939 5800 1992 5854 in

413 5875 609 5942 capita,
657 5874 892 5942 inquam,
946 5872 1006 5928 ut
1047 5878 1184 5943 apud
1215 5876 1331 5928 Am.
1369 5873 1734 5927 Marcellinum
1777 5872 1870 5926 lib.
1902 5887 1993 5928 xvi

414 5943 597 6001 videre
624 5954 735 6011 est;
769 5944 822 5999 in
853 5958 1030 6016 agros,
1062 5945 1204 6014 apud
1227 5943 1637 6015 iurisconsultus
1663 5944 1746 6003 tit.
1773 5943 1842 6002 de
1861 5958 1988 6002 cen-

2113 4781 2375 4856 delinquit
2403 4785 2733 4840 admonitus.

2299 4905 2343 4958 ο
2633 4915 2962 4973 EPISTOLA
3011 4915 3180 4971 XXX.

2163 5025 2351 5068 nemo
2376 5023 2499 5067 Vino
2528 5015 2792 5076 lLlUSTRl,
2824 5021 3093 5075 mntem,
3126 5013 3496 5065 mouerimus
3521 5019 3650 5063 sex.

2108 5125 2199 5183 Illi
2227 5128 2524 5183 conceditur
2562 5124 2733 5182 curba:
2773 5126 3000 5196 porticus
3036 5125 3268 5192 licentia,
3311 5131 3368 5178 ut
3407 5140 3559 5194 super
3586 5135 3702 5176 eam

2098 5305 2581 5442 gibbusil‘iii‘igfiiem,
2622 5371 2922 5439 Nostrates,
2967 5371 3304 5441 satwcgarde,
3360 5375 3582 5436 vocant,
3630 5366 3698 5423 de

2099 5463 2203 5520 qua
2232 5450 2368 5504 infra
2399 5463 2611 5518 quoque
2643 5447 2733 5501 lib.
2765 5461 2859 5508 vn,
2890 5444 3046 5520 form.
3082 5443 3374 5520 $9.190“.

2177 5532 2197 5557 ε
2234 5513 3146 5590 Aliqui—legunt,reverentiacurite
3177 5513 3452 5590 Romanis.
3531 5585 3534 5588 _

2172 5592 2196 5628 ά
2233 5585 2562 5645 Ρι-ίιέΐρριιιῦιῐξ
2592 5589 2808 5642 urbanae
2839 5587 3071 5654 dignitas
3101 5600 3291 5639 onmes
3317 5585 3692 5654 urbanosma-

2100 5664 2352 5733 gistratus
2382 5661 2691 5733 superabat.
2721 5650 2956 5733 13:54).
2986 5658 3052 5711 de
3077 5656 3172 5710 ol'l';
3194 5651 3511 5733 prtel‘._Url).
3539 5650 3692 5733 Symo

2102 5724 2277 5787 inarli.
2315 5733 2401 5786 lib.
2451 5724 2488 5796 ἰ,
2540 5732 2696 5799 epist.
2728 5728 2817 5782 2‘2.
2852 5724 3137 5799 Urbanum
3167 5724 3455 5799 prmsnlem
3503 5730 3690 5792 noster

2099 5802 2342 5860 Cassiod.
2377 5795 2670 5872 superioris
2697 5799 2791 5854 lib.
2812 5798 3051 5872 epist.iil
3080 5795 3687 5872 dignitatemboliorum

2097 5884 2256 5932 vocat
2287 5892 2298 5926 :
2331 5875 2397 5932 de
2426 5863 2534 5929 riuo
2562 5872 2701 5928 infra
2730 5863 2945 5944 quoque
2972 5871 3064 5926 lib.
3094 5863 3168 5937 vi,
3199 5863 3361 5922 form.
3395 5863 3450 5920 ι.
3483 5863 3653 5922 Fons.
