3958 6450
369 502 589 579 publica:
617 519 721 559 non
750 503 979 573 olﬁciant
998 512 1090 557 aut
1114 502 1307 559 decori.

372 622 543 679 Decet
561 619 782 692 quidem
806 625 1035 675 cinctos
1062 618 1249 689 patria:
1276 632 1393 672 sum
1414 622 1703 686 augmenta
1742 613 1895 683 cogi-

301 726 441 781 tare,
468 711 567 770 sed
594 727 689 769 eos
727 711 973 767 maxime
993 724 1133 781 quos
1159 709 1380 781 respub.
1410 708 1512 766 sibi
1546 707 1771 764 summis
1797 706 1898 764 ho-

299 810 525 867 noribus
553 805 813 876 obligavit
831 823 849 859 :
877 805 1002 876 quia
1033 805 1174 860 ratio
1201 811 1516 865 rerum.est,
1548 809 1608 857 ut
1635 800 1759 856 eum
1796 812 1895 855 ne-

299 914 459 957 cesse
485 899 557 957 sit
579 897 701 967 plus
726 895 950 962 debere,
971 894 1065 965 qui
1092 893 1241 949 visus
1260 900 1345 948 est
1370 891 1576 962 majora
1597 890 1892 960 suscipere.

301 993 560 1048 Porrecta
581 992 763 1061 itaque
782 988 1181 1060 supplicatione
1200 995 1430 1043 testatus
1449 1001 1526 1051 es,
1541 985 1725 1042 curbae
1744 983 1819 1057 [Ν
1822 985 1892 1039 ευ.

302 1094 357 1142 et
383 1084 561 1149 Gam.,
586 1080 771 1152 curiae]
796 1081 1037 1152 porticus
1058 1095 1179 1151 qum
1195 1079 1351 1151 juxta
1363 1080 1580 1136 domum
1598 1077 1895 1132 Palmatam

299 1179 499 1251 posita,
522 1176 707 1261 oforum
737 1175 791 1231 in
820 1174 1040 1231 modum
1070 1190 1211 1230 arcte
1235 1173 1491 1229 decenter
1514 1171 1767 1239 includit,
1806 1186 1897 1227 su-

298 1267 741 1343 perimponendis
788 1266 1003 1324 fabricis
1055 1268 1330 1323 licentiam
1365 1265 1693 1332 condonari;
1739 1273 1800 1321 ut
1840 1272 1898 1321 et

299 1362 630 1433 privatarum
659 1359 856 1416 mdium
884 1360 1148 1417 habitatio
1175 1361 1549 1431 protendatur,
1575 1368 1632 1415 et
1660 1359 1897 1431 antiquis

299 1453 566 1511 mtenibus
595 1452 848 1507 novitatis
888 1460 1100 1508 crescat
1141 1459 1415 1523 aspectus.
1471 1451 1550 1506 ita
1576 1450 1637 1505 iit
1665 1458 1723 1505 ut
1750 1449 1895 1520 quod

298 1561 398 1618 per
421 1545 687 1601 incuriam
713 1553 928 1616 poterat
968 1546 1098 1614 labi,
1129 1546 1466 1602 manentium
1492 1544 1742 1601 videatur
1778 1542 1898 1599 dili-

300 1640 482 1708 gentia
508 1639 765 1694 sustineri
795 1656 808 1692 :
835 1638 960 1709 quia
1001 1637 1177 1695 facilis
1216 1646 1302 1695 est
1340 1638 1688 1695 mdiﬂciorum
1717 1636 1895 1705 ruina,

299 1731 605 1787 incolarum
628 1731 907 1786 subtracta
941 1728 1221 1798 custodia;
1247 1740 1306 1787 et
1341 1733 1457 1787 cito
1479 1730 1765 1786 vetustatis
1802 1729 1899 1785 de-

1591 306 1957 370 YARIARUM
1986 306 2187 366 LIBER
2222 311 2313 368 IV.

370 434 534 507 possit
562 448 725 487 novas
751 430 981 507 fabricas
1013 438 1333 507 construe,
1363 427 1642 487 dumodo
1672 389 1891 482 utilitati
1919 427 1974 488 Α

3489 308 3593 371 630

2071 427 2327 503 Jomnem
2345 426 2451 503 sub
2470 430 3096 503 emissionecliirographi
3123 430 3283 502 [icisse
3299 429 3594 503 depositas;

2071 508 2121 575 et
2144 500 2383 569 praecipit
2406 507 2463 575 ut
2484 515 2700 575 uxorem
2724 500 2947 575 Joannis
2969 500 3235 574 ﬂuuntque
3258 500 3371 575 εμὲ
3399 501 3598 575 Joanne

2072 571 2207 644 rium
2234 570 2531 644 conveniat,
2556 573 2737 644 et_nisi
2779 572 2936 644 libere
2971 570 3074 629 eas
3120 570 3459 639 restituerint,
3494 574 3598 644 ipsi

2071 642 2280 765 garriant
2328 639 2399 694 ad
2441 641 2767 696 consularem
2808 640 3110 714 Campania:
3146 644 3467 718 juxtaleges
3497 639 3597 699 (λιι-

2111 728 2194 765 ιεη
2235 729 2271 765 ι.

2111 728 2271 766 ιεηαι.

2072 803 2207 859 Cum
2238 803 2293 859 in
2320 804 2570 860 omnibus
2598 804 2776 861 causis
2802 806 3031 862 velimus
3054 806 3316 875 justitiam
3339 807 3601 864 custodiri

2002 896 2149 968 (quia
2180 897 2331 967 regni
2358 894 2522 953 decus
2548 904 2632 953 est
2656 897 2928 968 mquitatis
2953 895 3221 973 allectus),
3255 901 3309 956 in
3329 901 3409 957 eis
3429 900 3601 956 maxi-

2000 1005 2089 1046 me
2117 1000 2235 1061 quae
2265 988 2381 1045 fisci
2410 990 2579 1047 nostri
2617 990 2836 1046 nomine
2865 1000 3240 1063 proponuntur
3264 1009 3275 1044 :
3308 1006 3378 1047 ne
3407 1007 3599 1062 quem-

2001 1094 2165 1153 quam
2190 1080 2521 1140 detestabilis
2542 1084 2812 1139 calumnia
2846 1084 2899 1139 in
2928 1082 3185 1141 invidiam
3215 1085 3489 1156 regnantis
3517 1080 3601 1140 af-

2000 1173 2166 1245 fligat.
2203 1176 2445 1232 Patimur
2478 1179 2622 1233 enim
2652 1178 2897 1250 superari
2920 1177 3065 1235 salva
3095 1178 3351 1251 aequitate
3386 1194 3483 1249 per
3520 1178 3602 1233 le-

2002 1284 2118 1341 ges,
2149 1278 2208 1325 ut
2253 1270 2394 1325 inter
2426 1286 2576 1325 arma
2624 1286 2841 1344 semper
2879 1271 3147 1343 possimus
3186 1286 3307 1329 esse
3343 1271 3596 1327 victores.

2002 1361 2137 1417 Nam
2161 1377 2321 1432 quem
2359 1362 2588 1419 licenter
2629 1364 2905 1434 subjectus
2933 1373 3174 1436 superat,
3214 1380 3326 1421 non
3368 1363 3603 1421 debellat

2004 1455 2279 1511 adversus.
2326 1455 2517 1511 Marini
2568 1458 2747 1527 itaque
2794 1458 3059 1515 relatione
3105 1459 3471 1530 comperimus
3511 1474 3600 1514 res

2003 1545 2203 1620 Tuphze
2234 1548 2375 1621 apud
2406 1547 2668 1604 Joannem
2697 1548 2970 1619 quondam
3021 1550 3122 1607 sub
3163 1550 3456 1608 emissione
3484 1550 3602 1607 chi-

2003 1638 2259 1708 t‘ographi
2306 1638 2471 1694 fuisse
2510 1639 2806 1711 depositas.
2857 1639 2925 1695 Et
2953 1641 3079 1711 quia
3112 1641 3271 1698 nobis
3290 1651 3602 1714 competere

2005 1728 2349 1785 manifestum
2376 1739 2459 1787 est
2499 1732 2644 1801 quod
2674 1733 2741 1788 ad
2783 1734 3142 1805 proscriptum
3188 1744 3405 1806 poterat
3433 1737 3603 1808 perti-

301 1824 553 1880 coctione
582 1833 609 1861 ο
640 1823 959 1889 resolvitur,
991 1823 1135 1894 quod
1166 1822 1449 1880 hominum
1476 1822 1767 1894 prasentia
1788 1835 1899 1878 non
1932 1828 1982 1890 Β
2010 1835 2141 1875 nere
2163 1830 2209 1886 ο,
2240 1819 2363 1877 ideo
2376 1824 2627 1894 praesenti
2657 1825 2978 1881 auctoritate
3005 1825 3365 1897 praecipimus,
3392 1834 3605 1883 utuxo—

301 1922 505 1972 tuetur.
552 1913 709 1973 Unde
745 1931 865 1980 nos,
900 1917 995 1985 qui
1024 1915 1227 1972 Urbem
1255 1916 1430 1972 nitore
1457 1916 1710 1988 cupimus
1734 1914 1898 1972 fabri-

302 2020 492 2074 carum
520 2005 854 2074 surgentium
882 2006 1157 2075 componi,
1199 2002 1505 2063 facultatem
1554 2005 1899 2063 consulimus

299 2095 634 2168 postulatam
662 2113 675 2149 :
708 2095 784 2153 ita
813 2101 1014 2163 nmen,
1044 2096 1091 2152 si
1116 2112 1206 2153 res
1232 2098 1405 2169 potita
1428 2105 1525 2154 aut
1552 2098 1768 2154 utilitati
1795 2113 1899 2169 pu-

301 2185 460 2242 blicae
486 2202 597 2242 non
626 2184 797 2247 ofﬁcit
820 2196 916 2242 aut
942 2186 1148 2245 decori.
1179 2186 1523 2260 Quapropter
1567 2189 1731 2246 rebus
1770 2202 1899 2261 spe-

302 2279 436 2334 ratis
483 2294 706 2336 securus
750 2280 1011 2349 ianitore;
1044 2291 1103 2338 ut
1139 2282 1334 2352 dignus
1372 2283 1632 2340 Rotmnis
1685 2283 1903 2340 fabricis

304 2368 579 2427 habitator
606 2387 895 2442 appareas,
920 2373 1330 2447 perfectumque
1372 2390 1510 2446 opus
1536 2392 1689 2432 suum
1721 2377 1904 2433 laudet

305 2471 600 2519 auctorem.
627 2463 785 2520 Nulla
812 2466 957 2521 enim
976 2480 1064 2522 res
1092 2474 1195 2533 est,
1227 2482 1323 2538 per
1352 2484 1515 2539 quam
1542 2469 1740 2525 melius
1774 2483 1904 2539 pos-

307 2555 378 2610 sit
413 2557 635 2626 agnosci
661 2565 718 2613 et
770 2559 1051 2631 prudentis
1100 2561 1399 2631 ingeniun,
1427 2570 1485 2619 et
1508 2561 1777 2633 largitatis
1822 2561 1903 2619 et-

309 2645 509 2705 fectus.

818 2782 1155 2843 EPISTOLA
1191 2770 1384 2843 XXXI.

310 2914 578 2957 lllLIANO
596 2916 721 2959 νιιιο
740 2917 1079 2967 VENERABILI,
1103 2880 1757 2972 ertscorofrueononmns
1774 2919 1901 2965 in

312 3010 475 3068 Illum
499 3013 738 3069 hortatur
755 3022 813 3067 ut
837 3016 1081 3088 perﬁciat
1105 3016 1464 3085 aquwductuut
1492 3030 1641 3088 quem
1677 3019 1904 3073 auderi“-

623 3093 727 3138 tate
755 3087 891 3156 regis
918 3095 1214 3158 susceperat
1246 3087 1604 3157 reﬁciendum.

386 3190 478 3292 Ad.
498 3190 659 3248 ﬁnem
683 3193 845 3250 debet
870 3195 1190 3292 perducere,
1227 3212 1351 3292 quae
1375 3199 1698 3292 prudentum
1724 3202 1903 3258 inten-
1930 3216 1982 3292 ο

313 3281 391 3337 tio
429 3282 543 3339 visa
590 3291 673 3339 est
715 3286 1058 3356 suscepisse:
1090 3288 1217 3357 quia
1244 3288 1387 3344 sicut
1412 3290 1651 3361 perfecta
1690 3292 1905 3349 laudem

310 3378 553 3450 pariunt,
582 3379 654 3435 ita
682 3388 739 3435 et
778 3380 1227 3451 vituperationem
1255 3392 1537 3451 generant,
1567 3398 1688 3454 qum
1718 3386 1773 3441 in
1792 3400 1908 3443 me—

312 3469 414 3525 diis
439 3471 724 3527 conatibus
750 3485 893 3541 mgra
921 3471 1263 3537 deseruntur.
1287 3474 1537 3533 Defectus
1557 3478 1700 3533 enim
1724 3493 1907 3535 rerum

312 3570 409 3618 aut
456 3564 743 3625 consilium
783 3565 1040 3633 titubare,
1097 3575 1193 3623 aut
1238 3568 1383 3625 vires
1429 3570 1605 3638 arguit
1652 3570 1902 3627 defuisse.

315 3656 656 3730 Quapmpter
683 3660 944 3717 sanctitas
971 3667 1152 3719 vestra
1180 3678 1211 3717 a
1254 3662 1352 3718 tali
1381 3663 1731 3721 oblocutione
1757 3666 1907 3722 refu-

315 3749 485 3820 giens,
517 3765 637 3820 qua:
659 3750 713 3805 in
733 3750 1055 3821 aquaeductu
1080 3752 1375 3811 reﬁciendo
1403 3757 1672 3826 probabili
1692 3773 1821 3813 cura
1840 3772 1910 3816 ex

317 3850 500 3896 nostra
529 3845 854 3899 auctoritate
881 3846 1140 3915 suscepit,
1171 3847 1428 3904 celeriter
1450 3849 1523 3905 ad
1547 3848 1801 3905 edoctum
1825 3849 1907 3905 fa-

2003 1920 2120 1966 rem
2150 1911 2443 1983 supradicti
2464 1910 2685 1969 Joannis
2712 1914 2986 1988 liliumque
3014 1916 3129 1987 ejus
3148 1913 3465 1975 Ianuarium
3485 1934 3606 1976 mo-

2004 2001 2190 2058 derata
2219 2005 2568 2063 exsecutione
2596 2009 2907 2065 convenias.
2952 2009 3056 2078 Qui
3102 2011 3147 2066 si
3190 2000 3446 2069 intestata
3474 2011 3605 2086 [ed.,

2006 2090 2292 2168 intentata]
2343 2097 2543 2168 injuste
2589 2115 2650 2157 se
2677 2100 2913 2158 retinere
2942 2114 3293 2175 cognoscunt,
3340 2105 3608 2176 mquitatis

2006 2188 2439 2246 consideratione
2454 2192 2741 2248 restituant
2762 2212 2774 2247 :
2800 2193 3044 2250 minusve
3064 2195 3141 2268 [id
3160 2205 3255 2265 est,
3281 2198 3365 2253 sin
3378 2196 3603 2271 minus],

2009 2282 2338 2349 competenti
2368 2282 2661 2351 sponsione
2682 2285 2978 2353 prmmissa,
2994 2285 3062 2341 ad
3085 2287 3422 2344 consularem
3446 2286 3607 2345 Cam-

2008 2371 2182 2444 pania:
2222 2374 2445 2429 veniant
2482 2374 2688 2447 legibus
2715 2376 3001 2447 audiendi;
3034 2388 3093 2436 ut
3134 2396 3315 2437 coram
3366 2382 3609 2453 partibus

2009 2467 2222 2538 positis,
2255 2474 2308 2523 te
2352 2468 2691 2541 imminente,
2717 2466 2863 2541 quod
2891 2470 3065 2528 forma
3092 2473 3332 2529 continet
3369 2455 3607 2530 sanctio-

2012 2576 2138 2617 num
2167 2562 2444 2629 divalium,
2476 2572 2785 2621 censeatur.
2816 2564 2893 2621 Ita
2924 2575 3125 2637 tamen,
3156 2574 3216 2623 ut
3243 2563 3392 2624 nullo
3413 2566 3608 2638 prteju-

2011 2652 2175 2721 dicio,
2207 2655 2354 2712 nulla
2376 2656 2589 2728 injuria,
2617 2656 2766 2714 nullo
2795 2659 3013 2725 damno,
3045 2660 3353 2717 innocentia
3381 2675 3608 2734 praegra-

2014 2754 2207 2803 vethr:
2238 2762 2307 2804 ne
2334 2749 2523 2806 alienae
2557 2752 2915 2810 accusationis
2957 2753 3212 2811 invidiam
3240 2761 3388 2810 tuam
3430 2754 3609 2812 lacere

2016 2841 2248 2899 videaris
2278 2841 2539 2900 oti'cnsam
2570 2843 2596 2883 ἀ
2610 2886 2623 2898 .

2447 2968 2554 3051 7o
2581 2970 2916 3037 EPISTOLA
2955 2980 3192 3038 xxxux.

2018 3084 2288 3126 INIVERSIS
2306 3086 2498 3131 ιυῡιειδ
2513 3088 2701 3131 (ΞΕΝυῶ
2724 3089 3071 3130 εοΝετιτυτιε
3092 3090 3455 3133 THEODORICUS
3478 3094 3603 3135 REI.

2126 3160 2414 3235 Conﬁrmat
2447 3166 2721 3238 privilegia
2745 3182 2860 3239 quae
2882 3167 2957 3223 eis
2985 3169 3121 3240 leges
3152 3167 3476 3224 indulserunt

2081 3275 2336 3334 Custodia
2365 3277 2544 3348 legum
2571 3279 2844 3337 civilitatis
2867 3289 2951 3336 est
2975 3278 3250 3349 indicium,
3283 3291 3337 3338 et
3358 3300 3610 3341 reveren-

2010 3370 2088 3427 tia
2117 3371 2359 3442 priorum
2385 3372 2691 3444 principum
2719 3382 2919 3432 nostrm
2946 3388 3163 3447 quoque
3183 3384 3413 3434 testatur
3438 3378 3607 3435 devo-

2012 3462 2177 3519 tionis
2194 3465 2522 3535 exmplum.
2546 3466 2687 3534 Quid
2705 3467 2851 3522 enim
2871 3468 3062 3523 melius
3081 3462 3243 3539 quam
3270 3470 3487 3540 plebem
3508 3474 3608 3529 sub

2012 3567 2285 3627 praecepto
2313 3558 2509 3628 degere
2540 3561 2678 3616 velle
2712 3560 2958 3630 iustitiae,
2991 3568 3050 3621 ut
3077 3572 3376 3620 conventus
3408 3564 3609 3619 multo-

2012 3664 2131 3704 rum
2159 3649 2629 3722 disciplinabilium
2657 3652 2729 3707 sit
2755 3653 3014 3708 alienatio
3038 3661 3063 3692 ο
3092 3654 3466 3710 Voluntatum?
3485 3654 3611 3712 Haec

2010 3742 2153 3798 enim
2180 3742 2409 3815 populos
2437 3744 2507 3798 ab
2532 3744 2731 3813 agresti
2757 3745 2867 3799 vita
2896 3746 2951 3799 in
2978 3744 3229 3800 humanae
3246 3745 3612 3802 conversatio-

2012 3833 2100 3890 nis
2121 3834 2362 3903 regulam
2388 3834 2753 3902 congregavit.
2788 3833 2912 3889 llaec
2936 3838 3078 3889 ratio
3102 3846 3143 3890 a'
3158 3834 3370 3889 feritate
3389 3833 3608 3889 divisit:

318 3932 423 3987 ciat
463 3934 766 4002 pervenire.
823 3933 960 3988 Nam
990 3934 1119 4005 quid
1169 3937 1345 4007 aptius
1398 3953 1560 4009 quam
1606 3948 1665 3995 ut
1705 3941 1908 3997 sitienti

2023 3940 2087 3982 ue
2114 3925 2342 3983 arbitrio
2365 3926 2569 3982 casuali
2594 3935 2939 3996 vagarentur,
2971 3934 3109 3995 quos
3132 3927 3249 3995 regi
3278 3925 3505 3982 consilio
3526 3925 3612 3982 di-

319 4025 464 4096 plebi
491 4025 771 4095 provideat
806 4028 977 4096 aquas
1006 4028 1378 4084 sanctissimus
1406 4030 1497 4086 ille
1526 4032 1806 4100 sacerdos;
1857 4040 1914 4090 et

321 4116 556 4172 bmnana
584 4114 921 4187 providentia
952 4118 1135 4189 satiet,
1165 4132 1302 4191 quos
1325 4122 1489 4177 etiam
1515 4123 1787 4180 miraculis
1814 4141 1911 4198 pa-

250 4210 264 4224 ‘
320 4218 474 4264 scere
492 4204 800 4263 debuisset?
818 4206 1049 4265 lmitaris
1063 4210 1206 4266 enim
1224 4213 1655 4285 antiquissimum
1665 4214 1911 4289 Moysen,

320 4302 412 4373 qui
440 4298 733 4357 Israelitico
761 4301 963 4372 populo
984 4301 1147 4371 longa
1181 4303 1437 4362 ariditate
1455 4307 1682 4374 siccato,
1709 4308 1779 4365 de
1796 4310 1914 4367 saxi

320 4395 606 4451 sterilitate
629 4396 882 4467 copiosos
904 4396 1091 4451 latices
1108 4396 1292 4452 eduxit
1316 4397 1376 4465 υς
1402 4407 1457 4455 et
1486 4400 1551 4453 ad
1579 4400 1913 4470 implendum

321 4486 659 4557 miraculum,
695 4488 820 4543 inde
848 4487 978 4545 fecit
1001 4502 1221 4545 currere
1244 4486 1495 4546 humidus
1532 4491 1789 4560 liquores,
1823 4495 1914 4550 ubi

321 4589 442 4637 erat
469 4581 610 4637 sicea
630 4580 874 4636 durities.
907 4579 989 4636 Tu
1009 4589 1193 4637 autem
1211 4582 1258 4637 si
1288 4582 1464 4638 fontes
1494 4584 1726 4654 irriguos
1748 4601 1912 4643 saxo-
1941 4616 1949 4647 τ

321 4688 445 4728 rum
483 4674 889 4754 constructione
927 4672 1031 4746 [ed.
1065 4672 1191 4731 Ni'v.
1215 4683 1265 4729 et
1297 4673 1474 4743 Gam.,
1506 4679 1913 4754 constitutione]

322 4765 566 4855 deducis,
609 4768 714 4825 hoc
754 4752 941 4823 labore
969 4775 1061 4824 tuo
1100 4776 1322 4841 prmstas
1365 4770 1600 4842 populis,
1649 4773 1797 4845 quod
1822 4752 1917 4833 ille

324 4859 617 4917 miraculis.

817 4992 1156 5054 EPISTOLA
1190 4988 1407 5056 XXXII.

670 5126 826 5166 »ονε
847 5126 1026 5168 SAJOM
1050 5127 1413 5169 THEODORICUS
1441 5129 1569 5168 REX.

327 5223 610 5297 Signiﬁcat
650 5242 707 5281 se
749 5228 1012 5299 accepisse
1056 5244 1143 5283 res
1201 5226 1398 5299 Tuphae
1438 5230 1735 5301 proscripti,
1777 5233 1917 5302 apud

402 5409 427 5437 α
456 5398 646 5456 Omnia
694 5408 907 5471 tempus
935 5398 1260 5471 depascitur,
1291 5398 1514 5471 tediticia
1553 5416 1791 5471 quoque,
1825 5402 1919 5462 Vi-

328 5474 539 5528 truvius
574 5473 671 5528 lib.
702 5488 749 5539 r,
782 5468 831 5528 c'.
860 5469 913 5526 8.
950 5468 1087 5525 Plin.
1115 5468 1202 5535 56,
1228 5484 1352 5594 cag.
1386 5470 1451 5534 6;
1484 5472 1517 5525 Ι.
1548 5468 1638 5537 {5,
1672 5468 1714 5528 si
1741 5468 1910 5542 quan-

328 5542 417 5594 do.
448 5542 485 5594 2
531 5543 589 5594 C.
627 5544 694 5594 de
733 5558 883 5594 uner.
931 5542 1160 5594 nultlic..
1193 5541 1231 5594 l.
1263 5539 1295 5593 5
1340 5580 1353 5594 .
1385 5539 1597 5594 domus-
1628 5542 1694 5594 de
1725 5544 1826 5594 lea.
1861 5547 1910 5594 Ι-

327 5542 417 5615 do.
448 5542 485 5596 2
531 5543 589 5598 C.
627 5544 694 5600 de
733 5558 883 5615 oper.
924 5542 1160 5615 pn_hlic.,
1193 5539 1353 5615 1.“.5'8,
1385 5539 1597 5612 domus,
1628 5542 1694 5599 de
1725 5539 1826 5615 leg.
1861 5547 1912 5603 1.

328 5611 582 5670 Paulinus
610 5615 662 5670 in
693 5610 956 5669 ill—Natali
984 5611 1197 5667 Felicis.
1228 5610 1467 5667 Fonnen.

402 5685 427 5723 δ
463 5686 599 5741 l’sal.
626 5702 752 5741 (λιιι
780 5704 792 5760 ς
832 5684 931 5760 Qui
963 5685 1212 5737 convertit
1237 5693 1436 5760 petroni
1468 5686 1521 5737 in
1543 5691 1732 5756 stagna
1758 5706 1921 5760 aqua-

328 5772 464 5817 rum,
490 5767 538 5810 et
567 5775 745 5826 rupem
772 5758 823 5809 in
858 5759 1026 5826 fontes
1054 5771 1323 5826 aquarum.
1354 5754 1591 5809 FORNER.

407 5839 428 5865 ε
464 5826 891 5897 Proscriptorum
926 5826 1067 5897 bona
1102 5826 1226 5897 lisco
1253 5826 1606 5894 applicantur.
1654 5828 1915 5888 Autltent.

329 5897 477 5955 bona
502 5894 899 5957 damnatorum.
930 5895 991 5954 C.
1022 5894 1091 5952 de
1110 5894 1238 5953 bon.
1270 5897 1535 5972 proscrip.
1565 5897 1751 5958 Bnoss.
1780 5960 1788 5973 ,

2010 4020 2141 4077 vina
2168 4020 2475 4076 voluerunt.
2505 4020 2697 4077 Oblata
2724 4021 2907 4090 itaque
2931 4021 3325 4091 supplicatione
3359 4018 3613 4092 deposci-

2012 4114 2086 4169 tts
2111 4113 2389 4184 privilegia
2419 4115 2573 4170 vobis
2599 4115 2797 4171 debere
2825 4114 3051 4179 servari,
3091 4122 3213 4185 qum
3249 4111 3485 4169 Judaicis
3528 4112 3615 4168 ln-

2012 4207 2222 4263 stitutis
2249 4206 2426 4276 legum
2462 4206 2689 4276 provida
2710 4206 2953 4260 decrevit
2980 4202 3272 4275 antiquitas
3296 4222 3310 4257 :
3343 4201 3488 4275 quod
3515 4217 3616 4260 nos

2018 4296 2250 4351 libenter
2274 4295 2582 4361 annuimus,
2615 4295 2706 4367 qui
2731 4295 2854 4366 jura
2882 4304 3127 4351 veterum
3155 4294 3223 4352 ad
3250 4303 3491 4352 nostram
3516 4311 3615 4352 cu-

2016 4389 2197 4461 pimus
2221 4388 2583 4444 reverentiam
2633 4387 2917 4444 custodiri.
2964 4387 3141 4460 Atque
3190 4387 3311 4444 ideo
3362 4387 3617 4460 praesenti

2021 4482 2347 4538 auctoritate
2386 4494 2687 4547 consolatus,
2734 4488 2796 4537 ut
2841 4495 3174 4553 quaecunque
3200 4481 3379 4551 legum
3417 4480 3617 4538 statuta

2018 4585 2368 4641 monuerunt,
2412 4576 2559 4633 circa
2605 4588 2704 4635 ros
2748 4576 2954 4633 illibata
2984 4585 3300 4644 serventur;
3352 4587 3617 4647 quatenus

2018 4668 2167 4740 quod
2195 4669 2263 4724 ad
2292 4668 2564 4726 civilitatis
2590 4670 2764 4743 {mss.,
2798 4668 3052 4741 civitatis]
3084 4678 3240 4726 usum
3265 4677 3478 4728 constat
3499 4684 3617 4727 esse

2022 4770 2318 4835 repertum,
2349 4764 2560 4839 perpeti
2582 4763 2873 4822 devotione
2902 4771 3172 4823 teneatur.

2513 4894 2847 4955 EPISTOLA
2884 4894 3122 4955 XXXIV.

2367 5005 2524 5046 DUDB
2554 5007 2728 5048 SAJONI
2757 5008 3125 5048 THEODORICUS
3150 5006 3277 5048 κει.

2030 5078 2271 5136 Decernit
2298 5089 2358 5134 ut
2383 5082 2497 5137 loca
2526 5085 2679 5136 adeat
2697 5082 2782 5138 ubi
2806 5084 3032 5138 thesauri
3054 5084 3233 5149 latent,
3267 5089 3334 5149 et,
3358 5082 3406 5137 si
3424 5083 3617 5138 inventi

2398 5154 2607 5224 fuerint,
2640 5156 2768 5225 ﬁsco
2794 5154 3005 5208 addicat
3025 5152 3245 5225 publico.

2097 5240 2403 5299 Prudentius
2428 5258 2547 5300 mos
2571 5253 2655 5301 est
2682 5245 2737 5301 in
2782 5246 3049 5301 humanos
3075 5258 3203 5300 usus
3240 5245 3396 5303 terris
3440 5241 3617 5306 abdita

2099 5409 2126 5461 εὶ
2156 5411 2411 5495 Πεὶιιᾲφχ
2440 5418 2580 5495 male
2601 5416 2916 5495 judicando,
3139 5430 3293 5495 suam
3540 5415 3619 5470 di-

2023 5484 2180 5610 gitm.
2215 5484 2434 5546 Publius
2455 5484 2687 5546 Mimas:
2719 5488 2892 5545 Amici
2910 5487 3043 5542 vitia
3065 5487 3111 5543 si
3137 5485 3296 5553 feras,
3336 5485 3471 5542 facis
3502 5494 3615 5543 tua.

2068 5573 2192 5610 θυι.

2068 5573 2171 5613 οωι
2178 5598 2192 5614 ο

2098 5640 2121 5667 ε
2150 5629 2351 5686 Gellius
2377 5631 2469 5686 lib.
2500 5647 2559 5698 n,
2582 5645 2702 5699 cap.
2731 5627 2821 5697 29,
2847 5628 3084 5684 adunare
3111 5644 3362 5697 messem,
3384 5638 3615 5684 tractum

2026 5714 2056 5752 a
2082 5699 2627 5774 Griecotquieodem
2656 5716 2830 5774 sensu
2848 5704 3098 5772 ἡνωμένον
3118 5710 3176 5756 et
3213 5712 3486 5774 συνήμενον
3518 5716 3615 5755 vo-

2025 5779 2168 5844 cant,
2219 5772 2253 5825 l.
2278 5772 2375 5844 750,
2410 5772 2656 5844 ΙὶιεινιιιιιἈ
2685 5771 2744 5844 D.
2801 5771 2875 5844 de
2912 5787 3131 5844 usucap.
3164 5773 3313 5829 unita
3342 5771 3613 5844 ecrpora;

2024 5840 2248 5899 Senecae
2274 5842 2367 5899 lib.
2398 5859 2456 5913 ιι,
2486 5857 2606 5912 cap.
2629 5841 2683 5909 2,
2701 5841 2822 5900 Nat.
2844 5841 3045 5910 Quasst.
3078 5840 3247 5902 Fons.
3440 5840 3457 5844 ’
3590 5882 3595 5887 ο
