3958 6454
500 367 605 428 655

1692 359 1762 416 M.
1802 343 2073 414 tussiat
2112 351 2514 412 CASSIODORI

3659 329 3772 398 ϐπ

500 488 615 559 ejus
637 485 859 557 Agapita
877 481 1010 555 juris
1039 483 1212 540 fuerat
1239 481 1582 540 solemnitate
1607 487 1897 543 mercatus,
1923 484 2074 549 post-
2099 475 2153 538 Α
2180 472 2311 528 nihil
2343 472 2455 527 ﬁeri
2497 465 2743 526 volumus
2773 465 3002 531 incivile,
3057 463 3208 536 cujus
3235 459 3588 535 quotidianus
3614 457 3772 514 labor

497 580 669 651 posita
699 577 955 632 dilatione
981 592 1104 632 cum
1149 575 1486 632 documentis
1523 573 1772 630 omnibus
1821 569 2072 641 praedicto

497 669 711 738 conjugi
757 668 1090 736 redderetur,
1132 667 1258 722 dum
1286 682 1317 723 a
1344 667 1455 723 suis
1481 666 1842 738 penetralibus
1877 663 2074 719 sollici-

499 768 664 814 tatam
714 757 1041 832 lacrymabili
1089 761 1384 829 quaestione
1435 767 1750 831 quereretur
1808 773 2070 813 uxorem:

501 850 755 905 addentes
785 866 937 905 more
966 857 1161 905 nostrae
1198 851 1417 920 justitiae
1447 861 1633 921 postea
1668 851 1828 906 fuisse
1871 864 2074 920 pnece-

497 949 672 1012 ptum,
703 948 762 994 ut
800 940 845 994 si
873 941 1084 1010 patrOni
1114 942 1273 996 vestri
1299 942 1365 997 de
1393 959 1568 998 causa:
1594 945 1847 1014 qualitate
1874 959 2077 1012 pracsu-

499 1042 731 1102 merent,
775 1033 840 1087 ad
884 1042 1126 1089 nostrum
1177 1034 1489 1088 comitatum
1525 1037 1675 1090 ocius
1714 1035 2076 1100 destinarent;

501 1133 562 1179 ut
589 1139 708 1192 qum
747 1123 959 1180 ratione
1003 1126 1277 1182 conveniri
1319 1134 1587 1197 poterant,
1633 1128 1780 1182 velut
1809 1145 1838 1182 a
1860 1127 2080 1196 justitiae

499 1213 738 1272 fontibus
784 1225 1111 1271 emanarent.
1164 1216 1501 1288 Quapropter
1529 1218 1572 1272 si
1624 1218 1771 1271 nullo
1803 1217 2080 1271 mendacio

500 1307 759 1362 vitiantur
784 1317 1010 1375 asserta,
1040 1326 1138 1380 per
1165 1309 1397 1365 ollicium
1439 1321 1636 1365 nostrae
1660 1309 1804 1366 sedis
1830 1307 2083 1363 Basilium

504 1399 842 1458 decernimus
872 1403 1178 1468 admoneri;
1211 1412 1270 1458 ut
1298 1404 1343 1460 si
1382 1404 1513 1459 nihil
1540 1413 1622 1459 est
1670 1404 1812 1474 quod
1844 1419 1942 1473 pro
1971 1403 2083 1458 suis

501 1497 745 1566 partibus
788 1497 958 1566 possit
1005 1512 1300 1569 Opponere,
1344 1498 1628 1566 quominus
1675 1495 1728 1548 in
1774 1495 1875 1549 hac
1922 1510 2083 1549 causa

502 1584 763 1656 pulsetur,
790 1583 980 1640 vestris
1011 1585 1395 1640 intentionibus
1431 1600 1786 1655 responsurus
1818 1594 2082 1650 occurrat,

499 1687 598 1732 seu
627 1677 690 1730 ad
713 1676 1026 1731 comitatum
1049 1677 1256 1743 venire,
1283 1691 1377 1729 seu
1404 1669 1456 1728 in
1487 1673 1814 1746 competenti
1838 1675 1953 1729 foro
1971 1674 2087 1743 jur-

501 1773 627 1836 g‘are
657 1767 906 1822 maluerit
934 1785 946 1820 :
972 1768 1098 1836 quia
1129 1766 1288 1821 nullis
1317 1766 1691 1821 necessitatem
1721 1764 2086 1835 longinquita-

501 1858 569 1912 tis
599 1860 940 1928 impmtnnus,
975 1858 1073 1913 nisi
1099 1859 1189 1928 qui
1226 1857 1336 1912 suis
1379 1857 1481 1912 hoc
1511 1856 1808 1911 commodis
1833 1855 2086 1925 expedire
2116 1869 2164 1929 Β

502 1959 853 2017 cognoscunt.
898 1949 956 2003 1n
1008 1951 1182 2004 locum
1229 1948 1490 2018 siquidem
1549 1947 1794 2001 beneﬁcii
1846 1956 2085 2001 nostram

501 2046 840 2115 przesentiam
864 2045 1084 2111 damus;
1118 2053 1172 2101 et
1199 2046 1318 2101 ideo
1341 2060 1448 2100 non
1474 2042 1627 2100 decet
1657 2044 1837 2102 invitis
1862 2044 2084 2116 imponi,

504 2137 648 2207 quod
676 2143 916 2195 meretur
945 2135 1142 2210 optari.

1047 2272 1380 2328 EPISTOLA
1417 2274 1550 2329 XLI.

777 2400 957 2442 JOANNI
986 2402 1285 2444 ARCBIATBO
1311 2403 1669 2444 THEODORICUS
1697 2403 1821 2444 REX.

511 2495 756 2554 Declarat
783 2518 836 2556 se
864 2501 1066 2557 abolere
1103 2507 1403 2558 sententiam
1431 2523 1464 2558 (ι
1502 2506 1690 2559 i-icnrio
1729 2505 1868 2559 urbis
1915 2502 2094 2559 Roma:

580 2582 760 2647 contra
808 2589 920 2626 eum
963 2577 1181 2647 artificio
1217 2575 1418 2629 Viviani
1457 2578 1856 2647 promulgatum,
1903 2585 1950 2630 et
1979 2592 2093 2630 eum

577 2643 748 2720 reddit
775 2647 960 2714 patria:
988 2643 1233 2720 rebusque
1273 2643 1526 2720 omnibus,
1569 2643 1943 2720 conimunitque
1978 2663 2094 2702 eum

577 2716 912 2786 imposterum
939 2716 1155 2772 mitione
1180 2718 1353 2784 Aligiui
1382 2720 1610 2788 patricii.

580 2832 923 2905 Pmpositum
950 2835 1132 2905 regale
1151 2842 1234 2891 est
1259 2836 1454 2905 pressis
1476 2836 1598 2891 labe
1624 2836 1852 2891 fortuna:
1879 2836 2097 2907 pietatis

509 2931 748 2986 remedio
775 2930 1080 2996 subvenire,
1113 2938 1168 2985 et
1191 2931 1414 2986 acerbos
1444 2946 1601 2986 casus
1627 2931 1830 3000 injuriae
1871 2931 2096 2987 meliore

509 3032 656 3077 sorte
693 3030 922 3078 mutare.
955 3023 1087 3077 Data
1127 3023 1391 3092 siquidem
1435 3024 1827 3095 supplicatione
1855 3039 2096 3094 conque.

509 3115 664 3182 reris,
692 3117 865 3170 virum
905 3117 1251 3186 spectabilem
1292 3116 1574 3172 Viviauum
1624 3117 1800 3186 legum
1849 3117 2096 3186 artiﬁcio,

509 3223 618 3278 quo
666 3211 827 3265 callet
875 3209 1016 3284 [Con
1051 3209 1224 3276 Gam.,
1275 3209 1472 3282 calet],
1522 3211 1759 3280 elatum,
1810 3223 2096 3282 personam

513 3310 659 3355 tuam
687 3303 911 3371 objectis
938 3304 1400 3359 criminationibus
1437 3305 1764 3368 insecutum;
1815 3311 1868 3360 'et
1916 3319 1982 3360 eo
2013 3320 2096 3360 us-

515 3407 621 3461 que
649 3403 986 3464 perventum,
1015 3405 1075 3450 ut
1107 3394 1418 3451 indefensus
1444 3405 1631 3451 contra
1675 3397 1811 3467 juris
1853 3398 2098 3454 ordinem

517 3484 700 3539 vicarii
729 3486 874 3540 urbis
900 3485 1084 3542 Romae
1120 3489 1385 3543 sententia
1415 3489 1745 3544 damnarerls
1779 3507 1790 3542 ε
1826 3503 1967 3545 nunc
2005 3507 2101 3546 au-

517 3581 627 3628 tem
653 3577 916 3645 religiosa:
939 3579 1134 3634 mentis
1156 3579 1350 3635 adeetu
1365 3582 1486 3637 odia
1509 3581 1774 3637 mundana
1793 3583 2098 3655 damnasse,

515 3667 836 3737 auctoriqne
863 3685 961 3726 suo
990 3676 1138 3726 tuum
1163 3672 1496 3744 displicuisse
1524 3677 1836 3748 periculum.
1863 3676 1929 3733 Et
1954 3679 2096 3744 ideo,

517 3759 566 3815 si
593 3761 754 3818 nullis
779 3761 1270 3834 inipn'gnationibus
1299 3779 1623 3825 euervantur
1656 3781 1884 3841 asserta,
1929 3771 2103 3828 hesio-

521 3867 645 3907 nem
675 3865 782 3909 nun
809 3856 1046 3925 patimur
1084 3859 1292 3914 miseris
1319 3860 1603 3930 inhaerere,
1634 3877 1794 3934 quam
1837 3865 1947 3919 suis
1974 3861 2105 3919 cori-

521 3945 1198 4005 stiteritmachinatoribus
1220 3949 1521 4021 displicere.
1542 3955 1882 4024 Quapropter
1903 3958 1955 4011 in
1977 3957 2107 4014 abo-

521 4035 676 4091 litum
724 4039 884 4094 missa
932 4042 1218 4108 sententia,
1270 4059 1448 4114 quzea
1491 4045 1690 4100 vicario
1730 4047 1875 4102 urbis
1921 4047 2107 4104 Romae

521 4145 686 4202 super
714 4133 814 4188 hac
842 4141 996 4204 parte
1029 4131 1272 4190 nosciuir
1320 4139 1676 4207 promulgata,
1712 4142 1897 4210 patriae
1939 4151 1992 4197 te
2019 4158 2107 4197 re-

523 4227 728 4298 busque
751 4228 999 4285 enmibus
1032 4237 1054 4266 ⁸
1088 4238 1272 4285 nostra
1302 4231 1476 4286 reddit
1512 4234 1834 4301 auctoritas;
1881 4237 2109 4299 necullo

527 4330 769 4392 tempore
795 4323 1116 4378 calumniam
1157 4319 1320 4396 super
1348 4319 1451 4382 hac
1481 4335 1634 4398 parte
1681 4326 1958 4384 formides.
2002 4321 2109 4385 Sed

525 4425 594 4466 ne
637 4412 952 4482 cujusquam
999 4413 1222 4470 forsitan
1273 4417 1552 4486 plectentia
1599 4421 1878 4474 temeritas
1908 4420 1934 4458 δ
1965 4421 2017 4475 in
2059 4430 2112 4478 te

527 4501 758 4570 impetus
803 4517 1057 4573 reparare
1101 4507 1276 4575 possit
1323 4507 1600 4574 audaciae,
1651 4510 1862 4580 patricii
1910 4508 2108 4577 Albini,

527 4590 690 4646 salvis
716 4590 949 4661 legibus.
995 4595 1151 4651 tuitio
1197 4604 1252 4653 te
1291 4596 1547 4668 deputata
1591 4600 1922 4656 communiet
1945 4615 1962 4658 :
1986 4601 2113 4670 quia

601 4787 1008 4870 (Sententiam‘
1030 4797 1174 4864 passi
1217 4796 1529 4870 restitutio:
1562 4795 1654 4870 lib.
1695 4811 1896 4866 super.,
1947 4800 2108 4870 epist.

530 4862 617 4929 46,
651 4864 954 4935 exemplum
981 4862 1137 4921 famae
1157 4869 1414 4921 restitutae
1437 4867 1553 4922 fuit.
1585 4862 1907 4935 Anton-inus,
1933 4862 2112 4926 Resti-

531 4943 624 4990 tuo
656 4943 708 4988 te
739 4934 813 5009 in‘
842 4935 1106 5009 integrum
1153 4937 1444 5009 provincize
1488 4947 1620 5005 tuae;
1669 4947 1725 4994 et
1771 4934 2008 5009 adjecit:
2047 4941 2114 4997 Ut

532 5015 710 5059 autem
741 5005 1033 5077 sciasqnid
1063 5007 1131 5061 sit
1155 5005 1212 5061 in
1262 5006 1524 5076 integrum
1570 5005 1895 5077 restituere,
1949 5011 2113 5067 hono-

532 5080 694 5141 ribus,
725 5085 780 5131 et
802 5076 975 5131 ordini
1004 5081 1117 5144 tuo,
1147 5086 1198 5132 et
1219 5081 1425 5133 (ueteris
1454 5081 1699 5135 omnibus
1724 5076 1970 5147 restituo,
1993 5083 2029 5136 l.
2057 5083 2106 5137 1.

532 5147 591 5202 C.
619 5149 685 5222 de
724 5157 864 5202 seut.
897 5163 1038 5222 pass.
1066 5157 1120 5222 et
1156 5151 1326 5203 restit.
1357 5147 1599 5206 Julianus
1625 5153 1814 5222 imper.
1839 5152 2112 5207 Zenonem

532 5218 798 5274 medicum
847 5220 1121 5289 religionis
1150 5236 1310 5275 causa
1335 5222 1670 5278 exsulantem
1703 5218 2006 5289 'revocans,
2038 5223 2112 5279 ita

532 5290 822 5375 rescripsit:
854 5294 1020 5372 κάῖίθι
1048 5292 1211 5375 cuive-2
1240 5291 1488 5375 ἐπίτιμος,
1520 5298 1600 5348 καὶ
1626 5296 1682 5348 τὸ
1702 5295 1945 5369 πρότερον
1971 5295 2113 5366 ἔχων

534 5359 750 5432 agam.
785 5359 1052 5415 Ammian.
1085 5361 1320 5418 Marcell.
1354 5359 1442 5418 lib.
1475 5359 1621 5419 xxix.
1656 5359 1895 5419 llli'ver'o
1923 5359 2113 5419 exsilio

532 5443 584 5485 et
609 5433 932 5499 pecuniariis
957 5432 1139 5488 afﬂicti
1168 5435 1459 5504 dispendiis
1495 5435 1655 5504 paulo
1687 5444 1872 5503 postea
1907 5437 2114 5489 reddita

534 5504 628 5555 sibi
679 5505 1037 5575 militiarsunt
1084 5506 1356 5571 revocati,
1400 5506 1749 5575 dignitatibus
1793 5505 2015 5573 integris
2061 5513 2116 5559 et

535 5576 836 5644 splendore.
863 5573 1031 5631 FURN.
1463 5573 1502 5641 ⁷,
1790 5640 1792 5644 ,

609 5647 629 5678 ἰ
662 5643 754 5699 Gr.
790 5655 844 5699 et
872 5645 1018 5713 Cuj.,
1047 5647 1306 5700 severitas.
1332 5645 1467 5710 Jur.,
1497 5645 1651 5712 forte,
1689 5647 1941 5700 'screvilas.

612 5725 630 5750 ι’
665 5713 1031 5770 Theodericus
1081 5733 1173 5772 rex
1215 5731 1333 5772 sese
1365 5727 1650 5788 parentem
1702 5719 1972 5788 publicum
2005 5731 2122 5771 esse

537 5788 745 5856 a=setit,
774 5797 826 5840 ct
847 5789 1132 5854 aliquoties
1159 5787 1426 5856 principes
1449 5789 1696 5843 dicuntur
1718 5806 1832 5842 css‘c
1853 5787 1956 5840 nati
1980 5789 2121 5841 bono

539 5855 864 5929 reipublicae,
896 5866 949 5909 et
976 5855 1353 5929 imperatorem
1377 5859 1442 5912 ad
1470 5859 1696 5913 salutem
1728 5858 1993 5929 publicani
2025 5874 2120 5928 ge-

541 5930 714 5984 nitum
739 5927 990 5997 legimus;
1021 5925 1143 5988 ideo
1173 5927 1380 5986 Seneca
1405 5939 1562 5987 vocet
1594 5925 1860 6004 principes
1888 5937 1943 5988 et
1965 5925 2126 6000 reges

2175 5425 2179 5428 _
2215 5365 2585 5420 Genethliaco.
2620 5360 2768 5418 Paul.
2814 5363 2866 5417 in
2896 5363 2935 5416 l.
2979 5360 3031 5426 3,

2176 581 2257 626 est
2283 585 2381 641 pro
2410 565 2646 640 generali
2673 564 2854 636 quiete
2877 571 3126 616 tractare.

2710 679 3044 736 EPISTOLA
3079 675 3237 731 XLII.

2318 789 2578 834 ARGOLICO
2605 788 2897 829 PBBFBCTO
2927 786 3073 824 UBBIS
3103 781 3464 824 THEODORICUS
3493 781 3627 820 REX.

2177 870 2328 926 lubet
2372 881 2428 923 ut
2473 869 2808 922 restituantur
2859 864 3131 917 Marciana
3175 871 3325 932 atque
3372 859 3618 932 Maximo
3648 860 3770 929 ﬁliis

2262 940 2528 996 Volusiani
2558 940 2712 990 turris
2742 935 2863 989 cirri
2895 945 3044 1005 atque
3065 934 3201 986 locus
3228 931 3630 1005 amphitheatri,
3661 947 3770 1002 quae

2247 1013 2344 1068 sibi
2373 1019 2582 1079 erepta,
2634 1008 2757 1061 dum
2786 1003 3038 1074 deﬂenda:
3086 1003 3239 1058 morti
3284 1006 3448 1072 patris
3493 1011 3768 1067 vacarent,

2248 1082 2708 1154 conquerebantur.

2253 1175 2398 1230 Bene
2441 1171 2754 1243 principalis
2799 1168 3083 1225 clementia
3129 1167 3389 1236 suscipit,
3418 1179 3564 1234 quos
3607 1166 3776 1233 pietas

2181 1276 2406 1340 paterna
2447 1265 2710 1332 destituit,
2736 1263 2859 1333 quia
2889 1263 2986 1316 sub
3013 1270 3234 1332 parente
3256 1260 3473 1330 publico
3509 1271 3532 1296 ε
3562 1258 3774 1325 genito-

2184 1360 2260 1414 ris
2301 1357 2519 1412 minime
2546 1355 2736 1412 sentiri
2763 1354 2925 1409 debet
2954 1351 3190 1406 amissio.
3245 1350 3322 1404 Ad
3365 1365 3470 1405 nos
3509 1347 3774 1416 siquidem

2180 1455 2302 1525 jure
2332 1452 2559 1508 recurrit
2587 1451 2808 1505 infantia
2837 1450 3119 1513 destituta,
3156 1447 3350 1516 quibus
3397 1447 3772 1500 universum

2187 1546 2459 1601 hominum
2485 1542 2765 1613 proliciunt
2790 1541 3140 1596 incrementa.
3157 1537 3598 1592 Clarissimorum
3625 1536 3778 1602 igitur

2190 1640 2496 1694 adulterum
2539 1635 2793 1692 Marciani
2829 1641 2994 1702 atque
3037 1632 3252 1688 Maximi
3286 1643 3386 1685 nos
3410 1631 3642 1699 querela
3669 1628 3778 1698 pul-

2189 1733 2356 1796 savit,
2385 1743 2506 1785 cum
2549 1728 2890 1798 paschalibus
2916 1727 3106 1781 diebus
3152 1726 3358 1794 paterni
3389 1723 3567 1779 luctus
3597 1731 3777 1777 essent

2190 1825 2410 1879 vulnere
2432 1823 2675 1885 sauciati,
2707 1828 2760 1874 et
2784 1821 2834 1873 in
2857 1819 2974 1891 ipso
3003 1819 3198 1874 laetitiae
3225 1824 3476 1888 tempore
3500 1815 3598 1871 soli
3624 1829 3780 1883 coge-

2190 1924 2375 1971 rentur
2404 1913 2675 1968 tristitiam
2718 1911 3001 1980 sustinere,
3045 1911 3329 1964 utilitatem
3368 1923 3527 1963 suam
3562 1908 3660 1977 pio
3685 1922 3778 1960 ne-

2190 2007 2421 2078 glexisse
2449 2009 2781 2073 contemptu,
2813 2013 2938 2056 cum
2966 2003 3049 2056 vel
3081 2001 3246 2056 ﬁrmae
3264 2001 3410 2055 aetati
3436 1999 3778 2068 interlaery-

2190 2111 2307 2153 mas
2353 2096 2453 2150 ista
2494 2095 2752 2163 cogitare,
2801 2105 2969 2162 genus
2995 2092 3272 2147 videretur
3297 2091 3543 2148 insaniae.
3599 2089 3776 2144 Cessat

2191 2190 2335 2246 enim
2363 2190 2497 2244 lucri
2526 2188 2786 2254 ambitus,
2816 2201 2938 2242 eum
2982 2193 3206 2241 vacatur
3245 2184 3315 2238 ad
3364 2185 3652 2253 planctus;
3690 2197 3777 2242 nee

2191 2302 2345 2342 mens
2371 2285 2649 2357 quodlibet
2668 2282 2811 2338 aliud
2833 2282 2997 2352 capit,
3027 2297 3147 2335 cum
3167 2294 3287 2334 eam
3308 2278 3546 2349 qualitas
3573 2277 3776 2348 pietatis

2192 2381 2514 2452 impleverit.
2565 2378 2677 2433 liae
2705 2375 2910 2432 crudeli
2935 2374 3284 2445 subreptione
3311 2381 3529 2443 captata
3581 2380 3774 2426 turrem

2194 2475 2322 2530 circi
2350 2483 2514 2542 atque
2543 2471 2722 2526 locum
2738 2469 3119 2539 amphitheatri
3150 2466 3369 2521 illustris
3392 2466 3777 2520 recordationis

2194 2567 2364 2640 patris
2407 2579 2593 2620 eorum
2619 2561 2923 2618 detestabili
2951 2561 3154 2614 ambitu
3195 2573 3226 2612 a
3266 2557 3465 2612 vestris
3496 2564 3778 2625 suggerunt

2195 2660 2426 2715 fascibus
2453 2658 2767 2728 expetitum.
2793 2655 3032 2722 Quorum
3061 2652 3431 2706 insidiatorem
3459 2665 3574 2703 non
3602 2650 3776 2702 huma-

2196 2751 2379 2807 nitatis
2407 2750 2544 2805 ullus
2590 2747 2866 2803 revocavit
2915 2743 3170 2809 affectus,
3202 2757 3310 2796 non
3353 2740 3550 2795 similis
3602 2739 3774 2793 terruit

2197 2860 2353 2900 casus
2387 2862 2398 2896 :
2429 2843 2672 2912 gravavit
2715 2838 2990 2894 infantiam
3010 2879 3025 2905 ,
3056 2836 3142 2891 cui
3190 2850 3296 2889 non
3327 2833 3651 2900 subvenire,
3679 2848 3777 2887 me-

2197 2935 2302 2990 rito
2331 2933 2549 3003 pudoris
2573 2931 2871 2987 restituatur
2897 2944 3014 2983 esse
3037 2925 3267 2998 jactura.
3302 2924 3410 2980 Sed
3442 2937 3566 2989 nos,
3589 2926 3675 2994 qui
3700 2939 3778 2978 re-

2197 3026 2350 3094 gulas
2384 3033 2649 3089 veterum,
2681 3020 2774 3093 qui
2804 3033 3079 3076 servamus
3120 3025 3390 3074 momenta
3425 3015 3674 3086 pietatis,
3702 3027 3780 3068 sa-

2199 3115 2338 3175 lubri
2368 3118 2702 3174 ordinatione
2730 3131 3042 3180 censemus;
3067 3120 3126 3167 ut
3153 3112 3197 3169 si
3223 3109 3495 3182 quondam
3543 3108 3780 3180 patricius

2125 3241 2172 3313 ο
2204 3219 2364 3281 atque
2412 3207 2727 3278 magniﬁcus
2772 3208 2853 3262 vir
2899 3204 3218 3306 Volusianus
3272 3211 3428 3274 pater
3494 3201 3778 3313 suppfiﬁum

2203 3308 2624 3356 commemorata
2679 3297 2797 3353 loca
2849 3297 3120 3352 communi
3174 3293 3295 3368 iure
3345 3291 3618 3363 possedit,
3676 3291 3782 3346 ﬁliis

2202 3393 2378 3463 perire
2409 3407 2515 3445 non
2554 3389 2816 3455 debeant;
2849 3388 3142 3459 praesertim
3173 3391 3293 3440 cum
3324 3397 3546 3453 germen
3577 3389 3785 3439 senato-

2202 3487 2343 3542 rium
2383 3484 2410 3523 ἀ
2441 3484 2593 3540 novis
2622 3484 2900 3554 cupiamus
2921 3480 3194 3536 beneﬁciis
3223 3478 3483 3540 enutrirc,
3510 3492 3616 3530 non
3649 3473 3786 3528 inter

2206 3580 2319 3652 ipsa
2343 3579 2489 3635 initia
2519 3595 2669 3650 spem
2699 3578 2893 3632 adultae
2912 3575 3084 3631 aetatis
3114 3574 3288 3642 aliqua
3314 3569 3534 3627 laesione
3563 3566 3784 3638 compri-

2205 3691 2374 3730 mere.
2405 3673 2580 3743 Atque
2611 3673 2730 3727 ideo
2775 3670 2993 3725 illustris
3033 3665 3427 3738 magniﬁcentia
3462 3673 3580 3732 tua,
3611 3659 3783 3730 siquid

2201 3757 2312 3822 tale
2339 3767 2532 3822 factum
2555 3781 2674 3821 esse
2690 3763 2950 3828 meminit,
2977 3761 3119 3818 illico
3143 3761 3354 3816 noverit
3379 3753 3782 3826 corrigendum

2209 3875 2276 3914 ne
2303 3857 2661 3914 Venerandum
2693 3872 2920 3912 examen
2949 3851 3207 3909 senatorii
3235 3849 3440 3908 ordinis
3467 3848 3655 3918 iniqua
3682 3857 3781 3917 prb

2209 3952 2512 4024 sumptione
2540 3937 2853 4008 temeretur.

2720 4083 3055 4141 EPISTOLA
3090 4083 3268 4140 XLIII.

2441 4196 2666 4236 SENATUI
2692 4195 2842 4236 UIBIS
2867 4195 3024 4235 BOIE
3056 4190 3420 4234 τιιεουοιιιευς
3447 4191 3582 4232 ιιι.

2215 4273 2529 4344 Decernite!
2547 4273 2774 4343 inquirat
2796 4273 2851 4326 in
2879 4288 2966 4326 eos
2993 4272 3078 4344 qui
3096 4271 3396 4325 seditionem
3419 4277 3795 4344 eamea-aut

2283 4354 2332 4416 et
2372 4340 2673 4398 Judworu'm
2701 4340 3022 4414 synagogant
3047 4347 3538 4421 concremaverunt;
3572 4350 3724 4421 atque
3749 4340 3797 4421 in

2284 4413 2518 4468 (καίτοι-εδ
2556 4409 2768 4484 paucos,
2818 4409 2940 4484 riuo}
2987 4414 3208 4484 potuerit
3253 4409 3504 4477 invenire,
3562 4409 3794 4464 animad-

2283 4494 2465 4540 vertat.

2287 4593 2446 4652 Urbis
2496 4591 2753 4651 Romam
2789 4591 3017 4651 celebris
3057 4589 3238 4666 opinio
3283 4607 3383 4648 suo
3429 4585 3798 4648 Conservanda

2218 4811 2424 4857 tutores
2447 4807 2619 4856 status
2647 4797 2864 4868 publici.
2893 4796 3208 4868 Ammianus
3245 4787 3594 4868 Marcellinus
3620 4790 3800 4846 scribit

2218 4889 2248 4928 a
2292 4873 2464 4927 salute
2504 4865 2791 4942 principis,
2823 4869 2977 4942 velut
3004 4865 3091 4942 filo
3121 4866 3356 4942 pendere
3393 4872 3594 4942 statum
3623 4875 3801 4916 rerum

2219 4943 2384 5008 orbis,
2429 4936 2840 5012 niliilque'aliud
2872 4954 2990 4994 esse
3007 4938 3323 5012 imperium,
3355 4936 3457 5012 nisi
3488 4949 3674 4989 curam
3717 4945 3803 4987 sa-

2217 5014 2343 5068 lutis
2369 5007 2598 5067 alienmf
2616 5012 2725 5067 Nec
2770 5012 2866 5066 abs
2891 5025 2950 5065 re
2994 5008 3281 5065 Christiani
3309 5007 3538 5061 orabant
3567 5020 3668 5072 pro
3696 5017 3804 5056 ma-

2253 5084 2526 5155 istratibus
2568 5083 2999 5155 principibusque
3027 5080 3208 5155 _etiat_n_
3253 5077 3514 5155 paganisa
3542 5083 3605 5128 ut
3645 5073 3804 5155 refert

2265 5154 2534 5208 ertullian.
2568 5143 2638 5207 lin
2670 5143 2984 5222 Apologfet
3013 5143 3306 5222 Arnobius;
3333 5143 3609 5222 quoniam
3657 5143 3803 5196 salus

2215 5225 2471 5294 principis
2491 5214 2822 5295 privatorum
2844 5214 3059 5295 quoque
3077 5215 3505 5295 salusﬁest_._Vide
3517 5214 3804 5295 senecam,

2216 5286 2309 5348 lib.
2359 5286 2405 5349 η’
2446 5286 2512 5349 de
2543 5286 3010 5362 Trauqttill.'vitce
3042 5306 3161 5362 cap.
3326 5286 3704 5362 Mamertinum
3756 5286 3806 5362 in

3128 5401 3142 5415 .
3184 5358 3278 5414 on.
3326 5355 3475 5426 praef.
3514 5353 3694 5422 vigit,
3738 5354 3808 5404 ait

2213 5436 2442 5490 salutem
2472 5435 2778 5505 reipublicae
2807 5434 2945 5489 tueri
2986 5432 3116 5505 nulli
3144 5430 3312 5498 magis
3353 5426 3680 5505 convenire.
3711 5437 3808 5476 nec

2218 5506 2378 5560 alium
2402 5497 2650 5561 sufﬁcere
2679 5507 2728 5560 ei
2760 5505 2837 5559 rei
2865 5519 3022 5573 quam
3053 5497 3339 5573 Cursarem.
3371 5497 3562 5573 Bnoss.

2297 5578 2320 5612 ά
2348 5560 2672 5631 Senatorum
2717 5560 3259 5644 velut-paternarum
3306 5569 3523 5644 laudum

2227 5647 2419 5718 eximio
2469 5633 3025 5718 quodamnobilitatis
3046 5645 3266 5718 honore
3281 5640 3662 5718 censebantur,
3693 5633 3809 5718 ιιηιξ,

2227 5700 2259 5770 li.
2295 5700 2343 5776 7.
2376 5700 2678 5781 Senator-is;
2711 5716 2748 5770 l.
2779 5713 2830 5780 9,
2863 5717 3019 5776 ﬁlius,
3045 5715 3103 5768 1).
3138 5713 3206 5767 de
3234 5706 3684 5781 Senatoribusal.
3717 5700 3806 5781 ἷξε).

2227 5773 2490 5853 exemplo,
2523 5788 2583 5842 (ἶ.
2616 5773 2682 5842 de
2711 5773 3092 5861 det-Luramulta
3119 5783 3287 5847 Bud.;
3392 5781 3489 5834 ult.
3615 5775 3685 5831 de

2228 5849 2504 5912 ualoribus
2537 5877 2545 5910 :
2581 5859 2821 5912 nonnihil
2851 5859 3013 5914 etiam
3043 5871 3142 5912 nos
3163 5851 3483 5919 notavimm,
3531 5849 3568 5905 lo
3615 5861 3655 5914 ἰν
3686 5859 3809 5916 cap-

2228 5928 2315 5998 12,
2345 5928 2531 5986 select.
2562 5929 2798 5988 Fortuna.
