3958 6454
494 348 601 408 σδο

1663 342 1737 400 Ii.
1764 340 2057 401 ᾺΗΒΕΙᾸῙ
2094 340 2496 405 αΑεειοοοιιι

3687 342 3809 402 διο

494 471 684 523 contra
706 460 844 534 juris
870 446 1119 520 ordinem
1158 467 1568 535 prmgravatam.
1610 460 1765 531 Quod
1793 462 1841 519 si
1878 463 1953 519 ita
1980 469 2087 531 est,
2111 463 2167 526 Α
2190 479 2343 520 suam
2373 464 2555 537 prodit
2593 460 2840 534 quisquis
2867 476 3053 521 secum
3094 461 3266 520 multa
3302 464 3641 536 portaverit,
3695 474 3809 520 nec

492 558 712 614 remotis
733 556 1074 628 pmjudiciis,
1097 556 1241 628 apud
1260 556 1513 623 arbitros,
1544 572 1680 628 quos
1699 557 1933 628 partium
1954 571 2087 613 eon-

489 664 680 705 sensus
706 647 962 718 elegerit,
995 655 1051 703 te
1097 648 1413 703 imminente
1432 687 1447 713 ,
1474 663 1637 705 causa
1665 649 1872 720 legibus
1900 650 2088 706 audia-

489 747 596 794 tur.
625 738 779 806 Quod
800 740 845 794 si
873 738 985 793 illic
1013 738 1134 794 linis
1162 740 1366 808 negotii
1390 741 1695 810 nequiverit
1715 741 1961 809 inveniri,
1988 756 2089 813 per

490 830 782 886 instructas
806 845 1087 900 personas,
1106 830 1150 886 si
1171 838 1349 885 tamen
1373 832 1500 901 ipsae
1524 832 1704 887 venire
1728 848 1835 887 non
1862 832 2085 901 eligunt,

490 931 678 981 nostro
706 923 985 979 comitatui
1014 923 1375 978 concurrendi
1405 923 1686 979 licentiam-
1704 923 1949 993 partibns
1977 938 2087 979 non

491 1032 752 1088 negamus
788 1034 802 1070 :
836 1016 927 1071 uLi
959 1032 1060 1073 nec
1087 1016 1391 1087 redemptio
1420 1016 1489 1071 sit
1517 1016 1656 1072 forte
1684 1024 1954 1086 suspecta,
1985 1030 2089 1072 nec

492 1108 749 1166 insidiosa
780 1106 927 1181 [Νὲυ.
956 1116 1007 1165 et
1034 1106 1213 1176 Gam.,
1258 1106 1542 1181 invidiosa]
1570 1108 1742 1179 possit
1769 1122 1969 1165 nocere
1995 1122 2089 1165 ca-

494 1200 717 1259 lumnia.

988 1316 1325 1375 EPISTOLA
1362 1316 1570 1375 XLVII.

544 1448 763 1491 conisu.
794 1434 899 1507 [ed.
930 1430 1277 1505 eonxscanco]
1305 1448 1481 1490 suom
1511 1446 1877 1489 rueononlcus
1903 1447 2034 1489 an.

493 1546 778 1618 Signiﬁcat
804 1563 860 1601 se
907 1547 1166 1617 accepisse
1192 1562 1227 1599 a
1251 1545 1436 1617 legatis
1477 1546 1583 1600 suis
1613 1546 1823 1618 ueredos
1850 1548 2091 1618 frequen-

566 1616 686 1673 tiori
716 1635 867 1672 cursu
892 1618 1142 1689 fatigari;
1170 1626 1222 1670 et
1265 1616 1391 1689 quos
1418 1619 1474 1671 in
1522 1617 1801 1670 utilitatem
1830 1616 2091 1689 publicam

546 1689 787 1759 'jusserat
816 1686 1087 1753 custodiri,
1122 1690 1192 1759 _in
1219 1686 1367 1759 usum
1412 1690 1667 1759 privatum
1713 1686 2090 1759 assumi._ldeo

560 1756 791 1827 decernit
808 1770 862 1813 ut
885 1761 1080 1814 nullum
1106 1756 1328 1812 Gothum
1350 1756 1427 1813 vel
1448 1758 1740 1813 Romanum
1756 1761 1899 1813 exire
1923 1757 2092 1813 Roma

560 1833 813 1914 patiatur,
846 1831 947 1914 nisi
988 1846 1135 1914 quem
1160 1833 1439 1914 praefectus
1469 1831 1714 1899 prtetorio
1756 1838 1806 1883 et
1844 1832 2092 1913 magister

561 1903 843 1972 ofﬁciorum
880 1902 1201 1963 dimiserint;
1244 1910 1298 1954 ut
1348 1903 1437 1971 qui
1486 1918 1645 1954 unum
1692 1917 1875 1971 equum
1914 1902 2089 1956 invitis

563 1973 671 2027 illis
713 1973 894 2040 quibus
945 1973 1055 2028 haec
1109 1987 1233 2024 cura
1286 1972 1536 2025 mandata
1584 1981 1678 2035 est,
1730 1974 2090 2043 assumpserit,

562 2052 766 2097 centum
796 2043 991 2099 solidos
1032 2045 1240 2097 mulctaz
1269 2045 1475 2096 nomine
1520 2051 1734 2113 cogatur
1762 2044 1991 2111 inferre;
2035 2050 2094 2095 ut

562 2116 719 2196 etiam
748 2131 895 2169 nemo
940 2114 1214 2185 plusquam
1242 2122 1444 2167 centum
1474 2113 1726 2167 librarum
1767 2130 1928 2168 onera
1962 2128 2091 2184 equo

564 2193 819 2254 imponat.

564 2300 791 2355 Assidua
820 2299 1183 2356 sollicitudine
1204 2297 1501 2354 refovenda
1525 2304 1652 2352 sunt
1677 2311 1797 2367 quae
1825 2296 2093 2353 continuis

500 2392 773 2449 exercitiis
793 2390 1074 2460 subiacere
1101 2398 1420 2447 noscuntur.
1454 2389 1919 2457 Quemadmodum
1946 2389 2092 2446 enim

492 2485 721 2555 subjecti
769 2484 1092 2541 veredorum
1134 2484 1441 2541 necessario
1486 2482 1757 2539 sufliciant
1805 2484 1997 2554 labori,
2047 2485 2095 2541 si

496 2578 841 2649 permittatur
869 2578 1058 2633 excedi
1105 2579 1180 2632 ll?
1232 2577 1647 2632 lncitamentum
1686 2576 1949 2647 siquidem
1991 2576 2093 2632 im-

494 2669 679 2742 probae
708 2670 1141 2741 prmsumptionis
1169 2680 1269 2737 est,
1297 2669 1544 2740 neglecta
1573 2669 1838 2725 custodia.
1866 2668 2095 2739 Legato-

495 2778 616 2818 rum
643 2762 826 2834 itaque
863 2770 1171 2818 nostrorum
1210 2764 1552 2833 suggestione
1578 2762 1939 2833 comperimus
1966 2777 2092 2817 cur-

494 2854 673 2910 suales
711 2869 880 2924 equos
916 2853 1184 2926 frequenti
1213 2855 1564 2926 usurpatione
1594 2854 1839 2924 fatigari;
1872 2865 1929 2910 et
1956 2868 2095 2925 quos

494 2963 595 3003 nos
639 2948 1054 3006 necessitatibus
1102 2949 1328 3020 publicis
1386 2950 1632 3020 cupimus
1687 2950 1987 3014 custodiri,
2037 2950 2093 3004 in

494 3053 649 3094 usum
677 3040 1030 3109 cognovimus
1075 3041 1299 3111 privata:
1327 3040 1619 3097 voluntatis
1648 3042 1870 3097 assumi.
1914 3040 2094 3113 Atque

494 3130 615 3187 ideo
645 3132 699 3186 in
736 3133 867 3188 urbe
894 3131 1069 3189 Roma
1098 3134 1439 3189 ordinatione
1468 3133 1704 3204 praefecti
1754 3134 2009 3206 prmtorio
2038 3146 2094 3192 et

2192 556 2394 625 cogitat
2419 556 2487 612 de
2506 556 2784 613 celeritate
2811 555 2904 626 qui
2931 555 3163 613 delicata
3189 571 3250 613 se
3276 557 3531 614 maluerit
3558 573 3810 616 conver-

2190 646 2403 703 satione
2440 654 2693 703 tractare.
2734 646 2907 704 Grues
2946 647 3181 720 denique
3206 649 3429 721 pelagus
3458 650 3805 720 transitura,

2190 752 2387 809 parvos
2430 737 2645 809 lapillos
2683 738 2837 794 uncis
2866 737 3098 809 pedibus
3136 740 3561 812 amplectuntur,
3593 750 3661 796 ut
3700 755 3809 800 nec

2192 842 2379 883 eorum
2409 828 2603 884 levitas
2630 829 2799 885 nimio
2836 838 2999 886 vento
3022 831 3281 902 rapiatur,
3311 849 3416 889 nec
3442 835 3637 889 nativa
3660 834 3807 891 cele-

2191 919 2322 975 ritas
2344 920 2540 991 iniquis
2569 922 2899 992 ponderibus
2940 923 3269 992 ingravetur.
3299 923 3416 981 Hoc
3460 926 3673 980 imitari
3710 941 3808 982 ne-

2191 1020 2397 1083 queunt
2434 1014 2527 1081 qui
2556 1028 2615 1069 se
2642 1014 2710 1069 ad
2738 1015 2983 1085 publicas
3032 1017 3386 1073 necessitates
3420 1016 3644 1072 electos
3688 1032 3809 1075 esse

2192 1113 2546 1174 cognoscunt.
2573 1103 2641 1159 Et
2674 1106 2795 1169 ideo
2810 1107 3199 1178 quinquaginta
3220 1107 3521 1164 solidomm
3536 1106 3806 1164 mulctam

2184 1196 2299 1267 jam
2333 1212 2441 1252 non
2484 1196 2833 1264 veredarius,
2882 1198 2981 1255 sed
3028 1199 3391 1255 catahulensis
3434 1195 3465 1235 ἀ
3514 1198 3805 1267 incurrat,

2191 1286 2432 1357 quisquis
2462 1285 2600 1341 ultra
2624 1295 2843 1342 centum
2887 1286 3053 1342 libras
3084 1287 3407 1359 parhippmn
3438 1296 3464 1326 ⁸
3508 1286 3806 1343 crediderit

2190 1380 2544 1435 onerandum.
2578 1379 2673 1435 His
2703 1389 2890 1436 autem
2928 1381 3021 1451 qui
3048 1380 3540 1453 suprascriptarum
3570 1380 3804 1451 dignita-

2192 1482 2308 1530 tum
2334 1475 2539 1531 vicibus
2569 1476 2623 1530 in
2652 1473 2800 1531 Urbe
2828 1483 3102 1546 praesunt,
3134 1484 3190 1530 te
3218 1476 3515 1531 observare
3553 1473 3804 1544 praecipi-

2194 1584 2343 1636 mus;
2375 1576 2643 1639 quatenus
2672 1584 2943 1633 excessus,
2974 1568 3067 1639 qui
3108 1568 3175 1623 ab
3206 1567 3313 1623 illis
3337 1566 3593 1623 detectus
3624 1566 3801 1629 fuerit,

2195 1660 2544 1716 exsecutione
2573 1668 2662 1715 tua
2696 1659 3005 1730 supradicta
3033 1658 3492 1714 condemnatione
3520 1658 3801 1729 puniatur.

2196 1750 2411 1822 Siquos
2450 1759 2631 1806 autem
2663 1752 3029 1822 intemperans
3054 1750 3211 1821 culpa
3251 1749 3573 1820 perculerit,
3631 1747 3802 1803 colle-
3826 1731 3839 1750 ’

2120 1857 2169 1919 Β
2195 1852 2340 1902 ctam
2356 1844 2712 1914 quantitatem
2733 1860 2831 1914 per
2856 1844 3002 1899 vices
3028 1850 3251 1913 agentes
3273 1839 3615 1909 mancipibus
3634 1835 3657 1875 ί
3681 1852 3807 1891 mu-

2198 1939 2461 1994 tationum
2483 1938 2733 1993 volmnus
2760 1937 3052 2009 applicari;
3078 1944 3140 1992 ut
3158 1935 3424 1992 cursualis
3442 1941 3657 1989 tractus
3686 1930 3803 1987 inde

2195 2030 2395 2086 habeat
2424 2031 2743 2097 remedium,
2776 2031 2917 2086 unde
2946 2031 3207 2086 hactenus
3235 2028 3469 2100 sumpsit
3497 2028 3799 2083 incommo-

2195 2124 2342 2180 dum.
2392 2123 2678 2179 Mundanis
2715 2114 2981 2192 siquidem
3010 2124 3173 2177 rebus
3201 2121 3525 2190 frequenter
3568 2119 3798 2174 nascitur

2195 2213 2522 2268 adversitate
2551 2214 2916 2283 prosperitas;
2950 2220 3005 2268 et
3032 2212 3284 2267 homines
3313 2225 3437 2267 cum
3480 2210 3691 2265 laedere
3717 2225 3796 2264 cu-

2196 2307 2369 2378 piunt,
2401 2304 2663 2361 beneﬁcia
2686 2305 2997 2377 frequenter
3022 2306 3353 2377 impertiunt.
3379 2303 3492 2359 Sed
3516 2304 3704 2359 omnia
3730 2303 3796 2357 sic

2195 2398 2490 2454 efﬁcaciter
2516 2414 2581 2454 ac
2606 2397 2893 2467 diligenter
2928 2398 3205 2469 implebis,
3234 2404 3297 2451 ut
3332 2395 3626 2467 provocati
3655 2394 3794 2449 bonis

2196 2490 2402 2547 actibus
2426 2490 2699 2547 devotioni
2726 2500 2831 2545 tute
2876 2490 3083 2560 majora
3112 2489 3455 2546 committere
3488 2487 3791 2543 debeamus.

2685 2600 3019 2658 EPISTOLA
3052 2600 3284 2657 XLVII].

2393 2710 2609 2752 nusunto
2636 2710 2759 2751 νικο
2788 2702 3034 2751 ILLus'rnt
3061 2706 3434 2749 meonentcus
3450 2707 3587 2747 κει.

2233 2788 2496 2844 Permittit
2516 2796 2572 2842 ut
2620 2805 2712 2858 per
2738 2798 2854 2843 octo
2885 2803 3083 2842 menses
3104 2789 3159 2841 in
3192 2786 3487 2840 Lucaniam
3540 2784 3763 2853 secedat,

2622 2870 2801 2928 postea
2832 2858 3052 2914 Romam
3084 2858 3363 2912 rediturus.

2267 2952 2395 3009 Post
2434 2950 2777 3007 tumultuosae
2808 2950 2966 3005 Urbis
3002 2949 3397 3005 sollicitudines
3429 2948 3701 3014 tzediosas,
3736 2957 3789 3005 et

2197 3044 2636 3101 Observationum
2666 3044 2941 3098 molestias
2966 3043 3329 3112 ingravantes,
3359 3042 3684 3110 magnitudo
3713 3052 3793 3096 tua

2196 3135 2508 3208 provinciali
2529 3135 2800 3191 desiderat
2822 3136 3134 3191 ammnitate
3153 3136 3407 3201 recreari,
3440 3150 3697 3190 asserens
3720 3151 3793 3191 oc-

494 3226 735 3294 magistri
756 3225 1079 3293 ofﬁciorum,
1096 3243 1376 3297 quousque
1392 3227 1594 3282 utilitas
1612 3228 1824 3297 publica
1840 3229 2090 3297 suaserit,
2119 3251 2166 3314 ο
2199 3228 2548 3297 cupationum
2569 3226 2662 3281 tibi
2694 3242 2884 3283 causas
2906 3226 3260 3297 praesentibus
3281 3226 3578 3281 emersisse
3600 3236 3793 3295 tempo-

496 3329 551 3373 te
579 3318 817 3375 residere
845 3334 1159 3385 censemus;
1202 3328 1265 3375 ut
1292 3320 1497 3374 nullum
1526 3318 1825 3375 Gothorum
1865 3322 1948 3376 vel
1984 3320 2095 3378 Ro-
2199 3319 2367 3385 ribus,
2420 3319 2613 3389 quibus
2664 3318 2926 3388 expeditis
2979 3318 3144 3373 rurali
3192 3318 3469 3372 desideras
3533 3319 3795 3372 suavitate

496 3423 776 3465 manorum
807 3411 1002 3467 exinde
1030 3411 1214 3480 egredi
1242 3412 1483 3480 patiaris,
1518 3412 1619 3468 nisi
1648 3427 1785 3482 quos
1814 3413 2094 3482 praedicta—

497 3514 618 3555 rum
669 3500 988 3570 dignitatum
1036 3504 1181 3558 vices
1224 3510 1446 3574 agentes
1487 3501 1627 3558 forte
1669 3502 1987 3558 dimiserint.
2027 3503 2096 3561 Et

500 3592 642 3662 quod
671 3593 826 3648 nobis
855 3592 1166 3663 frequenter
1204 3603 1519 3665 usurpatum
1550 3609 1670 3652 esse
1698 3596 2021 3665 suggeritur,
2050 3596 2097 3652 si

500 3685 620 3754 quis
648 3684 828 3741 invitis
872 3684 955 3741 his
983 3686 1178 3757 quibus
1226 3686 1342 3742 hrec
1371 3687 1477 3760 75
1509 3702 1635 3743 cura
1685 3686 1941 3742 mandata
1981 3695 2092 3754 est,

499 3779 729 3836 veredos
759 3778 787 3818 δ
823 3795 1150 3852 praesumere
1178 3781 1424 3837 fortassis
1467 3782 1845 3853 assumpserit,
1878 3780 2096 3850 cujusli-

498 3872 591 3932 bet
616 3874 851 3931 nationis
881 3873 1041 3930 fuerit
1060 3876 1146 3931 vel
1172 3875 1418 3945 honoris,
1446 3891 1543 3947 per
1565 3890 1729 3930 unum
1752 3890 1950 3945 equum
1971 3889 2098 3930 cen-

500 3976 616 4024 tum
662 3968 867 4025 solidos
914 3968 1127 4024 mulcta:
1179 3968 1400 4024 nomine
1448 3976 1675 4036 cogatur
1730 3964 1957 4033 inferre;
1988 3981 2098 4022 non

501 4061 646 4133 quod
675 4062 808 4118 tanti
849 4068 933 4117 est
960 4062 1117 4117 unius
1157 4062 1475 4118 testimanda
1498 4060 1733 4131 jumenti
1780 4059 1950 4125 laesio,
2002 4058 2100 4117 sed

502 4155 627 4226 quia
678 4154 867 4224 grandi
890 4155 1093 4225 damno
1121 4154 1462 4226 reprimenda
1504 4163 1588 4210 est
1629 4155 1935 4225 importuna
1964 4167 2101 4224 pra:-

500 4245 756 4317 sumptio.
786 4244 1003 4301 Nullum
1030 4255 1292 4316 praeterea
1321 4246 1570 4316 sajonum
1599 4246 1873 4301 discursus
1922 4243 2103 4301 facere

502 4338 757 4408 patiaris;
788 4338 884 4394 sed
927 4338 996 4394 ad
1043 4353 1261 4394 causam
1305 4352 1467 4408 quam
1496 4337 1733 4393 directus
1760 4336 1940 4402 fuerit,
1991 4352 2101 4393 uno

507 4435 715 4483 tantum
744 4429 936 4485 itinere
964 4431 1309 4501 permittatur
1340 4429 1600 4486 accedere
1625 4428 1711 4483 vel
1740 4428 1935 4484 redire.
1966 4427 2101 4496 Qui-

504 4520 607 4575 bus
629 4520 681 4574 in
710 4520 1043 4591 superiorem
1068 4521 1324 4577 mulctam
1352 4520 1511 4576 cadat
1538 4519 1823 4576 interdicta
1851 4519 2104 4591 frequen-

2198 3409 2449 3480 gaudere.
2496 3407 2565 3463 Et
2591 3409 2718 3479 quia
2742 3424 2872 3464 vera
2911 3410 2999 3463 illa
3030 3409 3292 3465 securitas
3320 3418 3425 3475 est,
3451 3424 3569 3478 quae
3597 3409 3798 3464 nostris

2193 3508 2526 3579 jussionibus
2553 3506 2731 3574 datur,
2761 3521 2882 3562 cum
2912 3519 3127 3577 tempus
3155 3506 3252 3560 tibi
3281 3504 3445 3561 fuerit
3483 3504 3799 3573 occupatio-

2198 3600 2285 3655 nis
2313 3614 2591 3655 emensum
2615 3598 2757 3673 [Ac.,
2783 3596 3097 3670 emersum],
3121 3605 3249 3653 octo
3270 3596 3537 3652 mensium
3558 3595 3795 3650 inducias

2199 3692 2253 3746 in
2282 3691 2531 3747 Lucaniae
2557 3691 2743 3747 dulces
2771 3705 3015 3745 recessus
3038 3698 3061 3737 ε
3094 3696 3280 3744 nostra
3316 3687 3649 3742 auctoritate
3677 3701 3794 3740 cnn-

2200 3784 2464 3848 cedimus,
2513 3792 2573 3838 ut
2619 3798 2687 3837 ex
2731 3782 2825 3838 illo
2873 3789 3118 3852 tempore
3166 3786 3556 3851 supputentnr,
3602 3795 3722 3834 eum
3749 3786 3795 3834 te

2202 3875 2386 3946 egredi
2406 3890 2475 3931 ex
2496 3874 2642 3930 Urbe
2662 3874 2845 3930 divino
2870 3874 3055 3930 favore
3104 3873 3410 3941 contigerit.
3444 3873 3659 3940 Quibus
3687 3888 3794 3943 per-

2203 3968 2342 4025 actis
2368 3968 2661 4023 multorum
2687 3966 2957 4023 desiderio
2997 3965 3065 4021 ad
3108 3964 3384 4021 Romanas
3429 3964 3597 4022 sedes
3622 3964 3795 4019 vendre

2200 4058 2419 4126 festina,
2448 4058 2741 4116 conventui
2771 4058 3054 4128 nobilium,
3086 4063 3142 4114 et
3182 4056 3347 4129 digna
3398 4056 3511 4113 tuis
3566 4058 3797 4114 moribus

2203 4152 2623 4210 conversatione
2648 4150 2973 4208 reddendus.

2733 4281 3071 4341 EPISTOLA
3091 4281 3279 4339 XLIX.

2205 4413 2478 4457 UNWERSIS
2507 4412 2937 4454 PROVINCIALIBUB
2965 4412 3035 4453 ΕΤ
3064 4392 3452 4459 αΑΡιιιΑτιει,
3479 4408 3800 4452 ιιῑηκοοιι·

2276 4487 2370 4528 BUS
2398 4486 2469 4526 ET
2496 4484 2804 4526 οωιιλιιιιυε
2831 4484 2883 4524 ιι(
2911 4484 3097 4525 BUAVIA
3117 4483 3591 4536 CONSIS'I'BN'I'IBUS,
3635 4480 3800 4522 ⁸1⁵180·

2275 4558 2431 4598 IICUS
2458 4558 2586 4599 REX.

506 4614 601 4669 tia.
632 4613 1017 4684 Parhipporum
1046 4615 1341 4684 quinetiam
1388 4629 1555 4671 onera
1597 4624 1813 4671 centum
1842 4616 2093 4672 librarum

2208 4632 2450 4689 lnsinuat
2477 4648 2533 4688 se
2558 4638 2809 4687 rectorem
2836 4646 3014 4705 eorum
3060 4630 3344 4700 provincia:
3367 4644 3585 4686 creasse
3615 4626 3797 4682 Fridi-

510 4706 688 4762 nullus
713 4705 961 4761 excedat.
991 4704 1285 4777 Expeditos
1315 4708 1457 4762 enim
1488 4721 1780 4777 properare
1809 4708 2098 4764 mittenda-

506 4800 618 4856 rios
663 4798 914 4855 volumus
963 4809 1009 4867 ο,
1052 4814 1162 4854 non
1204 4800 1436 4870 migrare
1485 4813 1787 4856 censemus.
1844 4800 2099 4858 Inertiam

580 4962 607 4993 ι
628 4952 723 5011 Gr.
771 4962 827 5010 et
854 4952 1000 5023 Cuj.,
1028 4969 1142 5026 quae
1177 4955 1247 5008 ad
1283 4955 1495 5011 modum
1534 4955 1759 5013 subvecti
1799 4958 2098 5017 veredorum

508 5026 1173 5100 necessariousulﬁciat...”
1209 5027 1405 5100 eacedi.
1438 5028 1572 5084 Vide
1599 5045 1685 5100 ep.
1718 5026 1751 5082 5
1772 5029 1865 5085 lib.
1896 5046 1948 5085 v.

581 5096 621 5171 h_
642 5092 835 5171 veredi
843 5092 1099 5171 dicuntur
1125 5098 1250 5165 equi
1272 5112 1460 5171 cursus
1478 5092 1827 5171 velocissimi,
1852 5101 2101 5171 qualibus

514 5168 719 5239 antiqui
746 5169 1036 5224 utebantur
1064 5168 1117 5222 in
1138 5170 1442 5225 venatione.
1466 5170 1699 5227 Martial.
1724 5171 1797 5229 lib
1823 5168 1911 5229 xiv
1937 5190 1950 5229 :

634 5306 860 5371 Stragula
885 5307 1352 5371 succinctis-enator
1380 5321 1521 5359 sume
1542 5310 1758 5364 veredi:

709 5369 830 5421 Nam
853 5372 982 5421 solet
1004 5384 1029 5418 a
1053 5370 1183 5421 nudo
1203 5384 1411 5435 surgere
1437 5373 1557 5423 licus
1576 5386 1720 5435 equo.

512 5494 735 5569 Veredis
760 5495 923 5569 etiam
952 5504 1174 5552 utuntur
1201 5497 1500 5569 principum
1543 5498 1833 5563 tabellarii,
1861 5498 1954 5569 qui
1976 5514 2098 5555 mu-

512 5567 638 5621 tatis
662 5581 762 5636 per
780 5568 1040 5639 stationes
1064 5567 1236 5639 equis,
1262 5567 1422 5638 quam
1449 5569 1789 5625 velocissime
1809 5567 1918 5639 quo
1945 5572 2098 5627 insti-

512 5644 731 5711 tuerunt
757 5638 1094 5711 perveniunt,
1120 5638 1217 5710 qui
1238 5640 1372 5711 inde
1423 5641 1587 5711 etiam
1616 5638 1879 5695 veredarii
1912 5643 2095 5711 appel-

512 5705 608 5778 lati
634 5705 777 5763 sunt}
807 5707 915 5765 Jul.
943 5705 1205 5764 Firmicus
1234 5710 1325 5764 lib.
1358 5725 1435 5775 tu,
1467 5710 1670 5778 Regum
1700 5713 1918 5767 nuntios
1948 5705 2098 5769 vere-

514 5776 802 5851 dariosque
821 5779 1046 5851 reddent
1069 5782 1158 5851 εἰη
1179 5796 1282 5848 qua
1305 5781 1465 5834 etiam
1496 5776 1884 5851 significatione
1904 5800 2093 5839 vocem

516 5847 764 5925 eamdem
781 5850 1055 5925 usurpavit
1082 5847 1330 5921 Procopii
1343 5847 1609 5925 interpres
1626 5854 1720 5913 lib.
1745 5870 1784 5912 ιι
1802 5854 1937 5913 Belli
1966 5854 2096 5912 Per-

514 5916 796 5980 sici.ﬂiuc
1256 5916 1276 5921 ’
1485 5916 1505 5925 ’
1746 5938 1755 5943 ’

2880 4702 3092 4757 badum.

2880 4718 3017 4755 oaau
3077 4742 3092 4757 .

2276 4796 2549 4855 Districtio
2582 4810 2797 4867 semper
2822 4718 3071 4852 subtral'i’i
3095 4808 3207 4851 non
3224 4793 3387 4852 debet
3412 4791 3583 4863 regia:
3603 4790 3800 4863 jussio-

2324 4952 2526 5004 Parcius
2545 4954 2697 5003 utaris
2716 4963 2894 5003 moneo
2912 4951 3142 5014 rapiente
3164 4950 3377 5013 veredo,

2388 5015 2575 5077 Prisce,
2603 5029 2697 5066 nec
2720 5018 2769 5065 in
2792 5014 2993 5077 lepores
3014 5022 3112 5064 tam
3138 5014 3381 5077 violentus
3404 5024 3509 5063 ess.

2277 5146 2381 5216 91d
2407 5157 2511 5216 est,
2539 5158 2806 5204 exactores
2833 5146 3158 5211 tributorum,
3182 5074 3563 5216 νιέῗοιῗὲἱαιίηοδ
3583 5144 3792 5199 milita.

2271 5215 2302 5259 ἆ
2331 5219 2387 5274 ld
2410 5215 2511 5283 est,
2540 5220 2884 5289 stabularius.
2909 5217 3042 5274 Vide
3064 5218 3222 5289 epist.
3249 5215 3353 5289 10,4
3368 5216 3573 5289 litum.

2277 5299 2301 5329 ο
2331 5260 3314 5372 ἴαῖἲιὲᾢῇἱιῖξξῇίῖίίδζ’ξὲηἷῖἵρἶεῐῖ
3322 5260 3607 5342 Βῗϊιίιὶἔὸ.
3621 5299 3711 5409 εμὲ.
3730 5284 3797 5339 ad

2279 5361 2431 5409 tium-
2460 5359 3134 5409 l-il.nunmntra-eodem
3163 5367 3243 5409 lit.
3258 5358 3396 5409 Cod.
3414 5356 3626 5409 Theod.
3705 5371 3792 5409 on.

2202 5359 2431 5427 ditium,
2460 5356 3134 5431 l.'{4,quicontra,eodem
3163 5356 3243 5413 tit.
3258 5358 3396 5414 Cod.
3414 5356 3626 5412 Theod.
3660 5356 3792 5410 Fos.

2238 5503 2250 5515 ο
2276 5431 2296 5471 ί
2343 5430 2692 5515 Mancipibus,
2710 5431 2780 5486 al.
2810 5433 3069 5515 mancipes
3096 5445 3284 5510 cursus
3310 5429 3531 5515 publici,
3558 5436 3619 5515 et
3645 5442 3798 5515 man-

2204 5503 2351 5573 cipes
2380 5498 2656 5557 clabularii
2685 5517 2890 5565 cursus,
2924 5498 3058 5555 1.15
3090 5500 3344 5624 mancip.,
3372 5500 3410 5553 l.
3436 5498 3511 5553 2'5
3548 5498 3619 5552 ad
3666 5511 3796 5565 pro-

2202 5573 2621 5647 curationele.
2656 5571 2725 5647 26
2752 5587 2960 5638 cursus,
2988 5572 3027 5647 l._
3049 5570 3119 5647 ξξό
3146 5586 3177 5625 a
3201 5587 3273 5647 nu
3297 5572 3370 5647 lo,
3396 5570 3433 5623 l.
3460 5569 3541 5647 δέ
3562 5581 3793 5647 usurpa-

2204 5644 2427 5724 tionem,
2535 5637 2637 5697 Th.
2668 5643 2913 5724 decursu
2942 5637 3167 5724 public,
3194 5641 3464 5696 Ammian.
3490 5637 3793 5694 Marcellini.

2205 5713 2296 5768 lib.
2332 5730 2421 5783 xx,
2446 5722 2500 5768 et
2529 5728 2690 5781 supra
2720 5714 2811 5767 lib.
2845 5729 2883 5777 ι,
2904 5711 2990 5783 ep.
3018 5711 3109 5766 29.
3256 5782 3259 5783 ν
3302 5782 3309 5783 ί
3544 5781 3553 5783 _
3625 5750 3641 5783 _-

2280 5793 2304 5830 ε
2330 5782 2503 5855 duret.
2536 5778 2663 5855 legit
2691 5778 3023 5850 secessus,'ut
3048 5784 3183 5837 dixit
3202 5782 3271 5855 ad
3290 5778 3723 5855 Symmach._lib.
3754 5792 3793 5843 ι,

2204 5870 2290 5927 ep.
2321 5852 2409 5906 9.9.
2437 5854 2722 5909 Secedendi
2743 5855 2981 5920 inducite,
3012 5870 3172 5925 supra
3200 5854 3296 5909 lib.
3328 5851 3407 5920 in,
3437 5869 3525 5923 ep.
3557 5851 3647 5906 2!.

2276 5922 2304 5963 ιι
2330 5924 2580 5994 Capillati
2632 5925 2913 5984 dicebatur
2956 5938 3092 5997 gens
3113 5925 3362 5998 quaedam
3413 5940 3447 5982 e
3485 5922 3793 5981 Gothorum
