3958 6458
118 345 236 403 οη
266 303 275 313 ’
1394 342 1754 404 numnum

1867 343 1991 403 BER
2026 344 2123 405 IV.
3332 356 3439 413 612

116 463 243 528 nis,
268 469 347 519 ut
372 470 435 522 et
454 464 684 523 audaces
705 470 880 523 metus
893 462 1232 536 comprimat,
1256 467 1312 518 et
1336 461 1606 520 laceratos
1624 475 1749 532 Spes
1775 462 1827 522 Α
1849 461 1968 519 lore
1985 469 2213 530 vastata,
2232 475 2353 534 quae
2379 463 2651 523 laetissima
2679 467 2890 525 fuerant
2913 469 3184 528 viriditate
3203 470 3439 544 depicta.

116 553 331 611 futura
361 557 632 614 refoveat.
655 558 979 628 Plerumque
1005 559 1148 616 enim
1169 560 1485 617 denuntiata
1523 561 1755 618 commi-
1859 554 2040 612 Vomit
2059 556 2250 612 fornax
2273 556 2362 611 illa
2389 570 2647 628 perpetua
2668 562 2923 630 puniceas
2949 562 3186 633 quidem,
3214 564 3309 620 sed
3330 564 3441 622 fer-

116 649 295 707 natio
320 651 455 722 plus
484 653 650 709 efficit
667 668 829 724 quam
856 670 1015 725 paena
1039 655 1336 728 componit.
1368 654 1435 711 Et
1464 654 1610 720 ideo,
1642 655 1757 712 Deo
1857 648 1980 706 tiles
2003 664 2216 717 arenas,
2230 665 2350 720 qua:
2374 650 2502 707 licet
2522 652 2771 708 diuturna
2797 655 3001 711 fuerint
3027 657 3312 716 adustione
3336 658 3444 717 sic-

116 743 762 815 auspice,Fridibadum
784 747 920 804 locis
942 747 1133 805 vestris
1162 763 1397 819 praeesse
1424 748 1752 815 censuimus,

1867 748 2010 809 catae,
2049 741 2104 797 in
2150 742 2330 800 varios
2382 742 2520 799 fetus
2542 754 2789 816 suscepta
2825 748 3066 816 germina
3094 766 3221 806 mox
3239 751 3444 822 produ-

116 833 225 902 qui
286 835 593 893 abactores
622 837 933 894 animalium
977 838 1216 908 legitima
1270 837 1561 897 severitate
1610 836 1752 911 [Ac.,
1857 840 2006 902 cunt,
2029 841 2084 890 et
2100 847 2293 904 magna
2318 835 2549 907 quadam
2574 836 2852 894 celeritate
2872 850 3126 910 reparant
3143 857 3260 912 qua:
3280 844 3443 914 paulo

116 925 477 999 securitate]
535 938 806 997 coerceat,
854 930 1143 986 homicidia
1194 938 1429 997 resecet,
1455 929 1595 986 furta
1624 945 1755 985 con-
1856 934 1984 981 ante
2022 934 2385 984 vastaverant.
2439 926 2570 996 Qua:
2597 940 2679 985 est
2705 930 2809 987 ista
2851 931 3135 1003 singularis
3172 937 3442 1006 exceptio,

118 1016 400 1086 demnet,
444 1019 767 1091 quietosque
795 1038 893 1079 vos
919 1039 949 1078 a
975 1024 1252 1081 sceleratis
1292 1024 1511 1080 ausibus
1538 1023 1751 1093 reddat,
1857 1032 2024 1073 unum
2078 1026 2322 1077 montem
2368 1020 2447 1078 sic
2473 1021 2784 1094 infremere,
2814 1031 2876 1079 ut
2925 1031 3008 1081 tot
3034 1026 3220 1082 mundi
3262 1036 3445 1098 partes

119 1122 278 1178 quos
315 1126 473 1167 nunc
501 1114 847 1185 pmsumplio
875 1114 1057 1185 iniqua
1085 1115 1366 1172 dilacerat.
1397 1115 1575 1172 Vivite
1603 1131 1755 1172 com-
1855 1111 2120 1184 probetur
2167 1114 2310 1172 aeris
2363 1117 2764 1186 permutatione
2792 1125 2997 1174 terrere
3027 1116 3076 1185 ἀ,
3106 1125 3163 1174 et
3187 1119 3264 1176 sic
3291 1135 3446 1176 suam

120 1198 327 1268 positi,
358 1200 533 1258 vivite
559 1201 717 1259 bonis
762 1206 1003 1261 moribus
1034 1205 1303 1278 instituti,
1350 1206 1555 1261 nullum
1602 1207 1752 1263 natio
1856 1204 2209 1260 substantiam
2224 1206 2423 1277 ubique
2447 1206 2774 1278 dispergere,
2806 1216 2867 1264 ut
2895 1225 3003 1266 non
3027 1209 3272 1267 videatur
3290 1211 3445 1267 dam-

119 1286 281 1361 [Ac.,
308 1289 487 1363 ratio]
511 1302 561 1358 τι,
593 1293 794 1350 nullum
818 1296 1143 1366 promeritus
1164 1297 1341 1353 honor
1366 1304 1609 1353 excuset.
1643 1295 1751 1353 Ne-
1855 1309 1927 1351 ua
1950 1297 2154 1353 sentire
2183 1298 2249 1353 οἳ
2276 1297 2461 1368 Longe
2508 1298 2720 1371 lateque
2746 1300 2999 1373 pulveres
3025 1310 3205 1371 rorat;
3254 1304 3446 1362 vicinis

122 1396 293 1439 nesse
330 1394 428 1441 est
454 1386 701 1445 vindicta:
740 1389 1017 1461 subjaoea:
1045 1391 1139 1463 qui
1169 1384 1354 1464 pravis
1380 1391 1621 1448 moribus
1650 1390 1751 1448 ob-
1855 1386 2326 1458 autem'quasdam
2356 1389 2525 1445 moles
2568 1400 2801 1461 eructat,
2850 1400 2907 1449 et
2943 1401 3025 1451 tot
3051 1396 3261 1453 sarculis
3290 1412 3446 1453 mons

122 1476 441 1533 secundat.
1854 1480 2105 1546 habetur,
2160 1482 2252 1551 qui
2304 1484 2706 1553 erogationihus
2734 1487 2897 1542 tantis
2943 1490 3282 1558 expenditur.
3316 1491 3446 1559 Quis

1856 1577 2041 1631 credat
2066 1584 2175 1631 tam
2203 1577 2448 1647 ingentes
2467 1578 2650 1648 glebas
2678 1594 2849 1649 usque
2897 1581 2949 1637 in
2980 1584 3139 1652 plana
3165 1586 3443 1655 deductas,

1857 1666 1926 1721 de
1941 1673 2052 1721 tam
2074 1668 2353 1738 profundis
2364 1669 2598 1726 hiatibus
2619 1670 2909 1739 ebulliisse,
2925 1681 2981 1729 et
3001 1676 3191 1745 spiritu
3212 1679 3446 1747 quodam

1858 1756 2074 1814 efflante
2090 1761 2288 1816 montis
2307 1776 2403 1817 ore
2417 1770 2729 1832 eonsputas,
2745 1767 2897 1834 quasi
2919 1766 3063 1824 leves
3083 1769 3265 1839 paleas
3287 1769 3449 1829 fuisse

1786 1861 1830 1921 Β
1860 1850 2166 1921 projectas?
2192 1852 2333 1908 Alibi
2382 1858 2659 1912 cacumina
2684 1872 2877 1928 magna
2908 1870 3175 1918 terrarum
3205 1864 3448 1922 localiter

1858 1944 2107 2001 videntur
2134 1947 2353 2016 ardere;
2380 1948 2538 2019 hujus
2567 1951 2809 2007 incendia
2840 1968 2977 2024 pene
3025 1957 3226 2013 mundo
3263 1958 3447 2015 datum

736 1638 1071 1696 EPISTOLA
1118 1639 1179 1695 L.

232 1744 461 1787 PAUSTO
489 1746 783 1788 PREFECTO
814 1749 1094 1789 PRETORIO
1124 1748 1487 1789 THEODOBICUS
1515 1746 1643 1787 REX.

132 1819 410 1892 Prwcipit
431 1823 683 1893 ut_mittat
713 1826 879 1877 virum
920 1823 1149 1885 probata:
1178 1824 1304 1893 ﬁdei
1347 1823 1414 1875 ad
1483 1820 1751 1878 Nolanum

204 1895 326 1947 sive
365 1894 436 1946 ad
459 1891 864 1962 Neapolitanum
890 1891 1199 1947 territorium
1235 1894 1436 1947 Vesuvii
1458 1895 1647 1947 montis
1669 1895 1752 1947 in-

205 1964 415 2017 cendio
432 1973 779 2029 vastatum,ut
801 1966 942 2034 agris
966 1964 1160 2019 ibidem
1186 1965 1462 2035 diligenter
1486 1966 1752 2034 inspectis,

245 2044 482 2088 umnam
534 2035 711 2089 damni
740 2053 923 2103 passus
972 2036 1125 2106 fuerit
1171 2051 1454 2106 possessor,
1485 2045 1626 2088 tanto
1668 2036 1756 2088 tri-

202 2052 482 2156 ztmutum
534 2052 711 2089 aamm
740 2053 923 2103 passus
972 2052 1125 2106 [uerti
1171 2052 1454 2104 possessor,
1485 2052 1626 2088 mmo
1668 2052 1756 2088 m-

246 2107 455 2159 utaria:
478 2108 754 2173 {unctionis
777 2123 932 2160 onere
961 2105 1265 2160 sublevetur.
1291 2105 1344 2159 Μ
1352 2107 1428 2160 ire
1449 2106 1756 2160 describitur

217 2173 452 2229 Vesuvii
482 2178 675 2230 mantis
706 2178 1025 2231 incendium.

213 2267 499 2337 Campani
548 2268 763 2324 Vesuvii
806 2272 1003 2326 montis
1056 2270 1354 2325 hostilitate
1395 2268 1592 2324 vastati
1645 2268 1757 2324 cle-

140 2358 382 2414 mentizp
426 2367 625 2413 nostrae
652 2360 920 2429 supplices
960 2360 1225 2432 lacrymas
1274 2360 1646 2430 profuderunt,
1696 2366 1759 2414 ut

143 2463 418 2518 agrorum
450 2449 711 2508 fructibus
739 2453 978 2519 enudati,
1006 2453 1354 2508 subleventur
1381 2467 1547 2508 onere
1588 2451 1758 2507 tribu-

70 2560 81 2571 ί
144 2543 311 2598 tariae
353 2544 644 2599 functionis
671 2544 720 2599 δ.
753 2544 1053 2612 Quodﬁeri
1079 2546 1281 2602 debere
1330 2554 1509 2601 nostra
1558 2544 1755 2601 merito

145 2635 339 2705 pietas
370 2637 679 2705 acquiescit.
714 2637 822 2693 Sed
850 2638 975 2707 quia
1023 2639 1178 2694 nobis
1206 2638 1367 2692 dubia
1396 2644 1478 2691 est
1502 2636 1758 2691 uniuscu-

147 2725 361 2797 jusque
381 2727 678 2783 indiscussa
706 2728 1003 2794 calamitas,
1047 2728 1470 2796 magnitudinem
1519 2737 1757 2783 vestram

148 2819 223 2873 ad
256 2819 532 2874 Nolanum
566 2820 680 2874 sive
706 2818 1117 2889 Neapolitanum
1146 2819 1477 2874 territorium
1518 2818 1760 2888 probatae

150 2909 289 2965 ﬁdei
313 2912 492 2966 virum
522 2910 862 2981 praecipimus
891 2909 1186 2974 destinare,
1216 2910 1325 2981 76
1351 2908 1440 2964 ubi
1466 2908 1761 2966 necessitas

150 3002 283 3074 ipsa
334 3003 628 3060 domestica
684 3002 917 3075 quadam
964 3003 1186 3060 laesione
1214 3012 1503 3073 grassatur,
1532 3013 1592 3059 ut
1621 3002 1762 3071 agris

153 3097 375 3153 ibidem
423 3097 708 3164 diligenter
737 3097 1011 3165 inspectis,
1042 3097 1095 3150 in
1125 3105 1384 3167 quantum
1434 3094 1762 3167 possessoris

1859 2042 1942 2089 est
1968 2050 2128 2105 posse
2168 2050 2514 2106 cognoscere.
2536 2039 3000 2106 Quemadmodum
3046 2062 3175 2116 ergo
3202 2065 3308 2105 non
3332 2067 3449 2108 cre-

1859 2124 2048 2181 damus
2094 2127 2309 2195 incolis,
2341 2130 2486 2197 quod
2530 2131 2841 2190 testimonio
2879 2145 3060 2206 potest
3082 2140 3449 2199 universitatis

1858 2218 2113 2288 agnosci?
2140 2219 2502 2293 Quapropter,
2524 2231 2582 2278 ut
2607 2224 2810 2281 dictum
2841 2237 2943 2292 est,
2986 2230 3148 2286 talem
3174 2234 3336 2303 eligat
3363 2253 3448 2293 ve-

1859 2317 1971 2365 stra
1996 2311 2303 2380 prudentia,
2333 2314 2424 2382 qui
2453 2323 2509 2370 et
2537 2317 2773 2373 remedia
2803 2318 2942 2377 laesis
2970 2323 3232 2394 conferat,
3283 2336 3338 2385 et
3366 2329 3447 2386 lo-

1861 2415 1985 2459 cum
2011 2403 2450 2476 subreptionibus
2477 2421 2587 2464 non
2624 2409 2909 2483 relinquat.

2434 2585 2770 2645 EPISTOLA
2799 2590 2882 2646 Li.

2055 2695 2058 2698 ’
2105 2690 2382 2733 εωωοιιο
2416 2694 2662 2736 PATRICIO
2688 2698 3053 2741 THEODORICUS
3079 2702 3206 2745 REX.

1863 2784 2023 2841 Illum
2046 2788 2226 2870 laudat
2255 2790 2318 2843 ob
2346 2790 2654 2914 multililices
2683 2803 2731 2847 et
2760 2798 3190 2865 prmelarissimas
3220 2805 3448 2875 fabricas

1933 2874 2061 2914 quas
2090 2875 2146 2911 ιη
2176 2858 2314 2913 Urbe
2342 2870 2392 2914 ct
2419 2877 2477 2913 su
2516 2863 2728 2914 urbanis
2757 2872 3131 2914 construenda:
3160 2886 3430 2914 ρηηηωνηι

1933 2874 2061 2929 quas
2176 2858 2314 2944 Urbe
2342 2870 2392 2914 ct
2419 2858 2728 2944 suburbanis
2757 2858 3131 2944 construenda
3160 2858 3448 2944 curaverat,

1932 2939 1982 2983 et
2009 2930 2136 3012 petit
2165 2938 2242 3016 ,ιιι
2272 2930 2526 3016 theatrum
2549 3011 2556 3016 _
2577 2932 2814 3016 Pompeii
2852 2940 3116 3016 ruinosam
3167 2930 3451 3016 sumptibui

1935 3001 2069 3072 regis
2100 2999 2311 3087 roboret.
2354 3011 2671 3087 repet-etque.
2714 2999 2880 3071 'Quod
2905 3010 3156 3068 theatrum
3182 3023 3231 3069 et
3259 2999 3372 3087 quae

1934 3087 1993 3126 eo
2023 3079 2249 3143 aguntur
2276 3072 2651 3129 describuntur.

151 3186 447 3242 laboravit
491 3187 712 3250 utilitas,
745 3186 1089 3254 sublevetur;
1136 3194 1400 3256 quatenus
1441 3194 1762 3244 mensuram
1790 3201 1835 3266 ο
1936 3183 2071 3240 Cum
2123 3186 2345 3256 privatis
2374 3185 2589 3242 fabricis
2618 3188 2691 3243 ita
2721 3191 3010 3263 studueris,
3066 3202 3126 3250 ut
3168 3196 3221 3251 in
3252 3198 3452 3255 laribus

156 3275 378 3351 [Gam.,
396 3276 728 3349 mensurata]
745 3278 1334 3349 conferaturquantitas
1346 3279 1611 3346 beneficii,
1635 3280 1762 3333 dum

158 3368 372 3425 modus
419 3369 629 3439 integer
674 3370 1022 3437 cognoscitur
1049 3369 1298 3424 laesionis.
1347 3369 1581 3425 Laborat
1616 3370 1762 3425 enim

160 3457 276 3515 huc
301 3474 415 3513 uno
436 3458 578 3512 malo
607 3458 767 3513 terris
789 3456 1047 3513 deflorata
1073 3459 1352 3529 provincia
1378 3476 1528 3531 :quie
1558 3475 1626 3515 ne
1645 3475 1764 3531 per-

158 3549 305 3606 fecta
340 3550 672 3605 beatitudine
704 3550 992 3619 frueretur,
1021 3550 1189 3620 hujus
1212 3551 1418 3607 timoris
1446 3552 1762 3621 frequenter

162 3641 468 3697 acerbitate
519 3642 841 3697 concutitur.
870 3640 979 3696 Sed
1020 3658 1128 3697 non
1159 3642 1213 3697 in
1243 3649 1417 3698 totum
1464 3644 1630 3701 durus
1678 3653 1762 3701 est

160 3742 397 3789 eventus
420 3734 510 3788 ille
538 3734 791 3789 terribilis
823 3752 837 3787 :
869 3735 1146 3803 praemittit
1173 3735 1323 3804 signa
1350 3736 1554 3804 gravia,
1587 3745 1648 3791 ut
1678 3745 1764 3792 to-

158 3820 449 3880 lerabilius
470 3824 838 3880 tustineantur
859 3824 1101 3880 adversa.
1131 3824 1316 3881 Tantis
1354 3828 1497 3882 enim
1528 3828 1759 3885 molibus

162 3924 370 3969 natura
418 3914 628 3970 rixante
653 3915 857 3971 montis
886 3916 1030 3972 illius
1074 3916 1252 3972 hiatus
1280 3916 1676 3988 immurmurat,
1702 3925 1762 3975 ut

165 4005 442 4060 excitatus
482 4004 701 4074 quidam
750 4006 970 4076 spiritus
990 4007 1317 4076 grandisono
1347 4009 1561 4065 fremitu
1585 4012 1761 4067 vicina

160 4094 447 4149 terrificet.
478 4094 780 4152 Fuscantur
802 4097 943 4151 enim
967 4112 1094 4154 aera
1122 4099 1225 4154 loci
1254 4100 1395 4155 illius
1419 4101 1761 4158 exhalatione

161 4185 469 4253 teterrima,
518 4194 573 4242 et
615 4201 714 4256 per
764 4193 932 4242 totam
957 4203 1097 4258 pene
1144 4187 1351 4243 Italiam
1396 4193 1757 4262 cognoscitur,

163 4279 389 4349 quando
417 4279 504 4335 illa
532 4279 827 4348 indignatio
856 4291 1248 4338 commovetur.
1299 4282 1461 4338 Volat
1486 4299 1585 4355 per
1611 4300 1762 4341 mare

164 4385 424 4442 magnum
445 4372 579 4428 cinis
606 4372 887 4441 decoctus,
917 4382 973 4428 et
995 4373 1220 4429 terrenis
1239 4374 1470 4430 nubibus
1496 4376 1759 4446 excitatis,

165 4465 561 4522 transmarinas
580 4478 796 4534 quoque
816 4465 1124 4536 provincias
1142 4465 1410 4536 pulvereis
1428 4468 1592 4535 guttis
1612 4483 1760 4525 com-

166 4555 327 4625 pluit.
355 4556 422 4611 Et
436 4557 561 4627 quid
588 4556 879 4628 Campania
906 4558 1017 4628 pati
1040 4557 1207 4627 possit
1235 4558 1563 4626 agnoscitur,
1589 4572 1762 4628 quan-
1786 4598 1840 4659 D

171 4648 238 4705 do
273 4648 480 4704 malum
528 4649 644 4718 ejus
672 4648 727 4703 in
778 4648 921 4703 orbis
950 4648 1055 4702 alia
1102 4656 1255 4718 parte
1282 4649 1528 4703 sentitur.
1562 4649 1756 4708 Videas

169 4736 276 4795 illic
299 4739 461 4809 quasi
484 4738 748 4809 quosdam
774 4736 965 4794 ﬂuvios
989 4738 1069 4792 ire
1108 4738 1412 4808 pulvereos,
1443 4746 1499 4793 et
1533 4754 1753 4795 arenam

169 4834 404 4890 sterilem
434 4835 638 4904 impetu
658 4834 898 4891 fervente
919 4833 1068 4890 velut
1094 4833 1296 4905 liquida
1325 4831 1523 4891 fluenta
1559 4835 1751 4894 decur-

169 4936 288 4980 rere
310 4916 373 4980 ὀ.
398 4923 631 4995 Stupeas
658 4925 835 4981 subito
865 4941 1035 4997 usque
1078 4925 1146 4981 ad
1175 4926 1428 4982 arborum
1468 4929 1750 4987 cacumina

172 5010 326 5073 dorsa
353 5015 670 5073 intumuisse
694 5031 1031 5089 camporum,
1059 5025 1117 5074 et
1143 5018 1389 5075 luctuoso
1432 5020 1611 5077 subito
1656 5036 1748 5078 ca-

178 5205 417 5266 numero,
446 5201 676 5266 eratque
700 5193 754 5250 id
780 5208 982 5266 nomen
1003 5206 1257 5263 magnum
1291 5188 1744 5266 ethgnorilicum.

178 5260 424 5319 Testatur
442 5260 742 5320 Jornandes
777 5264 832 5319 in
857 5260 1127 5320 Chronico
1152 5279 1271 5333 cap.
1300 5263 1386 5333 ll.
1418 5261 1552 5318 Vide
1576 5260 1747 5319 Sava-

178 5348 355 5390 ronem
377 5335 441 5390 ad
466 5334 654 5390 Sidon.
688 5334 918 5403 Apollin.
952 5333 1043 5391 lib.
1069 5350 1109 5401 l,
1134 5332 1297 5403 epi2.
1329 5332 1449 5396 Jun.

244 5413 268 5441 ⁸
295 5406 585 5461 Fomerius
604 5405 718 5460 vult
736 5403 823 5461 hic
862 5404 966 5474 legi
993 5405 1144 5474 ratio,
1180 5419 1250 5458 ex
1296 5419 1401 5458 uno
1447 5403 1747 5474 v.7c.,_ﬂsed

180 5486 279 5544 non
302 5484 469 5531 recte.
524 5475 764 5531 Nationis
815 5472 958 5530 enim
1004 5473 1221 5544 nomine
1268 5482 1453 5528 auctor
1487 5472 1748 5544 intelligit

180 5540 375 5629 gathos
401 5548 524 5629 illos
549 5547 641 5629 qui
669 5546 886 5629 speciali
914 5545 1133 5629 nomine
1146 5542 1463 5629 dicebantur
1473 5540 1742 5629 f;_apilla'ti,

182 5611 243 5694 de
261 5617 449 5694 quibus
478 5619 529 5694 i_n
554 5611 903 5694 inscriptione
940 5615 1097 5685 hujus
1118 5613 1376 5694 epistolae.
1402 5612 1471 5667 Et
1586 5614 1739 5694 vole-

180 5679 300 5758 bant
326 5688 425 5743 sibi
452 5689 572 5758 plus
598 5679 805 5743 caeteris
842 5679 1025 5754 licere,
1085 5679 1170 5758 ut:
1194 5684 1466 5758 arbitror,_
1495 5683 1583 5738 hic
1604 5682 1742 5740 infra

182 5750 265 5827 lib.
289 5772 339 5822 v,
370 5750 470 5827 ep:
489 5757 575 5823 39,
600 5773 918 5827 quacunque
944 5750 1103 5826 gente
1128 5753 1407 5827 sintediti.
1439 5752 1559 5808 Jun.

240 5823 265 5861 δ
297 5827 373 5884 De
401 5823 719 5885 tributorum
744 5823 1057 5885 remissione
1084 5835 1137 5883 et
1163 5826 1489 5894 reliquorum
1531 5824 1739 5881 condo-

144 5896 391 5964 ,uatione
416 5899 488 5957 ob
514 5900 874 5957 calamitatem
926 5913 1038 5957 non
1082 5912 1190 5954 uno
1233 5895 1354 5955 loco
1402 5902 1585 5953 actum
1632 5903 1736 5953 est.

1863 3278 2095 3349 propriis
2122 3278 2362 3348 quaedam
2407 3279 2602 3334 muenia
2624 3279 2813 3338 fecisse
2841 3285 3091 3355 videaris,
3124 3291 3338 3360 dignum
3370 3302 3452 3350 est

1862 3380 1923 3425 ut
1950 3368 2197 3434 Romam,
2246 3384 2407 3438 quam
2437 3371 2693 3429 domuum
2724 3377 3121 3446 pulchritudine
3158 3385 3446 3455 decorasti,

1860 3463 1917 3518 in
1944 3462 2054 3518 suis
2082 3462 2353 3517 miraculis
2400 3465 2681 3523 continere
2708 3472 2951 3527 noscaris
2983 3490 2995 3525 :
3027 3472 3277 3532 fundator
3302 3494 3453 3548 egre-

1861 3554 1979 3624 gius
2019 3553 2362 3619 fabricarum,
2401 3570 2695 3627 earumque
2742 3571 2990 3632 comptor
3028 3562 3278 3638 eximius,
3329 3573 3454 3643 quia

1861 3652 2150 3715 utrumque
2199 3647 2267 3703 de
2317 3648 2600 3718 prudentia
2643 3652 2809 3718 venit,
2842 3662 2898 3708 et
2924 3665 3048 3727 apte
3070 3658 3375 3730 disponere,
3400 3673 3454 3721 et

1862 3739 2126 3793 exstantia
2152 3748 2526 3810 competenter
2554 3744 2980 3802 ornare.Notum
3010 3759 3093 3804 est
3122 3752 3261 3806 enim
3284 3769 3455 3822 quan-

1859 3836 1915 3884 ta
1938 3830 2096 3886 laude
2134 3830 2187 3885 in
2208 3833 2531 3890 suburbanis
2555 3836 2665 3890 suis
2688 3836 2913 3893 Romam
2938 3832 3183 3910 traheris,
3208 3853 3265 3899 ut
3293 3862 3453 3916 quem

1861 3920 1980 3977 illas
2000 3919 2228 3979 fabricas
2248 3923 2451 3982 intrare
2477 3928 2780 3997 contigerit,
2805 3941 3080 4001 aspectum
3113 3951 3268 3990 suum
3300 3946 3452 3995 extra

1863 4015 2050 4069 urbem
2072 4030 2190 4072 esse
2212 4032 2319 4073 non
2347 4019 2678 4089 sentiat,nisi
2708 4037 2828 4078 cum
2854 4040 2913 4079 se
2929 4034 2985 4081 et
3014 4041 3261 4096 agrorum
3285 4046 3452 4089 annos.

1861 4106 2118 4165 nitatibus
2146 4109 2408 4169 interesse
2436 4122 2747 4182 cognoscat.
2780 4118 3135 4186 Antiquorum
3166 4123 3453 4192 diligentis.

1862 4198 2027 4255 simus
2056 4199 2315 4271 imitator,
2354 4203 2739 4260 modernorum
2768 4208 3132 4270 nobilissimus
3156 4214 3449 4287 institutor,

1862 4305 2045 4348 mores
2091 4301 2215 4349 tuos
2252 4294 2467 4351 fabricas
2514 4296 2808 4368 loquuntur
2839 4320 2853 4354 :
2884 4303 3009 4372 quia
3067 4322 3231 4363 nemo
3261 4308 3313 4363 in
3346 4310 3452 4368 illis

1860 4382 2084 4452 diligens
2105 4385 2434 4453 agnoscitur,
2460 4388 2559 4445 nisi
2588 4390 2679 4459 qui
2708 4400 2763 4446 et
2790 4392 2845 4447 in
2873 4395 2985 4450 suis
3013 4399 3256 4455 sensibus
3283 4417 3447 4458 orna-

1863 4474 2098 4530 tissimus
2126 4476 2411 4531 invenitur.
2438 4474 2505 4532 Et
2530 4478 2652 4534 ideo
2673 4480 2863 4537 theatri
2896 4483 3149 4543 fabricam
3171 4505 3362 4559 magna
3392 4508 3451 4549 se

1862 4566 2006 4621 mole
2034 4567 2353 4634 solventem,
2384 4570 2609 4626 consilio
2637 4581 2816 4629 vestro
2840 4576 3107 4635 credimus
3134 4595 3254 4637 esse
3282 4584 3450 4639 robo-

1861 4657 2105 4726 randam,
2152 4666 2211 4714 ut
2252 4661 2396 4729 quod
2441 4662 2509 4717 ab
2558 4666 2866 4723 auctoribus
2894 4672 3088 4728 vestris
3115 4671 3166 4728 in
3196 4684 3448 4733 ornatum

1859 4752 2047 4821 patria:
2068 4761 2280 4809 constat
2307 4770 2424 4811 esse
2453 4771 2786 4826 concessum,
2810 4777 2917 4817 non
2946 4764 3190 4823 videatur
3214 4769 3313 4825 sub
3333 4786 3449 4827 me-

1857 4842 2082 4900 lioribus
2110 4847 2342 4916 posteris
2364 4848 2722 4906 imminutum.
2761 4854 2896 4920 Quid
2927 4872 3034 4912 non
3057 4860 3255 4925 solvas,
3282 4877 3315 4915 ο
3360 4876 3448 4917 se-

1856 4944 2062 5004 nectus,
2094 4952 2215 5007 quae
2269 4947 2380 4994 tam
2427 4941 2644 4998 robusta
2673 4948 2980 5013 quassasti?
3007 4948 3217 5006 Montes
3240 4948 3445 5008 facilius

1852 5027 2045 5085 cedere
2094 5037 2432 5102 putarentur,
2486 5049 2648 5105 quam
2679 5037 2919 5095 soliditas
2942 5039 3031 5095 illa
3086 5049 3443 5111 quateretur:

1851 5196 2117 5284 {Steterunt
2140 5200 2227 5284 hic
2248 5202 2482 5284 notanda
2509 5213 2635 5284 sunt
2650 5209 2852 5284 montis
2872 5209 3113 5284 exarsuri
3139 5211 3444 5284 signa,qui-

1850 5268 1953 5394 ags
1970 5271 2379 5395 ἓὲἓαῗώεἰωὶϋδ
2408 5271 2692 5346 descripsit
2725 5276 2862 5332 Plin.
2904 5278 2940 5334 l.
2965 5296 3039 5351 vr,
3070 5268 3227 5351 epist.
3261 5268 3355 5339 ιῑϊ
3388 5292 3445 5340 et

1929 5420 1950 5484 ξ
1980 5408 2114 5484 _S_u_p.
2143 5412 2185 5484 l.
2219 5429 2292 5479 Ill,
2319 5430 2405 5484 ep.
2436 5414 2524 5479 3i,
2556 5425 2745 5484 stagna
2773 5419 3061 5476 decurrere.
3091 5421 3256 5478 Fons.

1922 5476 1947 5552 fl
1980 5476 2114 5536 Vide
2142 5476 2429 5539 Baronium
2455 5476 2583 5541 tom.
2612 5476 2677 5542 Vl
2704 5489 2897 5543 Annal.
2930 5492 2996 5544 ad
3022 5476 3442 5552 annumVChristi

2000 5551 2281 5678 attigs-1,
2312 5556 2402 5610 ubi
2451 5558 2799 5626 reprehendit
2825 5558 3087 5617 Bodinum
3128 5564 3228 5619 ista
3253 5548 3441 5622 ἥδέὴί

1920 5691 2188 5777 θραηιηίι
2208 5696 2416 5777 sentire,
2446 5695 2497 5750 id
2525 5706 2606 5777 est
2634 5697 3060 5777 diminutionem.
3114 5703 3263 5761 Paul.
3306 5707 3341 5761 l.
3378 5707 3434 5777 5,

1846 5760 1917 5843 de
1939 5762 2117 5848 damn.
2150 5764 2245 5848 luf.
2269 5764 2505 5848 Gellius,
2523 5764 2716 5848 damna
2766 5769 2903 5824 lunre
2930 5781 2984 5848 et
3014 5760 3325 5848 auctapprn
3355 5760 3437 5832 di:

1847 5836 2147 5891 minutione
2175 5843 2231 5891 et
2258 5844 2568 5905 augmento,
2601 5836 2639 5893 l.
2668 5853 2759 5907 xx,
2783 5854 2904 5912 cap.
2935 5842 2984 5898 7.
3016 5836 3186 5903 Fons.
