3958 6454
463 309 577 384 σιξ

1687 299 1759 356 Μ.
1800 295 2082 380 Αιιιιιεμι
2122 291 2528 368 malebant

3701 273 3852 334 644

467 423 684 498 quando
707 427 762 480 et
775 419 946 484 moles
969 418 1086 500 ipsa
1105 418 1185 478 sic
1204 425 1320 476 tota
1341 415 1410 472 de
1431 415 1678 476 cautibus
1699 414 1818 494 fuit,
1839 423 1898 472 ut
1923 429 2060 486 prae-
2089 423 2138 488 Α
2161 427 2283 468 esse
2303 410 2608 468 videamur.
2633 405 2731 462 His
2757 403 2956 476 levium
3005 415 3313 478 pennarum
3341 395 3612 456 acumina
3645 381 3834 450 ideo

469 529 551 576 ter
579 529 748 592 artem
779 517 1032 580 additam,
1058 524 1112 574 et
1135 517 1250 586 ipsa
1283 529 1496 584 quoque
1519 510 1779 568 naturalis
1800 525 1919 566 esse
1945 524 2066 574 cre-

467 615 706 682 deretur.
732 609 856 680 Hmc
879 611 1241 684 potuissemus
1269 607 1410 666 forte
1432 607 1723 676 negligere,
1743 607 1786 662 si
1815 620 1914 680 nos
1937 621 2070 668 con-

465 705 678 774 tigisset
707 703 834 762 talia
884 719 994 760 non
1023 702 1208 758 videre
1235 720 1250 756 :
1281 715 1475 756 caveas
1504 700 1623 754 illas
1651 698 1796 758 saxis
1825 697 2067 768 penden-

463 795 608 852 tibus
661 793 952 864 apsidatas,
1007 793 1080 850 ita
1105 792 1372 862 juncturis
1403 790 1730 854 absconditis
1765 789 1818 856 in
1870 787 2072 844 formas

462 887 860 960 pulcherrimas
913 886 1254 950 convenisse,
1302 892 1360 940 ut
1402 890 1619 956 cryptas
1659 883 1832 952 magis
1871 878 2072 942 excelsi

465 982 668 1040 montis
691 980 964 1048 crederes,
989 994 1152 1054 quam
1201 977 1400 1052 aliquid
1431 976 1750 1048 fabricatum
1795 989 1913 1032 esse
1931 971 2074 1052 judi-

467 1091 646 1132 cares.
677 1072 950 1130 Fecerunt
979 1069 1186 1140 antiqui
1221 1070 1396 1132 locum
1425 1068 1589 1126 tantis
1629 1067 1842 1140 populis
1863 1081 2074 1138 parem,

468 1177 530 1224 ιιι
561 1169 828 1226 baberent
853 1165 1126 1238 singulare
1153 1165 1540 1242 spectaculum,
1570 1163 1658 1234 qui
1689 1161 1876 1228 mundi
1927 1161 2076 1220 vide-

469 1258 668 1314 bantur
691 1259 893 1316 habere
917 1257 1275 1320 dominatum.
1295 1255 1402 1312 Sed
1421 1256 1548 1326 quia
1579 1257 1738 1318 nobis
1757 1271 1936 1322 sermo
1962 1269 2080 1326 pro

467 1349 628 1410 batur
656 1365 778 1408 esse
811 1365 934 1408 cum
987 1349 1169 1430 docto,
1199 1349 1330 1404 libet
1377 1357 1624 1420 repetere
1650 1364 1746 1404 cur
1785 1348 2080 1418 antiquitas

468 1443 618 1498 rudis
644 1442 854 1514 legatur
877 1443 992 1498 ιιωο
1011 1439 1208 1496 moenia
1227 1439 1550 1498 condidisse.
1569 1439 1701 1494 Cum
1725 1439 2080 1508 agricultores

469 1536 676 1598 feriatis
703 1537 893 1592 diebus
923 1549 1078 1590 sacra
1109 1533 1335 1598 diversis
1359 1533 1668 1590 numinibus
1697 1547 1794 1604 per
1819 1531 1972 1588 lucos
2001 1531 2080 1590 vi-

474 1645 676 1704 cosque
701 1627 1433 1692 celebrarent,Athenienses
1451 1626 1682 1696 primum
1705 1633 1916 1694 agreste
1933 1623 2082 1694 priu-

476 1720 677 1794 cipium
709 1719 761 1774 in
793 1719 1056 1778 urbanum
1114 1716 1480 1790 spectaculum
1509 1715 1846 1783 collegerunt
1879 1731 1892 1770 :
1925 1713 2082 1768 thea-

2166 505 2221 562 in
2249 506 2427 560 fronte
2464 501 2780 574 pinguntur,
2809 499 3066 572 quoniam
3096 500 3200 572 77
3230 514 3416 554 earum
3444 511 3692 552 sensus:
3729 509 3846 546 ce-

2167 597 2266 654 leri
2324 595 2650 666 cogitatione
2704 593 2994 647 subvectus
3043 606 3130 646 res
3182 589 3473 660 altissimas
3513 587 3842 640 intuetur.

2169 691 2510 754 Pantomimo
2539 688 2740 758 igiture
2761 686 2896 740 cuia
2927 683 3214 740 multifaria
3249 681 3560 742 imitatione
3597 693 3844 733 nomen

2169 794 2276 858 est,
2305 801 2428 846 cum
2457 783 2688 858 primum
2713 781 2764 836 in
2791 794 3008 848 scenam
3029 779 3304 850 plausibus
3329 776 3610 830 invitatus
3641 771 3842 826 adve-

2171 879 2334 946 nerit,
2367 859 2622 936 assistunt
2653 873 2881 942 consoni
2910 871 3062 928 chori
3091 871 3316 930 diversis
3346 868 3582 938 organis
3621 865 3842 920 erudi-

2173 970 2216 1024 ti
2247 987 2259 1024 :
2295 979 2421 1024 tunc
2451 968 2541 1022 illa
2569 981 2822 1036 sensuum
2849 979 3038 1018 manus
3075 963 3245 1018 oculis
3272 976 3536 1016 canorum
3579 973 3840 1013 carmen

2175 1061 2420 1131 exponit,
2444 1066 2498 1126 et
2519 1075 2616 1130 per
2645 1057 2794 1126 signa
2826 1055 3152 1126 composita,
3171 1053 3320 1126 quasi
3343 1049 3712 1126 quibusdam
3749 1047 3838 1101 lit-

2177 1153 2327 1214 teris,
2361 1149 2552 1206 edocet
2575 1149 2831 1208 intuentis
2864 1155 3140 1216 aspectum
3173 1163 3185 1210 ;
3217 1146 3270 1198 in
3303 1145 3506 1215 illaque
3539 1143 3834 1210 leguntur

2179 1245 2362 1318 apices
2391 1258 2592 1308 rerum,
2621 1247 2676 1295 et
2705 1257 2809 1310 non
2843 1239 3128 1310 scribendo
3155 1237 3282 1294 facit
3325 1237 3476 1308 quod
3517 1235 3836 1304 scriptura

2179 1331 2492 1390 declaravit.
2520 1329 2665 1386 Idem
2697 1346 2894 1400 corpus
2919 1327 3202 1392 Herculem
3225 1325 3474 1394 designat
3523 1333 3594 1380 et
3627 1323 3828 1378 Vene-

2179 1439 2316 1488 rem,
2367 1422 2618 1478 feminam
2649 1427 2938 1490 prznsentat
2967 1427 3022 1474 et
3049 1432 3273 1480 marem,
3307 1431 3496 1484 regem
3547 1413 3714 1484 facit
3777 1423 3832 1467 et

2181 1518 2427 1582 militem,
2450 1529 2635 1569 senem
2667 1512 2843 1569 reddit
2863 1511 3187 1580 etjuveuen'i
3222 1515 3318 1563 :ut
3345 1509 3396 1562 in
3447 1522 3564 1561 uno
3617 1505 3826 1562 credas

2183 1626 2303 1666 esse
2357 1609 2558 1663 multos
2605 1615 2714 1661 tam
2769 1605 2922 1662 varia
2952 1603 3250 1660 imitatione
3280 1601 3572 1656 discretos.
3613 1598 3826 1653 Minius

2184 1703 2368 1768 etiam,
2399 1701 2492 1770 qui
2515 1715 2653 1756 nunc
2685 1696 3058 1754 tantummodo
3085 1695 3284 1756 derisui
3331 1693 3600 1758 habetur,
3663 1699 3824 1746 tanta

471 1819 612 1866 trum
658 1811 852 1868 Graeco
885 1811 1147 1872 vocabulo
1207 1810 1462 1866 visorium
1518 1810 1883 1872 nominantes,
1933 1805 2078 1878 quod

2199 1793 2516 1852 Philistionis
2545 1791 2758 1856 cautela
2799 1797 3046 1860 repertus
3067 1795 3168 1854 est,
3199 1793 3256 1840 ut
3285 1783 3402 1854 ejus
3433 1791 3596 1840 actus
3627 1797 3824 1853 pone-

472 1907 681 1962 cminus
710 1905 1011 1960 astantibus
1043 1904 1196 1958 turba
1231 1903 1564 1960 conveniens
1605 1903 1722 1958 sine
1751 1901 1932 1970 aliquo
1983 1899 2082 1954 im-

471 2001 783 2072 pedimento
833 1999 1099 2056 videatur.
1147 1997 1322 2056 Frons
1370 2007 1552 2056 autem
1583 1995 1780 2052 theatri
1809 2009 1970 2050 scena
2003 1993 2082 2048 di-

474 2095 635 2162 citur,
669 2095 736 2150 ab
767 2093 958 2150 umbra
987 2092 1093 2148 luci
1123 2091 1464 2155 densissima,
1495 2089 1584 2144 ub.
1613 2103 1643 2142 a
1665 2086 1972 2158 pastoribus
1999 2085 2085 2140 in-

478 2185 716 2246 choante
756 2199 927 2240 verno
957 2182 1185 2244 diversis
1231 2183 1378 2238 sonis
1416 2181 1654 2238 carmina
1703 2177 2082 2236 cantabantur.

475 2274 556 2330 lbi
585 2283 740 2330 actus
761 2277 998 2330 musicus
1028 2283 1082 2328 et
1095 2274 1496 2344 prudentissimi
1519 2272 1696 2330 sa':culi
1717 2271 1860 2328 dicta
1887 2269 2087 2326 ﬂorue-

476 2376 625 2422 runt.
655 2367 762 2422 Sed
787 2367 1047 2436 paulatim
1073 2366 1276 2436 factum
1305 2378 1390 2422 est
1419 2375 1478 2422 ut
1503 2364 1896 2420 honestissima:
1926 2361 2088 2418 disci-

475 2460 638 2532 plina:
665 2459 1034 2532 improborum
1062 2459 1340 2514 consortia
1371 2458 1655 2528 fugientes,
1683 2455 1988 2510 verecunda
2018 2468 2078 2508 se

479 2553 675 2608 exinde
697 2553 1130 2608 consideratione
1159 2553 1559 2608 subtraherent.
1580 2548 1866 2619 Tragoedia
1890 2564 1958 2602 ex
1987 2563 2082 2602 vo-

480 2645 560 2701 cis
581 2647 830 2718 vastitate
857 2646 1196 2712 nominatur;
1229 2661 1352 2715 qua:
1379 2643 1634 2702 concavis
1661 2640 2088 2714 repercussioni-

480 2739 584 2794 bus
615 2738 893 2806 roborata,
925 2737 1086 2792 talem
1117 2754 1310 2794 sonum
1336 2736 1548 2792 videtur
1595 2734 1830 2800 eliieerc,
1865 2740 1926 2787 ut
1949 2747 2089 2804 pene

481 2832 551 2888 ab
581 2831 798 2888 homine
853 2847 962 2888 non
1009 2831 1261 2894 credatur
1317 2829 1486 2888 exire.
1527 2825 1764 2898 Erigitur
1813 2833 1996 2888 autem
2034 2825 2090 2880 in

479 2923 720 2980 hircinos
741 2922 922 2994 pedes,
955 2924 1082 2993 quia
1130 2924 1176 2978 si
1199 2924 1321 2994 quis
1351 2923 1493 2979 inter
1521 2931 1770 2993 pastores
1813 2919 1908 2974 tali
1955 2933 2090 2974 voce

481 3020 797 3092 placuisset,
829 3019 977 3089 capri
1005 3035 1232 3074 munere
1271 3019 1598 3074 donabatur.
1627 3013 1908 3072 Comoedia
1937 3029 1969 3068 a
1989 3028 2087 3088 pa—

479 3111 558 3181 gis
589 3111 734 3168 dicta
756 3120 856 3168 est.
889 3112 1091 3168 Cornus
1112 3113 1254 3167 enim
1287 3125 1455 3180 pagus
1487 3117 1733 3174 vocatur,
1765 3107 1856 3162 ubi
1902 3103 2090 3162 rustici

2185 1897 2338 1944 retur
2383 1887 2436 1942 in
2488 1885 2704 1954 litteris,
2761 1891 3032 1953 quatenus
3061 1877 3324 1934 mundum
3357 1875 3512 1934 curis
3539 1874 3822 1930 edacibus

2183 1987 2499 2037 testuantem
2553 1976 2839 2032 laetissimis
2868 1972 3154 2029 sententiis
3205 1977 3539 2038 temperaret
3571 1965 3736 2042 [611}.
3767 1973 3818 2020 et

2185 2071 2380 2138 Fam,
2409 2067 2728 2142 repararet].
2766 2065 2904 2134 Quid
2931 2063 3334 2122 acetabuloruni
3367 2059 3648 2122 tinnitus?
3675 2056 3812 2126 Quid

2185 2163 2480 2220 dulcissimi
2531 2162 2650 2217 soni
2690 2161 2922 2216 referam
2969 2159 3118 2214 varia
3149 2154 3504 2228 percussione
3545 2153 3812 2210 modula-

2187 2259 2347 2314 meu?
2371 2256 2528 2324 Quod
2555 2263 2704 2310 tanta
2733 2253 2904 2323 gratia
2921 2249 3274 2320 iucunditatis
3301 2247 3594 2326 accipitur,
3629 2253 3696 2300 ut
3723 2247 3808 2300 in-

2187 2359 2273 2408 ter
2299 2352 2537 2422 reliquos
2589 2365 2782 2406 sensus
2803 2347 3042 2402 auditum
3071 2345 3172 2400 sibi
3203 2343 3271 2398 ad
3297 2356 3496 2398 niunus
3523 2353 3808 2394 summurn

2189 2455 2319 2502 tunc
2345 2446 2598 2503 homines
2625 2444 2896 2498 aestiment
2919 2439 3086 2496 fuisse
3113 2438 3395 2501 collatum,
3425 2441 3486 2490 ut
3509 2443 3648 2490 retas
3667 2431 3809 2488 sub-

2189 2554 2420 2609 sequens
2473 2537 2710 2592 miscens
2765 2533 2968 2588 lubrica
3021 2531 3184 2604 [Jur.,
3231 2525 3460 2595 ludicra]
3491 2525 3808 2595 priscorum

2191 2632 2415 2686 inventa
2443 2629 2610 2684 traxit
2641 2627 2706 2681 ad
2727 2625 2877 2690 vitia,
2909 2632 2966 2680 et
2991 2622 3140 2693 quod
3167 2623 3414 2677 honestas
3447 2633 3622 2676 causa
3667 2616 3790 2672 dele

2191 2723 2444 2781 ctationis
2469 2729 2745 2792 repertum
2773 2727 2876 2785 est,
2909 2717 2974 2774 ad
3003 2717 3308 2786 voluptates
3335 2726 3640 2784 θοι-βοωπις
3671 2724 3804 2782 pre-

2191 2818 2430 2890 cipitatis
2457 2815 2728 2872 mentibus
2743 2812 3094 2883 impulerunt.
3112 2807 3222 2864 llos
3241 2809 3380 2862 ritus
3408 2803 3673 2868 Romani,
3699 2802 3800 2858 sic-

2191 2917 2252 2966 ιιι
2279 2916 2504 2966 caeteras
2529 2907 2802 2972 culturas,
2847 2903 2916 2958 ad
2947 2917 3102 2958 suam
3143 2897 3392 2969 rempub.
3443 2895 3662 2952 utiliter
3689 2902 3800 2950 tra-

2191 3001 2407 3068 hentes,
2438 2997 2726 3054 aedificium
2743 2997 2850 3050 alta
2879 2993 3208 3063 cogitatione
3225 2995 3558 3059 conceptum
3574 3000 3802 3056 magna-

2195 3093 2442 3148 nimitate
2489 3088 2728 3146 mirabili
2775 3085 3154 3142 condiderunt.
3187 3081 3340 3138 Unde
3368 3095 3482 3136 non
3531 3079 3802 3136 immerito

480 3205 796 3276 gestientes,
817 3206 1084 3262 humanos
1113 3213 1265 3260 actus
1298 3205 1586 3259 laetissimis
1617 3201 1944 3258 carminibus
1965 3199 2084 3254 irri-

2199 3185 2428 3242 crcditur
2456 3181 2745 3253 Pompeius
2767 3179 2894 3234 hinc
2921 3177 3110 3249 potius
3137 3174 3362 3245 Magnus
3391 3173 3564 3230 fuisse
3591 3173 3800 3227 vocita-

481 3297 703 3352 debant.
757 3296 851 3352 llis
901 3307 1028 3351 sunt
1055 3295 1249 3352 addita:
1292 3297 1651 3351 borcistarum
1693 3291 2089 3363 ioquacissinne

482 3403 674 3444 manus
707 3397 758 3456 ει,
791 3389 1022 3456 linguosi
1051 3387 1223 3456 digiti,
1257 3387 1528 3443 silentium
1570 3387 1890 3449 clamosum,
1923 3401 2090 3455 expo-

483 3481 610 3538 sitio
639 3481 822 3546 tacita,
855 3497 1016 3551 quam
1043 3496 1194 3535 musa
1223 3479 1499 3552 Polymnia
1521 3480 1787 3550 reperisse
1816 3485 2086 3544 narratur,

485 3573 777 3629 ostendens
805 3573 1052 3630 homines
1069 3589 1228 3646 posse
1259 3583 1316 3630 et
1339 3575 1454 3628 sine
1483 3573 1592 3627 oris
1614 3571 1774 3626 all‘atu
1799 3587 1953 3626 suum
1975 3569 2091 3626 vel-

486 3663 538 3720 le
583 3664 882 3720 declarare.
933 3651 1097 3720 Musa':
1141 3681 1268 3721 vero
1297 3663 1410 3720 an
1434 3665 1610 3734 lingua
1636 3663 1786 3735 quasi
1816 3663 2036 3734 ὁςιοῦσαι
2059 3663 2086 3703 b

487 3755 756 3821 dicuntur,
785 3755 929 3826 quod
958 3756 1192 3812 invicem
1219 3757 1360 3812 sicut
1385 3755 1612 3812 virtutes
1639 3755 1955 3810 necessaria:
1985 3753 2086 3809 sibi

507 3969 539 3980 η
559 3905 585 3936 ο·
606 3895 742 3980 Vide
770 3897 866 3954 lib.
913 3897 982 3956 de
1007 3900 1124 3980 Div.
1150 3899 1276 3980 Litt.
1301 3915 1438 3980 cap._
1457 3897 1546 3964 50,
1577 3905 1634 3953 et
1661 3897 1725 3952 D.
1753 3895 2084 3980 gyprianum

485 3967 582 4049 lib.
614 3975 799 4049 contra
825 3971 1133 4049 spectacula
1169 3991 1184 4049 :_
1209 3967 1387 4028 llomo
1413 3971 1616 4049 fractus
1637 3967 1886 4049 omnibus
1915 3983 2088 4049 mem:

486 4037 614 4122 bris,
645 4049 698 4093 et
731 4041 808 4094 vir
833 4037 976 4122 ultra
1008 4043 1322 4122 muliebrem
1347 4039 1977 4122 molli-lieni.dissplutus,
2001 4039 2088 4122 cui

488 4111 558 4164 sit
583 4127 672 4166 ars
691 4113 947 4183 manibus
975 4114 1140 4168 verba
1190 4115 1464 4183 expedire.
1499 4111 1562 4164 Et
1583 4111 1737 4174 ibid.,
1767 4109 1826 4162 ln
1857 4109 2087 4183 aii-tientia

486 4197 650 4263 sonos
679 4181 934 4263 frangens
953 4185 1106 4263 loqui
1115 4179 1310 4263 digitis
1333 4185 1600 4246 elaborat,
1617 4179 2090 4263 iiigratusartifig

489 4249 845 4377 ἐξιδιωιῇ
866 4249 1042 4312 dedit:
1063 4249 1213 4312 Vide
1231 4257 1394 4312 etiam
1421 4269 1582 4326 supra
1613 4253 1706 4310 lib.
1737 4269 1772 4318 ι,
1803 4252 1964 4324 epist.
1997 4249 2087 4306 20.

524 4339 680 4378 URET.

493 4470 506 4481 _
531 4470 543 4481 _
564 4401 589 4438 δ
621 4403 751 4458 Aliis
787 4405 984 4481 placet_
1015 4401 1526 4481 musasappellatas
1555 4405 1657 4481 ἀπὸ
1705 4409 1794 4458 τοῦ
1828 4403 2084 4481 gingivam

491 4470 546 4548 id
573 4481 654 4527 est
677 4489 708 4526 a
733 4470 1043 4548 quaerendo,
1071 4477 1216 4546 quod
1263 4470 1363 4548 per
1389 4478 1552 4546 ipsas,
1587 4475 1729 4529 sient
1758 4470 2088 4548 an'tiqni_vo-

2194 3285 2282 3334 tus
2305 3274 2356 3331 ιι.
2387 3273 2456 3330 Ει
2483 3275 2605 3331 ideo
2633 3274 2750 3330 sive
2777 3271 3040 3328 masculis
3067 3269 3191 3340 pilis
3217 3267 3506 3330 contineri,
3535 3265 3654 3322 sive
3683 3264 3804 3320 talis

2191 3367 2396 3424 fabrica
2424 3365 2741 3422 refectionis
2767 3363 2946 3420 studio
2973 3360 3214 3433 potuerit
3235 3359 3504 3420 innovari.
3529 3371 3804 3426 expulsas

2191 3458 2348 3515 vobis
2379 3458 2446 3514 de
2497 3465 2686 3514 nostro
2713 3457 2964 3513 cubiculo
2989 3453 3297 3510 curavimus
3325 3450 3604 3514 destinare,
3641 3455 3708 3503 ut
3745 3455 3806 3504 et

2192 3551 2346 3608 vobis
2391 3551 2703 3622 acquiratur
2761 3559 2870 3606 tam
2897 3551 3026 3608 boni
3073 3551 3254 3621 operis
3299 3548 3464 3615 fama,
3493 3555 3550 3602 et
3590 3545 3803 3602 nostris

2193 3645 2530 3717 temporibus
2553 3643 2804 3700 videatur
2825 3643 3118 3713 antiquitas
3143 3643 3428 3699 decentius
3449 3641 3734 3696 innovata.

2191 3901 2252 3952 tu
2271 3891 2628 3960 manibusque
2656 3889 2978 3956 linguarum,
3008 3892 3112 3941 etc.
3143 3884 3313 3960 Yetus
3341 3889 3398 3938 et
3425 3882 3678 3940 incertus
3705 3897 3798 3938 an-

2194 3974 2317 4022 ctor
2337 3957 2392 4020 in
2423 3957 2814 4034 epigrammate
2837 3961 2903 4013 de
2943 3957 3276 4030 pantomimo
3311 3972 3324 4008 :

2318 4057 2412 4108 Tot
2439 4057 2634 4116 lingum,
2661 4058 2779 4114 quot
2801 4051 3017 4116 membra
3041 4051 3144 4116 viro
3163 4047 3394 4116 mirabilis
3416 4061 3494 4096 ars
3515 4057 3619 4108 est,

2415 4111 2648 4178 Qui'facit
2673 4111 2902 4164 articulos
2925 4127 3012 4162 ore
3035 4113 3214 4162 silente
3237 4111 3286 4230 lJo
3307 4113 3387 4160 iui.

3271 4189 3387 4228 UBE'.

3271 4189 3433 4230 UBET.

2269 4253 2294 4290 ά
2323 4249 2543 4306 Servius
2565 4248 2626 4304 P.
2650 4245 2888 4304 Danielis
2913 4247 2963 4302 in
2979 4245 3106 4300 illud
3125 4246 3218 4304 lib.
3239 4241 3490 4300 tiEneid.
3511 4264 3524 4296 :
3547 4242 3592 4296 Α
3609 4257 3800 4312 magno

2199 4325 2494 4380 demissum
2522 4336 2715 4376 nomen
2757 4317 2892 4374 Iulo.
2941 4319 3090 4372 Sicut
3137 4315 3442 4370 Alexander
3484 4315 3633 4383 (ait),
3669 4317 3804 4368 sicut

2198 4395 2508 4464 Pompeius.
2541 4389 2710 4464 Graeci
2741 4390 2885 4446 enim
2939 4403 3100 4464 omne
3151 4387 3495 4464 magnificum
3551 4401 3800 4464 magnum

2195 4457 2412 4530 vocant,
2459 4473 2518 4518 ut
2561 4463 2734 4516 Mater
2759 4475 2978 4528 inagna,
3025 4461 3097 4514 dii
3129 4459 3326 4530 inagui.
3373 4457 3724 4526 Lampridius
3751 4459 3803 4530 in

493 4541 728 4616 luerunt,
753 4529 838 4600 vis
861 4529 1528 4604 carmiiigetﬁniodulatio
1542 4529 1937 4616 'quzererelur‘,
1955 4543 2088 4616 Cas-
2119 4535 2170 4594 Ι)
2199 4529 2462 4616 ᾼξθιιειιιιι.
2496 4537 2681 4590 Sever.
2725 4532 2913 4588 scribit
2941 4545 3140 4586 nomen
3187 4529 3364 4616 magni
3393 4538 3686 4610 acceptum
3737 4529 3802 4582 ab

493 4612 742 4670 siodorus
767 4627 948 4670 noster
976 4619 1042 4674 de
1075 4619 1270 4675 Musica
1301 4635 1366 4674 ex
1393 4612 1672 4674 Clemente
1697 4615 2088 4671 Alexandrino.

495 4679 849 4774 Ertytnologici
869 4689 1046 4774 magni
1077 4699 1280 4752 auctor,
1316 4693 1511 4774 μοξσάν
1547 4693 1676 4749 τινές
1706 4711 1830 4760 eam
1860 4689 2090 4758 μύουσαν

498 4775 620 4836 εεςυαι
667 4760 1029 4836 ᾳτῦτζιιθηῇλγάρ
1070 4771 1281 4828 μουσική
1316 4759 1468 4815 ὀὐδέν
1497 4759 1720 4834 διαφέρει
1746 4767 1843 4814 τῶν
1874 4779 2082 4828 μυστη-

493 4842 638 4908 pic-iv:
670 4831 736 4888 ὡς
759 4826 1011 4908 digitio“.
1027 4835 1184 4908 μῶσὰ.
1201 4835 1279 4892 τίς
1301 4833 1442 4908 ἐστει
1457 4840 1534 4904 prii
1559 4826 1654 4908 γᾶῥ
1685 4837 1770 4886 καὶ
1797 4826 1991 4902 μῶμαι.
2023 4831 2082 4884 τὸ

497 4898 652 4964 ζητῶ,
677 4908 781 4954 etc.
814 4898 948 4954 Vide
971 4898 1140 4956 totum
1171 4901 1369 4960 locum.
1403 4898 1570 4958 Fons.

572 5001 592 5064 ξ
619 4990 676 5046 S.
723 4991 1053 5064 Augustinus
1097 4993 1189 5048 lib.
1222 5012 1256 5050 ιι
1287 4995 1352 5050 de
1375 4995 1555 5052 Doctr.
1583 4995 1808 5062 Christ.,
1841 5009 1960 5064 cap.
2001 4987 2092 5062 2'5,

495 5059 662 5144 refert
681 5059 914 5144 saltante
946 5065 1278 5144 pantomimo
1303 5066 1465 5120 moris
1493 5066 1732 5122 fuissent
1759 5059 1936 5144 pch
1958 5059 2094 5132 prae;

495 5133 775 5214 ξλιιῃιίίειςθι
807 5135 1014 5214 popqu
1044 5136 1170 5214 quid
1197 5137 1306 5214 suis
1329 5139 1563 5214 motibus
1591 5133 2088 5214 vellet’signiti‘eari.

496 5200 629 5259 Vide
651 5200 841 5261 Claud'.
872 5200 1076 5280 Paneg:
1108 5205 1316 5272 Tlieod.
1347 5209 1415 5265 de
1446 5209 1778 5282 Spectaculis
1810 5200 1958 5274 {Qui
1989 5221 2092 5259 nu-

2197 4607 2507 4666 Alevandro
2528 4615 2650 4676 post
2679 4619 2870 4676 magna
2901 4609 3073 4676 gesta,
3097 4609 3151 4656 et
3181 4616 3210 4654 a
3241 4599 3498 4676 Pompeio
3529 4607 3653 4676 post
3683 4615 3802 4676 tira-

2200 4695 2333 4749 gnos
2359 4667 2948 4749 triumphos,offuisse
2977 4667 3336 4749 reiectumnab
3367 4667 3686 4749 Alcuainlro

2199 4739 2330 4805 vero
2355 4751 2484 4816 imp.
2519 4739 2640 4803 cum
2673 4739 2892 4802 senatus
2915 4739 3073 4800 Rern.
3105 4743 3156 4799 ei
3186 4741 3520 4799 offert-etho
3543 4739 3803 4813 Pompeio

2199 4823 2334 4879 scite
2359 4821 2580 4878 Ovidius
2609 4819 2701 4874 lib.
2737 4834 2754 4872 ι
2787 4836 2801 4872 :

3194 4909 3372 4960 Testor

2299 4980 2494 5040 Magne,
2521 4984 2657 5028 tuum
2683 4988 2890 5034 nomen;
2917 4987 3083 5023 rerum
3107 4983 3182 5040 est
3208 4982 3436 5020 mensura
3462 4975 3658 5018 tuarum

2358 5035 2454 5090 Sed
2479 5035 2528 5090 te
2556 5041 2640 5102 qui
2663 5041 2784 5090 vicit
2807 5051 2999 5088 non‘nne
3027 5035 3176 5096 major
3203 5041 3328 5083 erat.

2197 5125 2439 5195 Caligula
2467 5123 2568 5179 Cn.
2605 5123 2864 5192 Pompeio
2885 5121 3070 5195 stirpis
3109 5119 3346 5190 antiquae
3396 5113 3578 5186 magni
3603 5127 3804 5168 nomen

2199 5191 2421 5262 ademit,
2455 5197 2529 5250 ait
2558 5191 2870 5252 Suetonius.
2893 5191 3089 5248 Juusr.

505 5326 3790 5364 Μ

1645 5459 1993 5546 LIBER
2067 5453 2631 5566 QUINTUS.

927 5706 1039 5778 78
1087 5701 1426 5760 EPISTOLA
1465 5701 1696 5760 PRIMA.

751 5813 875 5858 ιιιςαι
913 5813 1289 5864 ΨΑΝιιιιιοιιωι
1323 5813 1687 5858 THEODORIGUS
1717 5813 1848 5854 REX.

505 5889 700 5950 Scribit
723 5907 777 5947 se
806 5890 1156 5947 lubentissime
1193 5893 1454 5962 excepisse
1482 5910 1628 5946 arma
1659 5893 1721 5946 ab
1752 5909 1812 5948 eo
1834 5890 2021 5960 missa,
2047 5895 2100 5946 et

2277 5721 2367 5847 per
2391 5703 2588 5828 (sgatos
2616 5701 2810 5758 suosin
2833 5699 3270 5755 remunerationis
3285 5699 3456 5754 locum
3481 5695 3592 5752 alia
3611 5697 3658 5750 ei
3675 5713 3804 5751 cou-

2301 5785 2378 5830 στι
2443 5793 2566 5830 ana.

2301 5785 2378 5830 ετι
2406 5785 2566 5830 dona.

2275 5885 2407 5944 Cum
2463 5887 2644 5958 piceis,
2697 5884 3000 5956 tymbribus
3054 5893 3110 5942 et
3139 5899 3340 5956 pueros
3379 5883 3574 5954 geniali
3623 5879 3802 5950 latius.
