3958 6466
156 329 259 396 σω

1411 325 1772 400 VABIARUM
1811 330 2014 388 LIBER
2049 309 2145 391 tv.‘

3303 337 3409 398 646

158 441 355 517 gentili]
383 440 614 508 candore
637 441 898 514 lucentes,
929 451 987 504 et
1006 444 1230 518 spathae
1259 443 1412 510 nobis
1433 445 1595 501 etiam
1637 460 1726 499 ar-
1755 448 1809 510 Α
1833 443 2063 512 Proinde
2087 445 2193 520 19
2213 445 2468 516 requirite
2496 461 2597 506 nos
2623 445 2817 518 saepius
2843 459 2940 520 per
2967 445 3081 508 vias
3105 461 3239 524 quas
3260 463 3413 512 arnor

157 555 241 597 tua
291 538 604 598 desecantes
649 547 828 600 vestra
865 538 1179 612 fraternitas
1224 538 1533 604 destinavit,
1587 537 1727 593 ferro

158 644 310 701 quam
330 628 446 692 auri
467 629 641 699 pretio
665 629 906 696 ditiores.
935 629 1193 699 Splendet
1230 630 1338 688 illic
1391 629 1608 688 claritas
1636 643 1731 688 cx-

156 721 336 796 polita,
365 727 427 773 ut
449 719 776 788 intuentium
806 720 974 778 facies
1002 721 1144 782 fideli
1167 721 1402 791 puritate
1421 721 1727 786 restituant,

155 827 373 886 quarum
399 811 670 886 margines
699 811 753 866 in
783 820 1003 870 acutum
1052 812 1148 868 tali
1173 813 1479 884 :equalitate
1508 811 1732 870 descen-

156 906 302 973 dum.
325 911 384 970 ιιι
427 919 539 966 non
569 903 713 968 limis
741 905 1072 976 compositae,
1120 904 1213 968 sed
1235 902 1402 974 igneis
1427 901 1732 966 fornacibus

155 996 434 1062 credantur
463 993 660 1062 elluste.
686 993 890 1050 Harum
916 995 1091 1050 media
1116 995 1351 1064 pulchris
1380 993 1546 1050 alveis
1573 1008 1734 1060 exca-

153 1096 288 1153 vata,
316 1085 640 1156 quibusdam
668 1085 920 1140 videntur
949 1086 1173 1163 crispari
1202 1100 1362 1156 posse
1383 1084 1688 1150 vermiculis
1714 1101 1728 1136 :

154 1179 236 1236 ubi
268 1187 412 1234 tanta
441 1178 717 1240 varietatis
743 1180 930 1234 umbra
953 1180 1226 1238 concludit
1252 1177 1418 1252 [Cor.,
1435 1176 1610 1240 Cum,
1631 1177 1736 1234 col-

156 1268 326 1342 ludit],
351 1278 408 1328 ut
439 1271 704 1325 intextum
732 1271 904 1339 magis
934 1270 1125 1334 credas
1162 1270 1324 1326 variis
1352 1270 1622 1334 coloribus
1649 1269 1733 1321 lu-

153 1364 321 1432 cidum
347 1365 650 1428 metallum.
680 1363 798 1420 Hoc
823 1374 1003 1434 vestra
1059 1365 1198 1426 cotis
1228 1365 1512 1432 diligenter
1540 1378 1733 1435 emun-

153 1454 259 1524 dat,
279 1455 385 1520 hoc
405 1465 591 1524 vester
619 1456 1080 1526 splendidissimus
1113 1456 1287 1528 pulvis
1308 1456 1379 1510 ita
1413 1455 1737 1522 industriose

153 1545 396 1614 detergit,
431 1555 489 1606 ut
536 1547 816 1617 speculum
857 1547 1127 1616 quoddam
1156 1548 1393 1608 virorum
1445 1545 1606 1604 faciat
1629 1546 1736 1602 fer-

153 1651 296 1702 ream
325 1637 500 1692 lucem
519 1653 535 1706 ;
551 1638 640 1707 qui
661 1638 786 1692 ideo
810 1639 1003 1708 patriae
1019 1647 1230 1701 vestrae,
1246 1646 1436 1700 natura
1453 1637 1734 1708 largiente,

153 1744 434 1786 concessus
460 1739 562 1793 est.
593 1739 650 1784 ut
679 1729 836 1800 hujus
889 1730 968 1786 rei
1022 1730 1331 1800 opinionem
1379 1729 1534 1786 nobis
1575 1728 1738 1783 faciat

153 1819 491 1887 singularem.
516 1819 682 1876 Enses
703 1821 792 1892 qui
817 1820 1211 1890 pulchritudine
1237 1820 1316 1875 sui
1345 1827 1601 1888 ρυιειιιυτ
1621 1834 1737 1874 esse
1769 1835 1816 1900 Β
1839 1819 2142 1907 vindicasti.

153 1910 398 1980 Vulcani,
429 1912 522 1982 qui
552 1921 702 1966 tanta
724 1912 990 1980 elegantia
1011 1911 1220 1966 fabrilia
1250 1911 1396 1966 visus
1424 1920 1506 1966 est
1529 1911 1739 1966 excole-

151 2017 225 2066 re,
255 2012 315 2056 ut
341 2003 489 2076 quod
522 2003 637 2082 ejus
661 2003 912 2072 manibus
934 2004 1287 2072 formabatur,
1307 2020 1415 2070 non
1440 2019 1574 2074 opus
1596 2019 1738 2060 tuor-

152 2095 358 2164 talium,
407 2094 504 2152 sed
533 2097 845 2158 crederetur
881 2112 1002 2152 esse
1054 2095 1308 2152 divinum.
1365 2095 1599 2151 Proinde
1643 2111 1739 2167 per

151 2185 297 2244 illum
324 2196 381 2241 et
405 2188 557 2250 illum
578 2188 784 2258 legatos
811 2199 1026 2248 nostros
1055 2190 1328 2248 solventes
1367 2190 1560 2244 debita:
1595 2191 1740 2246 salu-

151 2282 374 2337 tationis
403 2282 678 2352 allectum,
709 2300 858 2344 arma
883 2292 1060 2340 vestra
1089 2285 1321 2346 libenter
1341 2300 1442 2340 nos
1468 2285 1740 2355 accepisse

153 2373 509 2442 declaramus,
541 2390 660 2446 qua:
691 2376 846 2432 bona:
899 2377 1048 2446 pacis
1075 2376 1250 2438 studia
1286 2377 1695 2432 transmiserunt
1721 2395 1733 2431 :

154 2464 576 2526 vicissitudinem
619 2468 858 2528 muneris
911 2484 1012 2538 pro
1041 2483 1407 2540 expensarum
1437 2477 1738 2538 vestrarum

155 2555 589 2612 consideratione
611 2558 928 2622 tribuentes,
962 2573 1080 2627 quae
1105 2567 1308 2618 tantum
1339 2558 1492 2613 vobis
1518 2558 1742 2612 reddan-

155 2653 242 2700 tur
262 2657 508 2720 accepta,
556 2656 814 2718 quantum
843 2650 997 2704 nobis
1018 2658 1194 2704 vestra
1224 2649 1371 2706 fuere
1415 2649 1738 2718 gratissima.

155 2735 420 2794 Praestent
449 2739 629 2794 divina
659 2740 1026 2806 concordiam,
1053 2748 1112 2794 ut
1141 2740 1254 2794 haec
1278 2739 1417 2791 inter
1447 2754 1546 2791 nos
1591 2748 1742 2805 grata

155 2842 334 2889 mente
356 2832 639 2904 facientes,
661 2833 900 2903 gentium
930 2842 1239 2892 nostrarum
1271 2831 1408 2884 velle
1431 2831 1740 2898 jungamns,

155 2934 208 2979 et
234 2926 468 2997 invicem
493 2926 716 2984 solliciti
743 2925 947 2991 mutuis
969 2925 1240 3004 possimus
1265 2922 1593 2978 utilitatibus
1615 2921 1746 2976 obli-

149 3029 287 3086 gari.

756 3127 1089 3186 EPISTOLA
1113 3127 1176 3184 ll.

569 3235 772 3279 ‘ISTIS
794 3237 1157 3280 ῖιιεοιοιιουε
1180 3237 1305 3275 REX.

154 3329 208 3386 Ν
211 3340 354 3388 olunt
372 3334 499 3405 facit
519 3350 572 3387 se
601 3334 812 3388 licenter
837 3337 1094 3405 accepisse
1110 3352 1198 3403 per
1217 3349 1392 3405 eorum
1407 3335 1604 3402 legatos
1627 3348 1742 3386 suc-

405 3404 605 3469 cinum;
646 3407 780 3474 quod
807 3407 944 3460 unde
962 3403 1173 3460 oriatur
1197 3403 1458 3459 deambit.

226 3514 324 3569 illo
355 3522 410 3569 et
436 3515 530 3569 illo
554 3515 744 3582 legatis
772 3515 968 3570 vesrris
1012 3516 1373 3578 venientibus,
1405 3515 1606 3582 grande
1649 3532 1746 3571 vos

161 3604 400 3658 studium
430 3605 635 3659 notitiae
669 3614 865 3660 nostra:
915 3605 1167 3660 habuisse
1199 3606 1570 3672 cognovimus,
1605 3614 1662 3658 ut
1693 3606 1748 3659 in

158 3693 357 3748 Oceani
383 3695 656 3749 littoribus
685 3696 986 3759 constituti,
1020 3711 1138 3750 cum
1189 3704 1371 3749 nostra
1417 3702 1601 3747 mente
1625 3695 1749 3763 jun-

155 3785 353 3852 gamiui
381 3801 395 3838 :
423 3777 604 3840 suavis
623 3785 781 3841 nobis
810 3785 1093 3840 admodum
1114 3798 1171 3840 et
1189 3796 1339 3854 grata
1371 3787 1654 3855 petitio,ut
1683 3786 1751 3840 ad

158 3889 250 3928 vos
276 3877 587 3945 perveniret
614 3875 755 3930 fama
785 3886 988 3946 nostra,
1015 3877 1084 3930 ad
1124 3895 1259 3948 quos
1289 3878 1430 3932 nulla
1481 3878 1751 3948 potuimus

156 3964 431 4022 destinare
479 3968 749 4022 mandata.
802 3970 993 4024 Amate
1016 3971 1126 4038 jam
1157 3972 1447 4038 cognitum,
1477 3983 1637 4036 quem
1661 3984 1749 4022 re-

157 4060 395 4126 quisistis
447 4062 744 4116 ambienter
781 4064 1039 4130 ignotum.
1087 4062 1219 4116 Nam
1252 4063 1392 4117 inter
1438 4071 1518 4116 tot
1565 4071 1751 4130 gentes

156 4153 292 4206 viam
319 4168 670 4224 praesumere,
711 4171 818 4209 non
859 4165 937 4211 est
969 4155 1165 4225 aliquid
1207 4155 1361 4210 facile
1391 4156 1746 4225 concupiisse.

157 4241 220 4296 Et
242 4245 360 4301 ideo
420 4246 742 4301 salutatione
773 4263 868 4302 vos
913 4247 1202 4302 aﬂ‘ectuosa
1231 4247 1582 4317 requirentes,
1614 4247 1751 4301 iudi-

159 4351 338 4393 camus
365 4340 754 4410 succina,-qua:
781 4357 809 4394 a
842 4341 994 4394 vobis
1022 4357 1118 4410 per
1140 4341 1333 4394 harum
1358 4341 1652 4410 portitores
1671 4339 1752 4393 di-

157 4437 298 4482 recta
318 4437 472 4494 sunt,
503 4439 656 4498 grato
676 4430 858 4484 animo
886 4428 1051 4484 fuisse
1085 4438 1335 4499 suscepta
1367 4447 1379 4481 :
1409 4444 1529 4497 quae
1558 4429 1625 4482 ad
1655 4443 1752 4483 vos

157 4512 348 4573 Oceani
380 4519 526 4573 unda
557 4519 912 4586 descendens,
941 4520 1083 4573 hanc
1132 4519 1454 4573 levissimam
1495 4521 1747 4574 substan-

1829 546 2008 592 vester
2055 537 2286 608 aperuit,
2331 538 2456 608 quia
2485 553 2697 608 semper
2725 539 2944 610 prodest
2970 539 3188 608 divitum
3229 557 3413 614 regum

1830 627 2092 697 acquisita
2118 627 2440 695 concordia;
2467 627 2558 696 qui
2587 633 2712 681 dum
2740 644 2903 698 parvo
2941 645 3160 696 munere
3203 632 3414 696 leniun-

1831 726 1938 788 tur,
1961 718 2165 788 majore
2194 735 2409 790 semper
2435 721 2874 792 compensatione
2917 726 3267 798 prOSpiciuut.
3297 728 3413 782 Ali-

1832 826 1938 879 qua
1962 812 2115 866 vobis
2140 813 2298 872 etiam
2331 828 2426 882 per
2449 813 2655 882 legatos
2682 821 2890 869 vestros
2934 817 3098 886 verbo
3142 821 3416 877 mandavi-

1831 917 1968 967 mus,
1993 917 2088 973 per
2108 918 2262 972 quos,
2277 918 2394 973 quae
2417 912 2569 972 grata
2581 918 2699 959 esse
2725 904 2974 970 debeant,
2995 921 3094 961 nos
3121 908 3417 966 destinasse

1832 993 2184 1050 declaramus.

2399 1165 2732 1224 EPISTULA
2758 1167 2844 1226 Ill.

1835 1296 2118 1336 BONOBA'I'O
2147 1296 2265 1338 VIRO
2295 1297 2555 1350 ILLUSTRI,
2581 1297 2874 1350 ρυιεετοιιι,
2901 1298 3262 1358 Τμεουριηουε
3289 1302 3415 1350 REX.

1839 1394 2146 1468 Confertt'lli
2172 1395 2441 1468 quaestoris
2467 1395 2705 1468 o/ﬁciurn,
2725 1411 2822 1464 quo
2854 1395 3137 1468 Decorum:
3168 1398 3280 1468 ejus
3310 1400 3421 1468 fra-

1909 1466 2161 1591 Zr,ddum
2189 1465 2393 1530 viveret,
2424 1465 2741 1536 potiebatur;
2795 1473 2844 1520 et
2896 1466 3044 1528 ambo
3075 1465 3420 1540 maxinmpere

1965 1554 1994 1589 u
2039 1548 2209 1590 antur.

1965 1548 2209 1590 uaantur.

1911 1671 2022 1726 Usu
2044 1671 2258 1742 quidem
2287 1671 2534 1742 provenit
2560 1671 2922 1726 benemeritos
2937 1672 3076 1728 dona
3098 1681 3279 1728 nostra
3303 1690 3412 1730 sus-

1842 1762 2048 1831 cipere;
2080 1762 2175 1816 sed
2202 1770 2258 1816 tu
2277 1761 2396 1830 jure
2421 1761 2746 1816 luereditatis
2775 1763 3030 1832 principis
3049 1763 3144 1817 tibi
3164 1763 3422 1819 beneticia

2168 1850 2440 1910 Honorem
2467 1853 2644 1908 fratris
2673 1854 3001 1924 adipisceris,
3016 1855 3141 1923 quia
3163 1856 3423 1925 sapientia

1839 1958 2055 2013 quoque
2083 1957 2372 2012 germanus
2400 1959 2476 1998 es.
2509 1944 2591 1998 Ab
2620 1944 2819 1999 eisdem
2849 1945 3003 1999 bonis
3046 1961 3151 2000 non
3209 1946 3426 2014 repelli-

1841 2051 1960 2090 mus
1987 2050 2147 2104 quem
2175 2035 2401 2089 similem
2432 2036 2864 2105 comprobamus.
2897 2034 3034 2090 Eant
3059 2053 3203 2092 nunc
3231 2053 3427 2107 paren-

1842 2136 1924 2183 tes
1946 2144 2009 2183 ae
2035 2128 2207 2192 liberi,
2242 2137 2298 2184 et
2325 2129 2588 2183 bonarum
2613 2130 2807 2184 artium
2846 2131 3022 2186 studia
3075 2131 3426 2186 incitamento

1841 2219 2205 2274 similitudinis
2233 2221 2570 2276 annulentur.
2587 2220 2787 2275 Novam
2817 2222 2868 2274 in
2895 2230 2947 2275 te
2977 2221 3201 2275 fecimus
3231 2222 3424 2290 legem,

1841 2318 2094 2380 parentes
2119 2309 2172 2363 in
2203 2309 2669 2365 administratione
2693 2311 3004 2366 succedere.
3023 2310 3123 2366 Hic
3143 2319 3428 2382 provectus

1842 2421 1950 2460 non
2009 2405 2282 2470 adimitur,
2338 2405 2432 2459 sed
2479 2412 2534 2458 et
2581 2413 2819 2460 mutatur
2851 2425 2862 2459 :
2895 2407 3018 2475 quia
3049 2407 3174 2462 licet
3195 2423 3429 2478 persona

1841 2495 2134 2562 subrogata
2157 2495 2248 2560 sit,
2272 2493 2487 2549 familia:
2513 2503 2689 2549 tamen
2719 2511 2826 2550 non
2847 2497 3044 2562 delicit,
3071 2500 3214 2566 quod
3231 2501 3430 2566 gratis-

1843 2589 2010 2642 simus
2032 2601 2321 2656 germanus
2347 2588 2596 2656 acquirit.
2612 2587 2656 2642 Ο
2672 2605 2798 2645 vere
2818 2593 3012 2645 vestris
3033 2593 3236 2647 meritis
3248 2593 3430 2660 electi,

1845 2691 1902 2735 et
1927 2681 2169 2749 auspicio
2199 2682 2432 2736 nominis
2479 2682 2758 2736 honorati!
2805 2681 3159 2738 Prtesentiunt
3188 2687 3431 2754 quaedam

1846 2781 2124 2846 parentes,
2152 2775 2342 2843 positis
2371 2776 2424 2828 in
2455 2776 2605 2844 prole
2634 2776 2907 2830 vocabulis
2938 2787 2986 2845 ι,
3008 2785 3062 2831 et
3091 2783 3149 2831 ι’ῑι
3177 2789 3433 2833 ventura-

1847 2879 1966 2918 rum
1991 2879 2170 2919 rerum
2199 2881 2387 2919 cursus
2413 2881 2478 2918 ex
2502 2865 2610 2918 alto
2641 2873 2722 2918 est
2741 2866 2966 2935 imperio
2990 2867 3309 2933 Divinitatis,
3341 2878 3434 2922 eo:

1847 2955 2038 3026 gitatio
2061 2957 2407 3025 pnesagantis
2434 2955 2745 3021 instruitur;
2796 2955 2939 3026 loqui
2968 2958 3125 3010 datur
3163 2961 3303 3027 quod
3334 2975 3434 3014 nos

1845 3047 2081 3101 sensisse
2093 3046 2386 3113 nescimus;
2412 3045 2504 3100 sed
2533 3053 2656 3116 post
2681 3061 2861 3100 casum
2879 3047 3266 3102 reminiscimur
3287 3051 3436 3119 quod

1851 3139 2163 3207 ignorantes
2219 3138 2481 3193 veraciter
2535 3137 2860 3193 dixeramus.
2893 3137 3006 3191 Tali
3054 3140 3215 3208 igitur
3255 3142 3436 3198 omine

1771 3223 1818 3284 Ο
1855 3230 2144 3286 decoratus
2165 3231 2364 3286 evaluit
2398 3231 2658 3294 :evaluit,
2693 3230 2930 3299 inquam,
2966 3247 3029 3285 ac
3059 3247 3114 3285 se
3139 3231 3438 3290 honoribus

1845 3327 2120 3396 palatinis,
2148 3325 2350 3394 judicio
2393 3334 2578 3380 nostro
2609 3325 2874 3388 laudatus,
2922 3326 3231 3393 immiscuit,
3260 3329 3435 3398 digni-

1849 3426 2019 3472 tatem
2049 3433 2265 3472 sumens
2293 3432 2453 3486 quam
2483 3419 2719 3475 solemus
2747 3419 2875 3473 dare
2901 3420 3267 3488 prudentibus.
3324 3421 3438 3478 lloe

1851 3508 2010 3578 plane
2036 3524 2202 3578 supra
2229 3518 2457 3564 caeteros
2485 3509 2806 3578 adipiscens,
2829 3510 2971 3579 quod
2999 3505 3173 3581 potuit
3193 3526 3438 3581 emerge—

1851 3615 1911 3654 re
1939 3610 2064 3668 post
2089 3600 2312 3655 electos.
2337 3599 2449 3654 Sub
2475 3601 2617 3668 genii
2648 3602 2815 3656 nostri
2849 3601 2968 3656 luce
2998 3601 3291 3673 intrepidus
3316 3606 3440 3675 qui-

1852 3691 1994 3753 dem,
2019 3691 2116 3744 sed
2149 3698 2459 3746 reverenter
2485 3693 2716 3756 astabat,
2749 3703 3053 3763 opportune
3081 3697 3292 3764 tacitus,
3345 3714 3440 3754 ne-

1853 3783 2088 3838 cessarie
2115 3782 2383 3853 copiosus,
2407 3798 2660 3840 curarum
2684 3795 2988 3840 nostra-rum
3019 3789 3273 3842 eximium
3303 3789 3422 3843 leva

1852 3892 2004 3940 men;
2039 3885 2091 3930 et
2119 3892 2242 3931 cum
2269 3877 2553 3947 potestatis
2581 3886 2780 3932 nostrae
2803 3881 2972 3947 gratia
3004 3881 3286 3945 ditaretur,
3319 3896 3436 3935 mo-

1852 3984 1915 4022 ru
1940 3989 1965 4018 n
2001 3969 2170 4036 magis
2225 3967 2383 4022 laude
2435 3978 2738 4035 contentus,
2771 3970 3130 4024 mediocribus
3152 3987 3210 4024 se
3254 3971 3431 4040 potius

1851 4061 2188 4129 exsequabat.
2214 4060 2354 4114 Vivit
2383 4062 2522 4130 apud
2550 4079 2647 4115 nos
2674 4061 2979 4116 recordatio
3002 4061 3432 4130 bonorum,quia

1853 4150 1986 4208 ﬁdes
2011 4153 2246 4205 hominis
2293 4153 2467 4205 nescit
2520 4167 2640 4205 (mm
2693 4159 2864 4204 morte
2913 4151 3160 4206 deiicere.
3213 4152 3436 4209 Secreta

1853 4254 2060 4311 nostra,
2085 4244 2238 4312 quasi
2267 4243 2700 4305 oblivisceretur,
2751 4244 3020 4310 occuluit;
3071 4245 3238 4313 jussa,
3283 4247 3437 4314 quasi

1851 4337 2130 4402 scribere-1,
2149 4352 2246 4407 per
2267 4336 2510 4391 ordinem
2533 4336 2785 4390 retinuit:
2810 4338 2926 4392 sine
2957 4339 3178 4392 avaritia
3200 4341 3442 4396 serviens

1853 4438 1910 4483 et
1957 4428 2183 4495 gratiam
2233 4435 2470 4482 nostram
2519 4441 2726 4480 sunrma
2771 4426 3064 4491 cupiditate
3102 4429 3438 4498 perquirens.

1855 4518 2180 4573 Divertimus
2207 4517 2520 4613 quidemet!
2564 4518 2882 4572 benemeriti
2920 4518 3124 4584 laudes,
3158 4520 3254 4575 sed
3287 4536 3442 4577 com-

161 4611 302 4680 tiam,
332 4614 480 4668 sicut
500 4620 555 4667 et
579 4621 880 4667 vestrorum
901 4613 1094 4667 relatio
1109 4613 1442 4679 continebat,
1466 4621 1743 4682 exportat;
1775 4615 1829 4676 Ῑ)
1855 4611 2052 4681 pendio
2082 4611 2347 4665 sermonis
2377 4610 2652 4679 assumpti,
2705 4625 2824 4664 cum
2857 4610 3005 4664 illum
3037 4611 3337 4680 referimus,
3389 4624 3443 4670 te

160 4703 247 4756 sed
274 4705 422 4759 unde
476 4705 676 4766 veniat.
710 4706 1041 4773 incognitum
1084 4721 1178 4761 vos
1221 4707 1426 4760 .habcre
1472 4706 1744 4774 dixerunt,

162 4805 312 4861 quam
359 4803 493 4850 ante
521 4811 708 4853 omnes
749 4798 1001 4853 homines
1049 4799 1220 4868 patria
1246 4806 1456 4853 -vestra
1489 4796 1748 4852 offerente

164 4887 447 4959 suscipitis.
507 4887 652 4954 Haec,
703 4888 934 4959 quodam
955 4888 1212 4944 Cornelio
1239 4889 1525 4954 scribente,
1555 4889 1750 4957 legitur

164 4978 213 5031 in
251 4980 597 5037 interioribus
647 4983 834 5038 insulis
887 4980 1088 5038 Oceani
1137 4997 1205 5037 ex
1227 4982 1434 5036 arboris
1461 4997 1623 5036 succo
1649 4981 1746 5036 de—

167 5065 346 5139 ﬂuens,
380 5073 523 5128 unde
545 5082 600 5128 et
618 5075 891 5141 succinum
921 5074 1133 5140 dicitur,
1159 5073 1413 5144 paulatim
1439 5073 1565 5127 solis
1597 5071 1750 5126 ardo—

166 5174 224 5215 re
259 5163 565 5219 coalescere
615 5164 830 5237 [Forn.,
859 5161 1185 5236 czelescere].
1233 5163 1320 5218 Fit
1348 5163 1490 5218 enim
1520 5161 1748 5216 sudatile

169 5255 438 5312 metallum
468 5257 774 5312 teneritudo
804 5258 1107 5327 perspicua,
1137 5255 1299 5312 modo
1340 5270 1538 5312 croceo
1565 5253 1750 5308 colore

171 5347 379 5414 rubens,
406 5350 570 5405 modo
594 5348 841 5405 flammea
863 5350 1106 5405 claritate
1133 5350 1518 5419 pinguescens;
1547 5355 1604 5400 ut
1625 5361 1748 5401 cum

172 5438 223 5493 in
251 5446 411 5500 maris
430 5444 590 5500 fuerit
611 5445 828 5516 delapsa
858 5441 1116 5512 confinio,
1137 5453 1270 5496 testu
1295 5441 1597 5497 alternante
1622 5456 1750 5511 pur-

171 5542 312 5604 gata,
340 5539 532 5594 vestris
559 5538 828 5592 littoribus
856 5537 1104 5592 tradatur
1130 5537 1394 5604 exposita.
1428 5533 1583 5600 Quod
1629 5533 1750 5590 ideo

167 5622 516 5693 indicavimus
544 5631 900 5696 indicandum,
935 5646 1002 5685 ne
1030 5631 1253 5684 omnino
1285 5629 1480 5699 putetis
1503 5627 1749 5681 notitiam

176 5727 408 5775 nostram
434 5725 640 5796 fugere,
668 5726 812 5796 quod
841 5725 1113 5781 occultum
1161 5723 1378 5780 creditis
1404 5738 1501 5778 vos
1527 5722 1748 5779 habere.

1855 4704 2128 4758 docemus.
2163 4701 2286 4756 Fuit
2313 4702 2559 4755 nimirum
2589 4703 2924 4771 gratusquod
2953 4703 3092 4771 apud
3115 4719 3211 4757 nos
3242 4714 3296 4758 et
3319 4714 3443 4775 post

1853 4796 1963 4851 fata
1993 4811 2113 4852 esse
2142 4812 2249 4850 non
2280 4795 2493 4850 desinit.
2527 4791 2739 4849 Tristes
2785 4799 3072 4865 quaeriunts
3127 4815 3288 4869 quem
3343 4817 3441 4859 nos

1855 4888 2101 4944 amisisse
2128 4887 2390 4942 dolemus.
2413 4885 2519 4941 Sed
2549 4887 2801 4942 acerbum
2825 4903 3010 4943 casum
3033 4889 3264 4960 mitigat,
3299 4893 3444 4960 quod

1855 4981 1905 5035 ei
1921 4979 2120 5035 vicaria
2147 4979 2345 5032 virtute
2383 4976 2626 5032 succedis
2653 4995 2666 5031 :
2692 4979 2816 5048 quia
2869 4995 3028 5038 nemo
3061 4983 3356 5052 perdidisse
3385 4999 3444 5038 se

1855 5074 2018 5128 sentit
2064 5070 2207 5141 quod
2236 5070 2288 5124 in
2319 5070 2547 5124 alterum
2576 5069 2844 5128 invenisse
2872 5075 3169 5143 cognoscit.
3203 5072 3317 5146 Non
3350 5090 3445 5127 ex-

1855 5172 2037 5217 tranea
2065 5161 2290 5219 secteris
2303 5160 2569 5233 exempla,
2587 5167 2670 5220 cui
2701 5165 2994 5236 domestica
3021 5173 3312 5236 suppetunt
3335 5171 3444 5230 tam

1854 5270 2048 5323 magna
2079 5253 2370 5324 praeconia.
2395 5251 2476 5312 Tu
2507 5256 2795 5312 decoratus
2819 5271 2887 5310 ex
2917 5257 3009 5310 illo
3033 5270 3110 5320 es,
3140 5256 3231 5310 ille
3269 5255 3443 5309 hono-

1856 5360 2006 5408 ratus
2031 5367 2098 5406 ex
2116 5361 2167 5406 te
2187 5359 2292 5410 est.
2316 5355 2565 5408 Aduneut
2594 5369 2652 5408 se
2682 5354 2871 5407 merita
2897 5351 3112 5420 quando
3135 5367 3192 5405 se
3217 5351 3446 5420 junxerc

1855 5447 1934 5500 sic
1964 5446 2204 5503 nomina.
2231 5446 2362 5502 Nam
2388 5448 2454 5503 de
2482 5455 2533 5502 te
2557 5446 2753 5518 justius
2782 5445 3048 5512 credimus
3079 5445 3322 5516 meliora,
3351 5446 3445 5514 qui

1858 5537 2121 5606 sequeris,
2147 5540 2270 5610 quia
2295 5555 2507 5609 semper
2533 5547 2616 5593 est
2642 5536 2948 5603 diligentior
2970 5535 3207 5597 imitator
3227 5538 3442 5608 prioris,

1857 5631 2075 5700 quando
2099 5639 2151 5686 te
2177 5630 2527 5700 praecedentis
2551 5629 2690 5682 bona
2721 5627 2845 5680 licet
2892 5625 3090 5693 eligere
3113 5634 3167 5681 et
3187 5642 3324 5681 nova
3352 5643 3448 5683 cu~

1861 5725 2084 5780 mulare.
2135 5723 2311 5792 Atque
2367 5721 2489 5776 ideo
2537 5719 2603 5774 ab
2635 5717 2929 5773 indictione
2959 5719 3113 5786 tertia
3164 5729 3446 5790 quaasturtl

249 5882 275 5912 α
302 5873 461 5935 Forn.
491 5898 506 5934 :
531 5880 721 5936 Omnes
747 5890 950 5935 natura:
987 5879 1181 5934 meriti:
1202 5878 1367 5933 electi.
1401 5877 1748 5933 Prmentiuut
1793 5879 2030 5952 quth
2053 5885 2316 5948 parantes,
2346 5884 2527 5946 pastus
2552 5890 2606 5930 tu
2633 5872 2784 5946 prole
2810 5873 3088 5932 uocabulis.
