4018 6348
515 321 617 378 047

1723 321 1794 376 Μ.
1837 318 2114 376 AURELII
2151 309 2547 374 CASSIODORI

3677 309 3796 366 648

516 446 570 493 te
599 435 856 510 dignitate
883 437 1228 494 subvehimus
1257 437 1429 509 (Anno
1456 436 1579 492 Chr.
1610 436 1711 490 510
1735 439 1812 492 uel
1848 437 1998 506 525),
2031 437 2098 489 fa-
2125 440 2177 499 Α
2202 432 2486 487 titubantia
2512 445 2619 484 non
2643 425 2903 497 proferre.
2920 423 3036 480 Hoc
3062 424 3114 479 in
3138 425 3399 480 Decorato
3420 425 3795 481 certissimum

517 531 788 599 cimusque
825 530 994 586 nostri
1022 529 1228 585 consilii
1258 530 1502 584 claritate
1528 530 1707 584 vivere
1737 528 2088 592 Honoratum,

517 629 573 674 ut
601 636 718 676 esse
739 636 881 676 nunc
910 621 1131 690 incipias
1160 619 1301 690 quod
1331 630 1457 675 ante
1480 620 1775 675 vocabaris.
1810 619 1920 688 Age
1951 633 2094 673 nunc

516 709 825 765 inhaerendo
849 710 1089 779 justitiaz,
1115 719 1172 765 ut
1219 710 1311 778 qui
1338 711 1618 780 inexperto
1644 710 1907 765 honorem
1945 708 2093 764 dedi—

516 815 652 868 inus,
685 801 911 858 meliora
935 802 1029 857 tibi
1052 802 1430 872 probatissimo
1460 801 1815 858 conferamus.

1074 935 1403 994 EPISTOLA
1431 937 1522 992 IV.

724 1044 949 1085 SENATUI
974 1045 1122 1086 UKBIS
1152 1046 1306 1086 ROIUE
1340 1045 1700 1086 TBEODORICUS
1727 1045 1852 1085 REX.

518 1139 761 1213 Declarat
788 1159 842 1196 se
863 1143 1075 1213 elegisse
1101 1144 1153 1196 in
1185 1151 1487 1213 qiiwstorem
1515 1141 1845 1213 Honoratum
1876 1141 2092 1211 fratrem

582 1211 962 1283 Decoruti:qui
993 1215 1158 1279 ambo,
1179 1211 1445 1283 postquam
1469 1213 1721 1281 prwclura
1750 1211 1813 1264 de
1832 1221 2094 1283 quaestura

587 1285 740 1347 dixit,
773 1280 1052 1365 laudantur
1068 1301 1086 1348 ;
1115 1295 1164 1338 et
1179 1280 1247 1336 ω
1276 1280 1323 1336 Η
1334 1280 1604 1337 oneratum
1633 1284 1781 1336 εωῑαὶ
1827 1280 2093 1335 ascribunt

589 1371 681 1408 suo
716 1363 860 1424 petit.

589 1447 807 1502 Certum
824 1456 925 1512 est,
953 1445 1139 1502 Patres
1153 1444 1476 1516 Conscripti,
1502 1445 1848 1516 prudentibus
1862 1445 1990 1499 viris
2005 1458 2100 1500 ve—

517 1548 686 1595 strum
706 1539 898 1594 florere
908 1539 1216 1603 consilium;
1242 1537 1334 1592 sed
1352 1537 1520 1592 ethoc
1539 1537 1794 1607 probatur
1805 1535 2097 1604 egregium,

517 1629 660 1697 quod
707 1630 856 1684 vobis
895 1628 1246 1698 permiscetur
1285 1628 1514 1696 dignitas
1543 1628 1860 1682 litterarum.
1902 1625 2100 1680 Omnes

515 1721 654 1774 enim
684 1737 819 1790 quos
847 1721 912 1775 ad
940 1729 1221 1792 qurestura‘.
1248 1719 1456 1776 culmen
1483 1719 1756 1775 evehimus
1781 1730 1826 1782 ³,
1849 1717 2097 1773 doctissi-

2196 524 2313 588 fuit,
2353 525 2453 577 hoc
2486 530 2541 576 et
2569 529 2692 574 ante
2720 526 2902 572 nostra
2927 517 3126 586 judicia
3176 533 3271 572 vos
3301 518 3587 586 probastis.
3653 516 3796 582 Quis

2197 618 2336 672 enim
2360 625 2602 684 tempore
2647 629 2743 668 suo
2796 626 2917 667 eum
2946 612 3098 680 quasi
3144 612 3558 678 gubernatorem
3606 610 3791 663 litium

2197 709 2445 776 ignorare
2501 706 2696 777 potuit,
2743 704 2832 773 qui
2886 717 3170 758 causarum
3225 702 3480 771 scopulos
3548 701 3794 755 transire

2198 797 2513 854 contendit?
2541 798 2772 866 Legibus
2793 793 3034 865 profecto
3063 795 3239 849 minus
3280 793 3521 861 indiguit,
3549 793 3642 863 qui
3671 793 3796 861 ejus

2198 890 2391 945 solatia
2413 905 2521 944 non
2549 888 2809 959 qumsivit.
2831 886 2947 941 Jam
2980 902 3085 941 non
3101 885 3166 941 de
3187 895 3363 940 morte
3378 884 3631 940 festinata
3655 899 3792 938 con-

2208 983 2499 1052 querimur,
2525 997 2591 1037 ex
2619 982 2774 1051 hujus
2803 979 3027 1035 fecunda
3054 979 3333 1051 pullulavit
3379 980 3548 1049 stirpe
3569 993 3796 1049 germa-

2195 1087 2313 1127 nus.
2347 1073 2476 1127 Nam
2506 1073 2596 1142 qui
2644 1073 2790 1142 prius
2817 1070 2997 1126 fratris
3023 1071 3210 1125 umbra
3239 1071 3541 1139 tegebatur,
3569 1069 3668 1122 illo
3693 1085 3790 1123 na-

2197 1170 2329 1218 turae
2354 1165 2469 1233 lege
2493 1164 2771 1229 subducto,
2802 1163 2957 1217 famas
2981 1179 3090 1217 suae
3129 1178 3309 1218 comas
3334 1178 3429 1232 per
3459 1171 3650 1232 aperta
3682 1162 3795 1215 dis-

2199 1259 2392 1314 tendit.
2424 1259 2572 1313 Bona
2599 1258 2860 1327 siquidem
2881 1257 3136 1326 germinis
3153 1255 3297 1324 juste
3326 1271 3538 1325 przccox
3591 1254 3788 1327 [Ροηι.

2199 1359 2248 1405 et
2272 1349 2392 1405 Cor.
2421 1348 2596 1415 Gam.,
2627 1347 3014 1420 praedecessor]
3038 1351 3147 1420 80
3169 1348 3366 1410 intulit,
3389 1349 3480 1418 qui
3523 1347 3788 1401 nascendi

2201 1443 2390 1498 ordine
2419 1444 2622 1512 primus
2649 1443 2848 1497 evaluit
2879 1454 2901 1482 ε
2932 1460 2944 1495 :
2969 1441 3062 1496 sed
3092 1440 3262 1495 fetura
3289 1440 3482 1494 nobilis
3527 1437 3785 1500 fructum,

2200 1550 2362 1605 quem
2392 1535 2446 1587 in
2468 1534 2752 1588 decessore
2781 1532 3031 1602 perdidit,
3065 1533 3118 1586 in
3164 1545 3475 1586 successore
3523 1529 3783 1583 servavit.

2200 1626 2507 1682 Concordat
2531 1626 2655 1680 huic
2683 1624 2896 1678 familiae
2925 1640 3104 1678 ramus
3126 1623 3213 1677 ille
3235 1622 3527 1677 ditissimus
3549 1622 3643 1689 qui
3675 1620 3782 1674 Vir-

2202 1721 2400 1790 giliano
2423 1721 2659 1774 carmine
2689 1733 2901 1785 semper
2929 1717 3197 1772 enascitur
3222 1734 3233 1767 :
3264 1714 3376 1770 Hoc
3396 1714 3536 1768 enim
3568 1713 3783 1778 avulso,

513 1827 632 1866 mos
659 1813 984 1868 aestimamus
1010 1831 1021 1865 :
1050 1814 1236 1882 quales
1258 1812 1431 1881 legum
1462 1812 1783 1882 interpretes
1812 1818 1866 1864 et
1886 1807 2095 1864 consilii
2127 1824 2174 1884 Β
2203 1828 2308 1865 non
2331 1811 2510 1865 deficit
2535 1811 2671 1863 alter
2691 1825 2903 1871 aureus,
2921 1807 3145 1862 etsimili
3169 1805 3458 1859 frondescit
3485 1805 3632 1870 virga
3665 1821 3783 1858 me-

513 1905 680 1959 nostri
713 1904 868 1960 decet
897 1919 1015 1960 esse
1047 1904 1350 1974 participes.
1384 1902 1618 1969 Dignitas
1637 1916 1754 1970 qure
1779 1915 1874 1953 nec
1901 1897 2098 1953 divitiis

513 2010 614 2051 nec
641 1996 770 2052 solis
800 1996 1067 2050 natalibus
1087 1995 1376 2061 invenitur,
1394 1994 1489 2048 sed
1516 2002 1719 2046 tantum
1751 2006 1870 2046 eam
1898 1990 2099 2044 doctri-

512 2101 580 2141 na
610 2103 728 2142 cum
752 2086 1037 2154 conjuncta
1067 2095 1245 2155 potest
1283 2086 1573 2154 impetrare
1627 2081 1931 2152 prudentia.
1964 2080 2098 2135 Nam

512 2178 639 2233 licet
686 2179 739 2232 in
797 2178 1092 2233 honoribus
1121 2177 1239 2230 aliis
1269 2175 1525 2230 beneficia
1573 2173 1930 2239 conferamus,
1974 2173 2099 2228 hinc

513 2286 725 2338 semper
753 2270 1068 2339 accipimus.
1102 2268 1196 2322 Est
1228 2269 1477 2322 nimirum
1508 2281 1758 2320 curarum
1791 2273 2098 2318 nostrarum

512 2361 640 2417 felix
665 2363 843 2430 portio
873 2380 884 2413 :
907 2362 1127 2430 januam
1158 2369 1354 2414 nostra:
1385 2359 1726 2428 cogitationis
1770 2358 2094 2425 ingreditur;

512 2465 720 2526 pectus,
751 2470 858 2524 quo
887 2455 1165 2524 generales
1193 2471 1335 2510 curae
1355 2456 1660 2521 volvuntur,
1683 2454 1944 2522 agnoscit.
1973 2453 2098 2510 1E5-

512 2547 698 2601 timate
727 2546 854 2616 quid
876 2546 942 2601 de
971 2547 1062 2602 illo
1091 2547 1284 2602 debeat
1307 2547 1560 2616 judicari,
1609 2548 1699 2616 qui
1736 2548 1868 2600 tanti
1924 2549 2095 2617 parti-

512 2652 639 2705 ceps
667 2638 737 2691 sit
761 2637 975 2692 secreti.
1000 2635 1081 2692 Ab
1109 2637 1227 2707 ipso
1257 2638 1430 2705 legum
1462 2637 1651 2707 peritia
1680 2638 2002 2706 postulatur,
2034 2639 2098 2692 il-

511 2726 601 2782 lnc
629 2735 756 2782 vota
798 2727 1074 2782 conﬂuunt
1107 2728 1537 2798 supplicantium,
1571 2738 1625 2783 et
1653 2728 1797 2797 quod
1823 2737 1903 2783 est
1952 2730 2099 2785 omni

516 2818 768 2873 thesauro
789 2819 1094 2888 pretiosius,
1118 2835 1282 2889 penes
1312 2820 1486 2889 ipsum
1507 2821 1777 2874 civilitatis
1799 2828 1995 2875 nostrae
2019 2821 2098 2874 fa-

511 2925 597 2962 ma
629 2911 925 2980 reponitur.
956 2910 1233 2976 Quaestore
1257 2911 1404 2980 justo
1434 2913 1780 2967 innocentum
1807 2914 2093 2967 conscien-

512 3001 582 3056 tia
605 3002 663 3055 fit
682 3018 892 3070 secura,
919 3003 1284 3074 improborum
1311 3013 1516 3059 tantum
1547 3015 1670 3060 vota
1694 3007 1988 3061 redduntur
2009 3022 2098 3060 an-

510 3091 621 3157 xia;
641 3100 695 3148 et
716 3109 835 3149 cum
858 3095 1010 3150 malis
1022 3096 1346 3166 subripiendi
1361 3113 1482 3167 spes
1503 3099 1724 3161 tollitur,
1745 3099 1977 3153 studium
1992 3099 2093 3153 bo-

2203 1904 2351 1957 tallo.
2383 1902 2615 1957 Nutrivit
2640 1901 2837 1970 quippe
2861 1908 2915 1954 et
2946 1900 3032 1953 hic
3059 1899 3411 1953 advocatione
3437 1895 3781 1949 facundiam:

2201 1997 2509 2066 opinionem
2539 1995 2794 2050 Romanae
2840 1994 2984 2048 urbis
3011 1994 3208 2048 cedens
3254 1991 3423 2052 fratri,
3471 1987 3782 2058 Spoletino-

2200 2104 2318 2142 rum
2362 2103 2421 2142 se
2473 2087 2662 2141 maluit
2704 2085 2928 2140 miscere
2960 2085 3185 2153 negotiis
3220 2098 3348 2136 :res
3374 2089 3587 2137 tantum
3630 2081 3777 2146 dura,

2199 2186 2461 2247 quantum
2517 2195 2545 2231 a
2602 2186 2775 2232 vestra
2807 2176 3087 2247 prudentia
3117 2176 3456 2243 cognoscitur
3477 2183 3776 2242 segregata.

2199 2271 2342 2326 Inter
2374 2269 2510 2327 bene
2538 2281 2779 2326 moratos
2807 2272 2948 2326 enim
2973 2270 3267 2324 asseruisse
3291 2268 3436 2336 justa
3469 2266 3776 2321 facillimum

2200 2361 2332 2427 fuit;
2355 2362 2771 2431 provincialibus
2799 2370 2997 2426 autem,
3029 2377 3086 2416 se
3114 2376 3246 2430 vaga
3276 2361 3523 2414 libertate
3546 2367 3778 2413 tractan-

2203 2455 2367 2520 tibus,
2393 2455 2550 2509 nimis
2580 2455 2825 2510 arduum.
2868 2453 3089 2508 Videtur
3137 2452 3268 2521 juris
3312 2452 3545 2506 suasisse
3593 2451 3781 2506 mode-

2207 2549 2384 2613 stiam,
2403 2549 2490 2602 ubi
2514 2549 2613 2618 ipsi
2631 2564 2844 2617 quoque
2864 2547 3069 2616 judices
3084 2545 3326 2615 improba
3348 2544 3663 2614 plerumque
3684 2561 3780 2598 cu—

2203 2640 2427 2711 piditate
2456 2641 2768 2711 rapiuntur;
2811 2648 2866 2695 et
2895 2647 3152 2709 quantum
3182 2638 3281 2692 sibi
3311 2637 3450 2691 inter
3498 2637 3781 2691 mediocri-

2200 2743 2366 2790 tatem
2391 2736 2638 2790 videntur
2665 2750 2783 2790 esse
2813 2735 3086 2806 praecipui,
3120 2743 3328 2788 tantum
3360 2735 3542 2788 animo
3571 2751 3679 2789 nou
3711 2734 3780 2789 si-

2201 2834 2334 2880 nunt
2355 2827 2463 2881 suis
2485 2827 2847 2881 voluntatibus
2871 2824 3095 2881 obviari.
3121 2825 3264 2879 Inter
3287 2826 3412 2879 talia
3436 2826 3578 2894 leges
3608 2826 3775 2881 vindi-

2201 2933 2324 2973 care
2349 2918 2560 2972 difficile
2590 2926 2692 2983 est;
2720 2928 2774 2972 et
2800 2933 3004 2986 magna:
3034 2919 3394 2988 persuasionis
3423 2919 3498 2972 vis
3527 2918 3593 2972 ad
3647 2933 3773 2988 pro-

2199 3013 2432 3082 positum
2462 3013 2593 3067 recti
2613 3013 2954 3067 venalitatem
2978 3029 3232 3068 revocare
3243 3013 3547 3081 judicantis.
3570 3011 3782 3068 Sumite

2199 3116 2348 3170 ergo,
2380 3101 2440 3156 P.
2471 3102 2557 3171 C.,
2586 3103 2813 3159 libenter
2850 3113 3034 3159 nostra
3076 3103 3293 3173 judicia,
3349 3112 3403 3158 et
3447 3103 3779 3158 Honoratum

510 3187 592 3240 nis
614 3188 853 3241 moribus
881 3187 1182 3242 adhibetur.
1211 3189 1508 3258 Unicuique
1531 3191 1745 3258 propria
1764 3189 1882 3258 jura
1913 3199 2092 3245 custo—
2121 3214 2166 3277 ρ
2198 3201 2480 3266 ᾳυωειυκε
2502 3197 2735 3252 culmine
2759 3204 3071 3267 provectum
3101 3196 3361 3265 gremium
3387 3205 3628 3250 vestrum
3656 3209 3776 3262 gra-

508 3279 606 3342 dit,
660 3279 899 3348 pecuniae
934 3281 1235 3346 continens,
1260 3281 1526 3349 aequitatis
1554 3281 1822 3351 profusus,
1873 3283 2087 3338 nescius

506 3368 776 3439 decipere,
809 3371 1240 3440 promptissimus
1270 3371 1556 3426 subvenire
1588 3389 1602 3425 :
1642 3373 1856 3441 ingenio
1886 3373 2087 3443 princi-

505 3465 587 3534 pis
615 3466 797 3531 servit,
831 3466 974 3534 quod
995 3469 1241 3522 universa
1270 3477 1518 3538 superat;
1537 3468 1679 3522 illius
1702 3484 1796 3523 ore
1823 3469 1970 3539 loqui
1991 3484 2086 3524 co-

510 3558 672 3627 gitur,
704 3558 789 3613 cui
820 3559 994 3613 nullus
1026 3559 1214 3615 similis
1240 3559 1525 3614 invenitur.
1559 3559 1710 3615 Hunc
1740 3562 1912 3616 locum
1945 3562 2088 3618 vitiis

505 3665 754 3716 vacuun,
786 3651 1068 3709 virtutibus
1090 3654 1328 3724 plenum,
1352 3655 1442 3723 qui
1467 3654 1564 3708 sub
1593 3664 1772 3709 nostra
1798 3657 1967 3725 potuit
1990 3673 2087 3713 ex-

503 3741 686 3812 pedire
708 3745 1010 3812 praesentia,
1047 3759 1226 3798 nonne
1269 3745 1420 3799 vobis
1447 3745 1635 3814 dignus
1663 3755 1746 3799 est
1772 3761 1890 3801 esse
1917 3748 2084 3803 colle-

500 3837 598 3904 ga?
619 3833 777 3891 Scitis
799 3837 939 3891 enim
965 3853 1068 3907 qua
1097 3839 1356 3907 glorietur
1381 3840 1546 3910 stirpe
1561 3850 1863 3911 provectus.
1899 3843 2084 3898 Memi-

499 3927 651 3983 nistis
679 3928 821 3984 enim
854 3929 1173 3984 Decoratum
1205 3930 1570 3986 advocationis
1619 3933 1889 3987 laboribus
1931 3935 2081 3990 insu-

499 4017 715 4074 dantem
748 4017 799 4084 δ,
831 4035 936 4089 qua
965 4036 1026 4076 se
1055 4021 1338 4090 unicuique
1364 4023 1625 4077 bonorum
1657 4024 1922 4093 probitate
1951 4041 2082 4080 con-

493 4106 747 4179 iunxerit.
780 4108 967 4166 Causis
995 4113 1187 4167 vestris
1209 4112 1382 4168 ﬁdelis
1404 4122 1588 4168 orator
1615 4114 1799 4180 adfuit,
1831 4132 2083 4172 necessa-

496 4202 590 4256 riis
612 4202 771 4257 rebus
803 4204 1079 4268 assistens,
1108 4205 1398 4274 judicantis
1440 4207 1677 4276 portavit
1723 4209 1958 4263 animum
2012 4210 2081 4266 ad

495 4293 746 4348 subsellia
798 4296 1135 4362 cognitorum
1186 4315 1198 4349 :
1246 4299 1332 4352 cui
1388 4297 1580 4352 merito
1622 4295 1873 4368 frequens
1903 4301 2078 4371 palma

496 4383 736 4453 contigit,
769 4385 892 4454 quia
935 4386 1204 4455 sapienter
1232 4387 1509 4456 alleganda
1551 4390 1820 4444 tractavit.
1852 4389 2078 4447 Pudoris

496 4476 637 4528 enim
667 4475 933 4532 sustinere
956 4478 1219 4546 jacturam
1249 4480 1630 4552 nesciuntAqui
1658 4496 1717 4535 se
1738 4483 1884 4552 prius
1901 4483 2078 4551 judice

2198 3298 2374 3344 tanter
2400 3289 2652 3359 excipiat.
2680 3289 2879 3357 Dignus
2901 3295 2986 3342 est
3004 3287 3147 3342 enim
3179 3301 3210 3340 a
3230 3287 3383 3342 vobis
3404 3286 3547 3356 diligi
3569 3286 3660 3355 qui
3684 3301 3777 3356 par

2194 3382 2356 3437 tantis
2380 3381 2676 3436 honoribus
2705 3381 2903 3434 meruit
2930 3379 3175 3450 reperiri.

2757 3538 3086 3594 EPISTOLA
3117 3539 3178 3594 ν.

2472 3669 2716 3709 MANE”
2729 3669 2902 3708 SAJONI
2917 3669 3279 3710 TIIEODORICUS
3299 3670 3422 3708 REX.

2193 3755 2355 3812 Docet
2399 3757 2522 3829 quid
2564 3759 2618 3811 in
2642 3775 2850 3813 munere
2876 3759 3076 3830 sajonis
3102 3759 3164 3811 ab
3194 3776 3251 3814 eo
3279 3758 3554 3830 gerendum
3584 3762 3668 3826 sit,
3699 3764 3773 3815 vet

2930 3846 3054 3882 non.

2259 3920 2553 3976 Laudabile
2596 3929 2679 3976 est
2715 3922 2768 3975 in
2817 3921 2905 3976 illa
2945 3930 3097 3990 parte
3143 3921 3414 3988 geminare
3476 3925 3768 3981 custodiam

2189 4028 2350 4083 quam
2376 4020 2591 4066 constat
2621 4013 2834 4081 reipub.
2868 4013 3273 4066 necessitatibus
3300 4014 3637 4083 exquisitam.
3673 4014 3769 4070 Per

2183 4107 2325 4161 hanc
2380 4107 2521 4160 enim
2577 4114 2632 4160 et
2697 4106 3023 4174 legationum
3076 4106 3298 4169 utilitas,
3354 4115 3409 4161 et
3474 4108 3768 4163 ordinatio-

2184 4216 2312 4256 num
2343 4208 2648 4254 nostrarum
2675 4198 2924 4254 celeritas
2951 4199 3268 4268 explicatur.
3301 4198 3427 4256 Haec
3477 4209 3532 4255 et
3581 4203 3766 4257 aulicis

2182 4291 2540 4361 potestatibus
2563 4307 2659 4361 per
2687 4292 2864 4345 varias
2889 4290 3159 4361 jussiones
3189 4291 3454 4345 ministrat
3483 4291 3760 4352 eﬂ'ectum;

2183 4381 2296 4436 haec
2324 4383 2525 4436 crebris
2548 4383 2875 4437 illationibus
2904 4391 3147 4438 nostrum
3187 4383 3326 4436 ditat
3351 4385 3598 4438 aerarium
3635 4405 3646 4437 :
3710 4392 3765 4438 ut

2181 4491 2322 4544 pene
2367 4475 2624 4544 quidquid
2667 4476 2720 4530 in
2749 4475 2939 4544 repub.
2973 4475 3177 4544 geritur
3205 4476 3439 4530 cursuali
3470 4477 3765 4531 ministerio

493 4567 851 4635 corriguntur.
880 4568 1106 4626 Inferior
1123 4571 1290 4640 gradu
1312 4566 1600 4643 pnestabat
1621 4576 1749 4630 viris
1778 4575 2075 4629 consulari-
2103 4597 2154 4656 Ι)
2182 4567 2534 4638 compleatur.
2586 4567 2751 4622 Decet
2806 4566 3030 4636 proinde
3084 4580 3297 4636 semper
3338 4582 3458 4621 esse
3497 4577 3760 4636 paratum,

489 4655 591 4712 bus
612 4670 672 4713 se
695 4667 1001 4728 patronum,
1025 4671 1080 4717 et
1106 4678 1227 4719 cum
1254 4665 1547 4721 honoribus
1570 4667 1764 4721 vestris
1796 4668 1966 4736 impar
1987 4667 2075 4722 ha-

490 4747 728 4816 beretur,
759 4752 1014 4820 patricius
1044 4755 1094 4808 ei
1123 4755 1295 4810 dictus
1317 4765 1401 4811 est
1431 4757 1484 4810 in
1514 4756 1859 4811 celeberrima
1889 4758 2072 4826 cogni-

487 4840 636 4897 tione
663 4853 943 4915 susccptus
966 4845 1043 4918 [id
1063 4855 1138 4901 est
1159 4846 1369 4919 cliens].
1393 4848 1557 4903 Nimis
1578 4863 1754 4901 rarum
1780 4857 1880 4915 est,
1903 4848 1962 4902 P.
1979 4847 2067 4918 C.,

482 4933 710 4990 solidum
764 4937 942 5006 loqui,
983 4945 1039 4992 et
1084 4940 1170 4994 cui
1218 4939 1383 4994 multa
1437 4953 1657 4993 necesse
1707 4946 1790 4994 est
1843 4938 2065 5004 dicere,

552 5098 576 5126 ⁸·
609 5087 900 5163 Ωμωειοιςῇε
929 5089 1163 5163 officium
1185 5091 1522 5159 describitur,
1549 5093 1616 5148 de
1636 5110 1742 5163 quo
1771 5094 1934 5149 etiam
1960 5093 2052 5148 lib.

476 5172 615 5268 seqq
647 5160 804 5216 form.
837 5161 904 5244 5;
934 5161 1024 5217 lib.
1052 5177 1160 5227 vm,
1193 5163 1350 5245 epist.
1378 5163 1447 5245 ll.
1470 5175 1524 5220 et
1548 5164 1632 5218 14.
1653 5160 1841 5220 Ἔοκκ.

609 5229 647 5268 Ι.
697 5231 730 5268 tt
774 5247 934 5268 mni-nc
983 5232 1049 5268 (In
1075 5233 1320 5268 nmnlc-l
1376 5233 1396 5268 ι
1436 5251 1486 5268 ιη
1521 5237 1588 5268 Ιίη
1645 5235 1713 5268 t‘n
1738 5236 1841 5268 Arn.

606 5229 750 5304 L._9_,
773 5234 958 5304 moris,
983 5232 1050 5288 de
1075 5229 1276 5304 poenis;
1306 5233 1343 5287 l.
1376 5233 1398 5286 I
1436 5235 1488 5289 in
1520 5237 1612 5289 lin.
1645 5235 1713 5289 de
1738 5236 1880 5289 oﬂic.
1906 5233 2055 5304 praef.

479 5299 608 5357 Urb.
658 5299 792 5356 Plin.
826 5303 918 5358 lib.
945 5299 1002 5368 7|,
1027 5299 1184 5372 epist.
1218 5303 1277 5355 iii
1302 5321 1314 5356 :
1342 5304 1635 5360 Advocatio
1661 5321 1752 5360 seu
1781 5299 2059 5361 advocatia

473 5372 683 5442 species
704 5373 946 5445 quzcdam
970 5381 1052 5445 est
1073 5373 1334 5445 seufundi
1363 5390 1455 5445 seu
1478 5380 1742 5430 commoli
1759 5392 1921 5445 quam
1943 5374 2059 5428 vul-

471 5455 542 5512 go
569 5444 884 5516 pensionem
902 5444 1145 5516 dicimus,
1170 5444 1221 5516 in
1252 5446 1384 5499 usib.
1419 5444 1586 5511 feud.,
1623 5447 1702 5499 tit.
1735 5444 1800 5500 de
1829 5461 1959 5516 pace
1982 5454 2063 5516 te-

471 5512 770 5586 nend.,_Si
798 5514 918 5586 quis
936 5512 1297 5586 _advocatiam
1339 5531 1488 5569 suam
1521 5518 1604 5570 vel
1651 5512 1866 5586 aliquod
1908 5515 2051 5586 aliud

468 5582 808 5639 beneficium.
835 5583 911 5639 Ac
935 5583 1251 5639 Theodorus
1273 5586 1487 5654 quidem
1519 5582 1799 5640 Balsamon
1824 5588 1930 5639 duo
1959 5585 2052 5638 ad-

470 5667 784 5726 vocatorum
801 5670 998 5726 genera
1025 5657 1322 5720 constituit,
1345 5673 1507 5710 unum
1538 5672 1723 5710 eorum
1751 5657 1841 5725 qui
1871 5654 2052 5711 statio-

470 5738 595 5779 nem
625 5726 677 5778 in
706 5724 823 5780 foro
844 5726 1103 5781 haberent
1128 5735 1183 5780 et
1206 5735 1436 5782 tesseras
1459 5724 1831 5781 frumentarias
1860 5727 1926 5780 ab
1948 5728 2050 5780 im-

510 5804 725 5851 eratore
745 5798 1074 5865 acciperent,
1102 5797 1328 5851 alterum
1359 5813 1543 5852 eorum
1574 5799 1665 5866 qui
1705 5807 1957 5866 tanquam
1985 5797 2051 5850 li-

507 5867 708 5924 eralem
757 5875 929 5924 artem
964 5876 1301 5934 exercerent,
1348 5868 1402 5923 in
1455 5867 1632 5927 officio
1685 5867 2054 5928 advocationis

2183 4662 2325 4732 quod
2359 4661 2674 4716 utilitatibus
2695 4660 2921 4730 publicis
2948 4660 3205 4728 probatur
3231 4658 3674 4714 accommodum:
3701 4675 3764 4713 ne

2180 4755 2321 4824 quod
2348 4754 2416 4808 ad
2436 4754 2767 4808 celeritatem
2793 4762 3065 4822 repertum
3079 4762 3182 4822 est,
3208 4754 3558 4820 incongruam
3590 4754 3764 4821 potius

2178 4843 2553 4900 festinantibus
2578 4846 2771 4899 inferat
2800 4844 3125 4900 tarditatem.
3153 4845 3328 4913 Atque
3357 4844 3476 4898 ideo
3524 4844 3763 4914 prchecti

2177 4937 2427 5006 praetorio
2455 4945 2510 4992 et
2538 4935 2775 5006 magistri
2805 4935 3124 5002 ofﬁciorum,
3149 4937 3238 4992 ubi
3262 4951 3361 5006 pro
3382 4936 3594 5006 publica
3622 4935 3763 4990 utili-

2161 5101 2527 5158 versarentur,
2560 5094 2645 5148 tit.
2677 5093 2710 5148 8
2764 5093 3061 5151 Nomocan.
3093 5092 3270 5150 Photii
3294 5134 3310 5161 ,
3343 5109 3462 5166 cap.
3495 5093 3584 5149 I3.
3614 5092 3760 5149 Fon-

2162 5179 2288 5219 NER.

2238 5246 2277 5319 τ’
2321 5233 2713 5319 Ιξοηοηιιίρτθξ
2770 5244 2894 5318 sunt
2950 5244 3005 5292 et
3045 5236 3353 5319 chariores
3389 5237 3753 5319 primogeniti.

2163 5304 2316 5360 Philo
2344 5305 2556 5359 Judaeus
2584 5306 2637 5359 in
2670 5305 2917 5374 Agrippa:
2944 5307 3190 5361 oratione
3221 5307 3286 5360 ad
3313 5304 3524 5373 Caium,
3544 5306 3757 5363 Plutar-

2163 5377 2295 5447 chus
2318 5377 2370 5430 in
2400 5376 2520 5447 Vita
2573 5376 2650 5447 ω
2670 5377 2966 5430 rhetorum.
3001 5375 3157 5447 Hinc,
3190 5376 3486 5447 Procopius
3512 5379 3578 5431 de
3605 5377 3756 5435 Bello

2165 5445 2404 5510 Persico,
2428 5446 2519 5501 lib.
2551 5463 2588 5509 ι,
2615 5444 2885 5500 Cabadem
2905 5457 3031 5501 natu
3057 5446 3337 5514 majorem,
3360 5444 3535 5502 {etatis
3560 5452 3751 5515 gratia,

2157 5518 2241 5573 lex
2267 5518 2515 5572 vocabat.
2547 5517 2688 5570 Idem
2714 5517 2779 5571 de
2813 5517 2960 5570 Bello
2989 5518 3303 5582 Vandalico,
3327 5519 3418 5572 lib.
3444 5535 3518 5584 m,
3555 5520 3760 5574 (iizcri-

2156 5605 2252 5645 cus
2273 5604 2436 5642 senex
2465 5587 2736 5658 decedens
2786 5596 3166 5642 testamentum
3217 5589 3476 5655 condidit,
3538 5589 3590 5641 in
3644 5605 3756 5658 quo

2157 5659 2432 5714 mandavit
2461 5657 2716 5711 Vandalis
2739 5667 2797 5710 ut
2823 5674 2920 5727 per
2948 5673 3135 5712 manus
3157 5659 3272 5726 ejus
3295 5659 3445 5726 regni
3474 5657 3756 5714 successo-

2158 5746 2244 5785 res
2271 5731 2345 5784 illi
2386 5729 2758 5800 propinquiori
2789 5745 2853 5782 ex
2902 5742 3099 5796 genere
3138 5730 3306 5800 virilis
3347 5731 3512 5800 prolis
3567 5731 3750 5785 trade-

2158 5809 2364 5868 rentur,
2389 5809 2443 5855 et
2473 5799 2539 5856 ex
2568 5801 2645 5856 eis
2668 5799 2759 5872 qui
2782 5807 2942 5856 actate
2968 5799 3356 5870 praecederent.
3382 5799 3646 5856 Foansad
