3958 6448
112 300 217 358 649

1391 309 1759 370 vannum!
1796 309 2001 369 LIBER
2037 313 2102 372 ν.

3306 316 3414 379 650

109 421 224 469 tate
253 412 574 487 delegerint,
592 418 1188 493 ordinatione‘locatus,
1214 424 1590 482 excedentium
1617 427 1717 482 im-
1747 430 1796 490 Α
1820 438 2086 498 quatenus
2108 427 2151 484 si
2179 428 2316 484 intra
2330 430 2431 485 cal.
2465 430 2859 503 Septembrium
2889 433 3054 501 diem,
3076 432 3221 505 quod
3240 438 3413 492 ratio-

108 508 344 577 probam
375 512 849 581 prtesumptionem
878 514 969 568 tali
996 522 1046 569 te
1068 517 1410 587 prmeipimus
1426 518 1718 574 districtio-

106 613 179 653 ne
207 614 487 671 resecare,
516 610 575 658 ut
600 603 715 658 sive
739 600 952 662 Gothus
971 606 1042 663 sit
1062 617 1157 663 aut
1177 607 1454 667 Romanus
1474 610 1565 679 qui
1603 610 1719 666 sine

104 700 307 749 nostra
329 695 419 750 vel
440 710 629 751 eorum
650 712 880 767 quorum
900 699 1130 757 interest
1149 703 1428 759 evectionc
1457 703 1717 758 veredum

106 786 397 855 praesumit
423 787 714 859 attingere,
743 806 842 862 per
869 808 1034 847 unum
1064 808 1264 865 equum
1290 803 1508 851 centum
1533 795 1716 850 statim

105 876 318 933 solidos
349 894 381 934 a
413 888 463 935 te
483 888 710 950 cogatur
722 884 1026 955 exsolvere,
1057 887 1198 943 etde
1225 888 1328 944 illis
1355 904 1572 960 quoque
1600 888 1717 959 pari

104 969 407 1024 severitate
427 974 840 1044 censemus,qui
871 990 1033 1046 supra
1061 976 1402 1033 evectionum
1433 993 1716 1034 numerum

103 1061 393 1116 cursuales
417 1078 585 1134 equos
608 1081 867 1137 usurpare
894 1068 1718 1143 pmsumunt..Parhippis[Vide

102 1150 192 1228 lib.
229 1168 310 1221 iv,
361 1154 510 1225 epist.
562 1153 655 1227 47]
686 1156 816 1227 quin
874 1159 1037 1214 etiam
1061 1175 1168 1215 non
1199 1160 1339 1215 ultra
1382 1175 1545 1230 quam
1597 1176 1720 1216 cen-

101 1250 217 1298 tum
247 1243 422 1301 libras
437 1244 690 1315 jubemus
717 1248 942 1319 imponi.
963 1250 1130 1308 Nimis
1153 1253 1293 1307 enim
1319 1253 1607 1308 absurdum
1634 1263 1720 1309 est

101 1342 163 1389 ut
193 1350 226 1390 a
256 1351 374 1406 quo
395 1336 643 1395 celeritas
667 1340 920 1410 exigitur,
947 1344 1153 1412 magnis
1174 1342 1500 1416 ponderibus
1530 1346 1717 1417 oppri-

100 1433 308 1482 matur.
370 1426 500 1484 Avis
532 1428 648 1503 [Gn
679 1441 728 1484 et
757 1430 901 1504 Cuj.,
933 1433 1116 1505 Navis]
1166 1436 1280 1506 ipsa
1333 1452 1500 1493 onere
1527 1427 1716 1507 giavav

103 1525 156 1573 ta
180 1518 469 1588 pigrescit.
502 1519 709 1577 Carime
735 1538 855 1593 qure
884 1524 1099 1582 labores
1126 1543 1237 1582 non
1265 1527 1507 1583 sentiunt
1534 1527 1716 1599 reple-

104 1617 173 1664 tae
190 1609 420 1678 gravius
446 1622 752 1670 morentur.
785 1613 923 1682 Quid
951 1617 1259 1688 quadrupes
1294 1618 1475 1674 facere
1525 1619 1714 1690 possit,

105 1702 196 1771 qui
230 1720 461 1775 pressus
509 1706 790 1764 nimietate
845 1710 1185 1775 succumbit?
1214 1711 1272 1766 Si
1311 1711 1432 1782 quis
1477 1718 1655 1766 autem
1685 1726 1719 1767 a

1822 520 2071 575 nabiliter
2099 522 2406 591 exponitur,
2438 538 2469 578 a
2515 523 2778 580 'l'liomate
2820 526 3040 582 minime
3069 523 3230 582 fuerit
3257 542 3415 582 exsc-

1820 609 2011 677 lutum,
2057 612 2312 683 praedicta
2359 614 2663 671 substantia
2710 615 2907 673 Joauni
2947 619 3064 675 viro
3112 620 3413 677 clarissimo

1821 703 2189 772 contradatur,
2217 705 2306 775 qui
2338 705 2454 776 ejus
2480 708 2721 765 debitum
2748 708 2901 765 luere
2928 722 3115 767 nostro
3162 713 3410 783 promisit

1820 796 2032 853 aerario.
2046 795 2200 864 Quod
2215 798 2260 855 si
2290 799 2672 871 obligationem
2694 816 2847 858 suam
2869 802 3156 872 praedictus
3178 802 3412 860 Thomas

1821 877 2031 944 Solvere
2060 889 2202 945 intra
2253 892 2575 961 prmlinilum
2607 901 2820 964 tempus
2871 894 3104 950 fortasse
3149 899 3414 968 potuerit,

1820 981 2069 1038 universa
2094 982 2145 1037 ei
2192 997 2313 1053 quae
2338 984 2549 1041 sublata
2579 994 2703 1040 sunt
2730 985 2934 1040 illibata
2958 984 3255 1041 reddantur
3293 1004 3307 1041 :
3340 990 3416 1045 ita

1820 1080 1880 1126 nt
1902 1088 2003 1129 nec
2029 1073 2189 1131 ﬁscus
2209 1084 2396 1132 noster
2420 1078 2687 1133 sustinere
2713 1080 2818 1150 81
2847 1077 3094 1133 videatur
3121 1078 3416 1135 incommo-

1823 1160 1915 1231 da,
1943 1170 1998 1219 et
2026 1180 2126 1220 nos
2148 1179 2540 1234 cognoscamur
2566 1168 2825 1237 subjectis
2851 1168 3066 1224 solitam
3097 1169 3415 1239 prrestitisse

1815 1250 2098 1323 justitiam.
2124 1253 2411 1314 Possemus
2432 1257 2576 1313 enim
2598 1256 2772 1315 adhuc
2794 1259 2932 1314 ultra
2960 1256 3197 1328 differre,
3216 1260 3260 1315 si
3286 1258 3409 1330 quid

1820 1349 2104 1419 prodesset
2125 1352 2639 1421 negligentissimum
2668 1355 2955 1421 sustinere,
2987 1370 3148 1424 quem
3172 1370 3271 1425 per
3307 1366 3415 1411 tam

1821 1439 2042 1511 longum
2065 1444 2327 1516 temporis
2347 1445 2582 1518 spatium
2610 1461 2825 1517 semper
2844 1446 3149 1504 invenimus
3181 1448 3412 1519 impara‘

1821 1539 1955 1589 tum.
2409 1546 2421 1556 ”

2377 1670 2714 1755 EPISTULA
2748 1671 2862 1729 vn.

104 1795 335 1853 modulo
360 1797 582 1855 definito
612 1800 842 1871 amplius
869 1801 1035 1858 fuerit
1061 1804 1261 1859 habere
1286 1811 1553 1873 repertus,
1585 1801 1716 1858 dua-

1824 1800 2004 1842 ΙΟΔΝΝῙ
2030 1802 2156 1843 νηιο
2196 1801 2525 1856 ῦιΑιιιδειιιο,
2575 1805 2825 1857 ABCARIO,
2876 1804 3243 1846 TIIEODOBICUS
3284 1804 3414 1846 REX.

106 1906 229 1945 rum
273 1892 562 1948 unciarum
609 1895 725 1949 auri
748 1894 947 1951 damno
972 1895 1215 1951 feriatur.
1251 1893 1422 1963 Quam
1452 1909 1717 1974 summam

103 1984 364 2054 protinus
384 1995 658 2057 exactam,
684 1988 825 2044 sicut
845 1987 960 2059 jam
986 1989 1349 2046 anterioribus
1369 1989 1559 2046 edictis
1585 2004 1719 2046 con-

103 2074 365 2132 stitutum
394 2086 498 2145 est,
530 2094 630 2149 per
661 2077 900 2136 officium
936 2072 1260 2152 magisteria;
1287 2081 1561 2151 dignitatis
1590 2097 1716 2139 cur-

102 2165 184 2221 sui
216 2165 495 2237 prolicere
517 2169 718 2228 debere
745 2187 1060 2240 censemus;
1084 2173 1293 2243 justum
1332 2182 1417 2230 est
1464 2174 1609 2230 enim
1658 2182 1718 2230 ut

104 2267 342 2328 cogatur
372 2259 460 2315 illa
493 2262 723 2318 vendere
746 2263 886 2320 unde
916 2264 1186 2335 publicum
1210 2280 1410 2336 equum
1441 2265 1582 2321 male
1612 2280 1713 2321 uo-

104 2351 282 2405 scitur
311 2366 606 2421 onerasse;
633 2354 704 2409 sit
732 2354 1063 2411 nuditatibus
1092 2356 1375 2427 expeditus
1396 2357 1490 2426 qui
1522 2356 1714 2413 volun-

107 2450 221 2499 tate
254 2443 436 2500 noluit
457 2461 578 2503 esse
602 2446 1213 2505 celerrimusJ’raeterea
1229 2464 1635 2505 commonemus
1656 2456 1717 2504 ut

107 2536 528 2608 praepositorum
557 2539 839 2595 commoda
863 2556 969 2596 nou
992 2556 1309 2612 praesumas,
1331 2556 1433 2596 nec
1455 2540 1717 2612 quidquid

108 2640 205 2681 eos
239 2628 527 2698 potestatis
572 2628 773 2685 habere
819 2631 1119 2687 reverenda
1158 2632 1340 2687 sanxit
1395 2631 1713 2702 antiquitas,

108 2718 294 2790 aliqua
319 2722 667 2793 usurpatione
688 2722 942 2793 degenies
959 2734 980 2759 υ
1002 2723 1114 2797 [σν.
1135 2734 1185 2779 et
1206 2722 1321 2795 Cuj.
1347 2730 1397 2778 et
1418 2723 1525 2792 ed.,
1551 2723 1739 2780 dener

110 2810 253 2887 ges].
283 2813 399 2870 Nos
427 2816 569 2871 enim
602 2831 701 2885 per
720 2823 776 2872 te
803 2817 1080 2884 geminare
1111 2816 1361 2872 volumus
1389 2815 1717 2884 custodiam,

112 2918 224 2961 non
247 2906 489 2980 antiquae
515 2906 921 2965 consuetudinis
949 2924 1233 2966 removere
1269 2908 1559 2966 cautelam.

701 3000 1035 3058 EPISTOLA
1059 3003 1147 3058 VI.

327 3107 657 3149 STABULARIO
677 3108 963 3148 COMITIACO
983 3108 1349 3150 THEODORICUS
1372 3109 1502 3150 REX.

1823 1898 1914 1955 Illi
1944 1900 2103 1955 tradit
2133 1900 2399 1957 Thomatis
2424 1900 2578 1967 bona,
2608 1903 2885 1965 dummodo
2909 1904 3084 1958 decem
3110 1904 3278 1958 millia
3298 1904 3418 1959 soli:

1892 1972 2075 2048 dorum
2105 1975 2293 2048 agraria
2306 1990 2414 2048 _pro
2442 1990 2502 2028 eo
2529 1974 2713 2048 solvat,
2745 1993 2836 2030 nec
2856 1977 2966 2048 ipse
2989 1975 3211 2031 Thomas
3245 1974 3416 2030 debito

1890 2044 2032 2097 intra
2060 2043 2264 2097 calend.
2295 2043 2443 2115 Sept.
2467 2047 2781 2118 satisfaciat.

1890 2149 2059 2207 Decet
2081 2165 2271 2208 eorum
2304 2162 2428 2209 vota
2458 2154 2514 2208 in
2549 2162 2723 2210 tutum
2772 2155 3022 2227 reddere,
3071 2157 3165 2229 qui
3211 2157 3417 2214 malunt

1819 2242 2084 2300 utilitates
2112 2244 2355 2315 publicas
2384 2247 2701 2314 continere;
2732 2263 2833 2304 nec
2859 2249 3092 2320 patimur
3118 2249 3187 2304 de
3217 2250 3417 2305 damno

1816 2336 2041 2408 proprio
2071 2350 2194 2393 esse
2238 2337 2519 2409 sollicitos,
2568 2340 2661 2410 qui
2707 2356 2809 2397 nos
2836 2356 2867 2395 a
2898 2340 3191 2412 dispendiis
3234 2338 3417 2397 fecere

1818 2443 2063 2485 securos.
2112 2427 2227 2484 Tua
2273 2429 2437 2501 igitur
2481 2431 2829 2503 suggestione
2876 2432 3272 2505 comperimus,
3318 2446 3418 2505 per
3476 2502 3480 2506 ἰ

1817 2520 1966 2577 illam
1995 2521 2348 2579 indictionem
2377 2524 2690 2595 patrimonii
2717 2524 2889 2581 nostri
2911 2524 3108 2596 prtedia
3138 2525 3193 2580 in
3221 2524 3418 2596 Apulia

1817 2613 2096 2686 provincia
2124 2616 2436 2682 constituta,
2469 2616 2524 2673 id
2552 2626 2636 2673 est
2656 2617 2785 2673 illud
2814 2626 2977 2688 atque
2999 2618 3152 2688 illud,
3182 2618 3417 2674 honesto

1817 2705 1936 2761 viro
1950 2703 2203 2762 Thomati
2218 2706 2483 2763 libellario
2503 2708 2663 2763 titulo
2685 2718 2708 2748 ο
2730 2709 2806 2780 (id
2830 2716 2923 2777 est,
2943 2708 3246 2780 contractu)
3266 2724 3416 2765 com-

1818 2798 2061 2866 misisse;
2095 2800 2191 2855 sed
2219 2814 2343 2855 eum
2387 2799 2530 2856 male
2558 2800 2980 2857 administrando
3009 2788 3280 2873 suscepta,
3325 2815 3417 2858 us-

1818 2904 1927 2961 que
1955 2890 2024 2947 ad
2052 2891 2239 2947 decem
2265 2891 2432 2946 millia
2460 2891 2756 2948 solidorum
2784 2892 2852 2948 de
2893 2892 3275 2949 indictionibus
3322 2892 3417 2949 illa

1821 2990 1985 3054 atque
2009 2982 2099 3039 illa
2126 2983 2516 3055 reliquatorem
2540 2983 2767 3054 publicis
2790 2984 3090 3040 rationibus
3112 2985 3412 3041 exstitisse:

1819 3069 1961 3143 quia
1986 3076 2301 3147 proceribus
2325 3078 2525 3135 nostris
2550 3075 2862 3149 frequenter
2888 3080 3218 3150 admonitus,
3234 3080 3417 3137 debita

112 3182 273 3239 Iube,
302 3186 633 3267 ηιηηίηηη
657 3184 927 3279 gnatm?
951 3185 1239 3279 Thamﬁﬁ-s’
1265 3186 1439 3279 (pg-Job
1461 3194 1601 3279 cem}
1621 3187 1716 3279 τέο,
1743 3213 1791 3279 C
1820 3166 2049 3279 reddere
2098 3167 2406 3279 detestabili
2447 3170 2741 3279 calliditate
2788 3171 3045 3279 neglexit.
3094 3170 3272 3279 lit-ne
3315 3171 3416 3279 tibi

185 3272 307 3335 mas
330 3257 488 3335 regia:
528 3257 729 3335 praedia
758 3255 1029 3335 duodecim
1053 3258 1223 3335 millia
1240 3255 1534 3335 solidorum
1564 3258 1718 3335 debe-
1745 3255 1791 3279 ν
1820 3259 2000 3329 aliqua
2025 3259 2380 3330 imposterum
2408 3262 2636 3333 quaestio
2663 3271 2996 3333 nasceretur,
3048 3261 3277 3335 publicis
3308 3262 3415 3317 uti--

185 3324 301 3400 bat,
353 3324 483 3400 ﬁsc‘o
530 3324 782 3400 applicet,
831 3328 1124 3383 reddendas
1152 3330 1270 3400 ipsi,
1303 3330 1349 3384 si
1391 3330 1544 3384 modo
1573 3332 1715 3400 intra

184 3395 399 3450 calend.
428 3395 579 3464 Sept.
604 3395 846 3463 Solverit;
869 3400 950 3452 sin
971 3395 1382 3464 minus,'loanni
1407 3398 1713 3467 tradendae,

187 3467 276 3538 qui
298 3467 578 3539 prazfatam
604 3484 859 3523 summam
882 3468 1152 3524 illaturum
1175 3487 1229 3525 se
1250 3472 1439 3526 errario
1458 3471 1716 3541 promise-

188 3546 296 3592 rat.

186 3625 544 3697 Suscipienda
570 3630 813 3701 precatio
842 3640 927 3688 est
952 3647 1073 3704 quae
1117 3632 1348 3705 publicis
1393 3633 1716 3690 utilitatibus

117 3735 226 3777 non
252 3732 544 3793 repugnat,
599 3734 656 3781 et
683 3726 1058 3798 amplectenda
1087 3728 1353 3785 desideria
1382 3730 1716 3800 privatorum

118 3829 237 3884 qua:
277 3814 363 3869 sic
405 3816 701 3871 remedium
730 3827 998 3890 quaerunt,
1023 3826 1082 3875 ut
1112 3820 1270 3878 nobis
1293 3837 1401 3877 non
1428 3821 1717 3878 videantur

117 3916 385 3973 generare
412 3906 768 3978 dispendium.
805 3908 920 3965 Viri
957 3910 1142 3981 itaque
1170 3911 1452 3969 clarissimi
1494 3911 1718 3971 Joannis

117 3999 347 4067 querela
367 4001 735 4072 comperimus
768 4002 1084 4060 Thomatem
1114 4001 1307 4063 domus
1330 4014 1529 4063 nostrae
1566 4014 1717 4064 certa

118 4092 327 4161 praedia
362 4095 682 4165 suscepisse,
712 4094 766 4151 id
795 4104 879 4152 est
915 4097 1046 4154 illud
1074 4106 1238 4168 atque
1289 4099 1443 4169 illud,
1489 4106 1547 4155 et
1572 4114 1718 4155 nunc

118 4182 317 4241 decem
339 4185 507 4240 millia
529 4186 824 4243 solidorum
876 4190 1262 4260 reliquatorem
1291 4191 1490 4249 nostris
1515 4192 1718 4247 utilita-

120 4277 259 4336 tibus
272 4280 577 4347 exstitisse,
600 4290 659 4338 et
684 4296 782 4352 per
807 4282 1049 4340 diversas
1068 4283 1463 4342 ludificationes
1485 4300 1594 4341 non
1617 4285 1718 4341 im-

121 4370 266 4439 plere
300 4370 540 4427 debitam
568 4374 927 4443 quantitatem
959 4394 972 4430 :
1000 4375 1144 4446 quod
1174 4377 1314 4447 apud
1344 4393 1444 4433 nos
1497 4390 1719 4445 quoque

123 4476 412 4530 procerum
441 4474 752 4523 nostrorum
774 4469 1123 4538 suggestione
1145 4470 1456 4541 perclaruit.
1478 4469 1719 4539 Ideoque

124 4569 342 4613 causam
365 4558 459 4613 tali
487 4559 756 4615 credimus
777 4562 1018 4618 remedio
1040 4563 1409 4633 muniendam,
1423 4572 1483 4618 ut
1501 4562 1720 4619 univer-

127 4661 233 4704 sam
260 4650 626 4708 substantiam
654 4653 946 4724 supradicti
974 4654 1254 4713 Tbomatis
1281 4657 1380 4714 sub
1405 4656 1507 4712 hac
1530 4654 1719 4712 condi-

127 4737 266 4798 tione
325 4739 446 4798 ftxis
491 4742 659 4821 titulis
686 4742 714 4784 δ
765 4743 875 4815 juri
920 4745 1135 4818 publico
1175 4746 1375 4805 debeas
1403 4746 1717 4820 applicare:

198 4946 229 5013 ’ξ
257 4938 439 5013 Aliqui
467 4939 559 5013 sie
585 4940 790 5011 legunt.
820 4941 942 5013 Vox
973 4942 1116 4998 enim
1138 4943 1327 5013 genius
1375 4951 1432 4999 et
1474 4941 1722 5012 geniatus

198 4954 225 4975 ἰ
257 4954 439 5065 suam
467 4955 547 4997 sic
588 4954 790 5011 tegunt.
829 4954 942 4998 vox
973 4956 1116 4998 enim
1138 4954 1327 5013 genius
1375 4954 1432 4999 et
1474 4954 1719 5012 gematus

129 5011 313 5085 crebra
386 5011 670 5085 assiodoro
698 5031 710 5065 :
743 5012 868 5069 inde
892 5012 1098 5085 dictum
1128 5025 1259 5085 puto
1306 5013 1592 5085 degeniare
1620 5029 1719 5085 pro

130 5029 313 5065 crebra
340 5029 670 5067 hasswuoro
698 5031 710 5065 :
743 5029 868 5069 mne
895 5029 1098 5070 dictum
1128 5029 1259 5085 puto
1306 5029 1592 5085 aegeniare
1620 5029 1717 5138 pro

130 5076 511 5206 deho'nestare,
535 5082 855 5139 diminuere.
889 5083 1222 5154 Degeniatus
1237 5083 1373 5142 infra
1402 5085 1597 5159 εμπ),
1643 5086 1717 5141 ib.

132 5162 220 5205 xu.
284 5168 370 5206 un.

132 5162 220 5205 XII.
249 5162 370 5207 JUB.

200 5220 330 5298 {Ut
376 5223 778 5298 enimAthenis
826 5224 1035 5298 signata
1081 5226 1321 5298 praedia,
1366 5227 1720 5298 oppignerata

132 5288 462 5367 dicebantur,
509 5296 679 5351 libera
720 5310 853 5367 vero
877 5288 1145 5364 ’ἄστικτὲα
1201 5288 1614 5367 Harpocrationi
1665 5297 1722 5352 in

132 5359 358 5441 dictione
386 5359 529 5441 ῥ’ρὸςι
574 5375 631 5422 et
662 5367 733 5441 _i_n
754 5365 1000 5441 ᾇσςτικῖον
1023 5359 1245 5441 χῳρἰοη
1294 5359 1496 5441 Polluci
1525 5367 1630 5441 _lib_.
1658 5383 1715 5441 Ill

132 5426 452 5509 Onomastiéi
478 5426 592 5509 iita
620 5436 768 5509 ξιῌίκί
815 5436 989 5509 fundo
1023 5426 1243 5509 privato
1271 5438 1410 5493 tituli
1455 5438 1714 5508 principis

133 5500 505 5624 ipanouceaux,
548 5506 775 5589 Gallice)
816 5523 931 5564 rem
962 5500 1092 5564 fisco
1114 5510 1433 5564 vindicatam
1457 5500 1707 5577 arguunt.

156 5571 229 5624 ile
255 5588 310 5624 at
340 5579 565 5624 nnislnln
615 5595 859 5624 nrmnmp.
897 5580 1162 5624 sentienti-
1220 5588 1277 5624 et
1320 5580 1454 5624 infra
1506 5579 1598 5624 lih-
1632 5595 1707 5624 Ir-

156 5571 229 5650 lic
255 5588 311 5650 et
340 5571 566 5650 epistola
615 5571 859 5649 proxime
897 5580 1165 5650 sequenti,
1220 5588 1277 5635 et
1320 5580 1459 5635 infra
1503 5571 1599 5634 lib.
1631 5595 1710 5650 ιχ,

134 5644 350 5713 epistola
374 5644 467 5704 '18.
497 5644 665 5705 Furti.

198 5714 600 5793 Pro‘intellectu
644 5719 817 5793 hujus
845 5721 951 5778 loci
990 5722 1112 5779 vide
1150 5737 1269 5793 quae
1298 5722 1478 5778 notavi
1518 5722 1583 5776 ad
1610 5721 1705 5776 lib.

134 5799 203 5850 ιι,
224 5790 391 5861 epist.
438 5789 534 5857 l6;
566 5789 759 5861 quibus
805 5792 933 5851 libet
974 5789 1245 5849 ascribere
1283 5794 1397 5847 lucc
1426 5793 1709 5860 Augustini

91 5869 94 5872 ’
134 5858 288 5919 verba
312 5862 381 5919 de
408 5861 474 5918 iis
499 5858 599 5932 qui
616 5862 800 5918 titulos
826 5865 1190 5933 potentiorum
1216 5864 1325 5926 suis
1348 5858 1564 5941 praediis
1593 5864 1711 5919 alli-

366 5983 371 5988 “
409 5955 690 6023 Paruum
729 5953 961 6021 LXIX.

1817 3349 2057 3408 litatibus
2080 3351 2316 3407 debitam
2344 3353 2725 3424 quantitatem,
2754 3354 2852 3411 sub
2893 3355 2996 3411 hac
3016 3353 3231 3411 ratione
3252 3354 3416 3411 satis-

1816 3440 1998 3499 facere
2030 3451 2083 3499 te
2110 3442 2261 3500 velle
2278 3444 2516 3512 testaris,
2559 3445 2603 3502 si
2637 3444 2729 3501 tibi
2759 3446 2959 3518 praedia
2996 3445 3294 3519 supradicti
3321 3445 3416 3503 de~

1816 3534 2008 3591 bitoris
2053 3535 2178 3593 loco
2225 3536 2466 3608 pignoris
2514 3533 2926 3595 contradantur.
2960 3537 3099 3595 Hinc
3141 3546 3225 3596 est
3269 3539 3415 3610 quod

1818 3627 2149 3699 desiderium
2192 3637 2343 3685 tuum
2367 3630 2513 3702 justa
2541 3632 2754 3688 ratione
2792 3642 3116 3705 conceptum
3162 3633 3415 3705 praesenti

1813 3719 2059 3791 jussione
2080 3721 2377 3778 firmamus.
2411 3722 2668 3793 Primum,
2701 3734 2759 3780 ut
2784 3724 2985 3781 nullam
3013 3742 3081 3781 ex
3101 3725 3205 3782 bac
3232 3741 3293 3782 re
3320 3741 3415 3783 no-

1817 3813 1965 3869 mine
1992 3813 2209 3885 publico
2238 3823 2450 3874 metuas
2492 3817 2879 3888 quaestionem;
2928 3817 3124 3874 deinde
3161 3818 3262 3874 sub
3310 3818 3415 3872 bac

1819 3904 2132 3963 conditione
2181 3906 2276 3962 tibi
2323 3907 2631 3968 universam
2679 3909 3070 3974 substantiam,
3121 3921 3285 3978 quam
3324 3907 3416 3968 vel

1820 4012 1963 4053 nunc
1989 4005 2158 4066 tenet,
2187 3999 2274 4055 vel
2303 4000 2478 4071 primo
2510 4009 2754 4072 tempore
2793 3994 3124 4072 posSidebat,
3154 4015 3277 4057 cum
3308 4015 3413 4056 no-

1819 4092 1946 4146 stris
1972 4092 2274 4148 rationibus
2302 4093 2572 4149 obnoxius
2595 4107 2715 4149 esse
2737 4093 2849 4163 jam
2880 4100 3137 4163 eruperat,
3171 4090 3413 4148 Thomae

1821 4184 1890 4240 tis
1914 4184 2176 4241 debitoris
2200 4185 2516 4253 addicimus,
2545 4200 2709 4255 quam
2732 4185 2941 4256 pridem
2973 4193 3160 4259 nostro
3189 4185 3412 4243 nomine

1821 4278 1941 4334 ﬁxis
1971 4277 2139 4333 titulis
2162 4276 2391 4334 fecimus
2419 4277 2701 4334 vindicari.
2726 4276 2844 4334 Hoc
2870 4284 3077 4333 tantum
3104 4279 3413 4335 humanita-

1822 4372 1892 4427 tis
1919 4372 2118 4427 intuitu
2146 4371 2473 4438 relaxantes;
2502 4380 2561 4427 ut
2588 4386 2759 4441 usque
2786 4369 2854 4425 ad
2877 4370 2981 4426 cal.
3013 4370 3412 4443 Septembrium

1821 4464 2053 4534 spatium
2079 4464 2279 4521 habeat
2324 4461 2587 4519 reddendi
2612 4461 2848 4519 debitam
2888 4463 3273 4535 quantitatem;
3305 4464 3407 4520 mi-

1825 4570 1995 4611 nusve
2043 4556 2182 4630 (pro,
2227 4557 2313 4613 sin
2356 4556 2555 4622 tinus,
2604 4566 2660 4611 ut
2687 4574 2768 4627 ep.
2800 4554 2887 4622 52,
2918 4555 3009 4612 tib.
3039 4557 3135 4629 iv).
3180 4572 3303 4613 eum
3348 4557 3416 4615 ad

1823 4650 2188 4723 supradictam
2234 4649 2378 4706 diem
2410 4657 2471 4706 tu
2507 4649 2795 4722 pecuniam
2839 4649 2957 4705 viro
3001 4649 3193 4705 illustri
3231 4649 3415 4707 comiti

1824 4742 2137 4816 patrimonii
2165 4742 2358 4813 nostri,
2411 4756 2532 4814 quae
2577 4741 2826 4812 debetur,
2876 4741 3141 4809 intuleris,
3189 4742 3415 4801 lacultas

1825 4946 1977 5010 gunt.
2009 4937 2087 4995 Ne
2117 4937 2378 5014 (Ῑοιιιιιιῐι,Δ
2406 4939 2599 5014 inquit,
2646 4941 2816 5014 ipsius
2843 4938 3062 5014 invadat
3100 4938 3293 5014 aliquis
3316 4954 3415 5011 po.

1827 5020 1980 5084 tens,
2032 5010 2184 5084 ponit
2226 5012 2297 5066 ibi
2342 5010 2530 5067 titulus
2556 5010 2814 5084 potentis,
2861 5011 3046 5084 titulos
3084 5010 3415 5084 mendaces:

1826 5082 1943 5150 ipse
1985 5081 2101 5153 vult
2124 5097 2246 5137 esse
2273 5081 2574 5153 possessor,
2624 5093 2680 5139 et
2719 5086 2951 5140 frontem
2978 5081 3174 5137 domus
3213 5096 3323 5153 sua:
3349 5082 3416 5153 de

1828 5149 1983 5208 titulo
2023 5152 2200 5208 alieno
2228 5149 2460 5217 muniri;
2504 5160 2564 5208 ut
2610 5170 2731 5212 cum
2782 5155 2968 5209 titulus
3016 5152 3185 5207 lectus
3231 5149 3416 5221 fuerit,

1828 5223 2320 5296 conte_rritus__quis
2364 5225 2607 5296 potentia
2654 5225 2886 5282 nominis
2932 5222 3204 5280 abstineat
3250 5237 3310 5279 se
3346 5222 3416 5279 ab

1827 5292 2125 5349 invasione.
2158 5292 2346 5351 Buoss.
2367 5292 2385 5296 '
3202 5316 3205 5319 π

1904 5376 1926 5404 ο
1954 5363 2243 5436 Libellario
2283 5365 2520 5435 nomine,
2571 5367 2666 5423 lib.
2697 5383 2735 5436 ι,
2786 5367 2871 5422 tit.
2906 5363 2940 5418 5
2972 5383 2984 5419 :
3018 5363 3413 5436 Quibusumod.

1818 5434 1966 5491 feud.
2011 5435 2186 5490 amitt.
2242 5436 2462 5492 nomine
2502 5432 2788 5504 libelli;'et
2833 5436 2925 5492 lib.
2970 5432 3055 5505 u,’
3083 5437 3166 5489 tit.
3293 5453 3305 5488 :
3337 5434 3417 5505 De

1816 5506 2089 5587 prohibita
2114 5505 2258 5563 feud.
2276 5507 2438 5587 alien.
2464 5524 2561 5579 per
2581 5508 2787 5587 Frider.
2810 5506 2889 5561 An
2915 5504 3039 5587 quia
3059 5506 3209 5587 brevi
3234 5504 3416 5587 libello

1815 5575 1871 5632 et
1909 5579 2177 5648 scriptura
2219 5575 2656 5645 contraheretur,
2688 5585 2747 5634 ut
2782 5575 3066 5649 perpetua,
3093 5575 3186 5649 l._i
3213 5577 3414 5649 veg-sic.

1815 5645 2079 5719 scriptura
2137 5650 2569 5714 interveniente,
2617 5649 2679 5704 C.
2731 5645 2801 5704 dé
2840 5645 2950 5718 jtir.
3002 5647 3245 5718 emphyt.
3275 5645 3412 5712 Leo,

1815 5721 2016 5775 novell.
2050 5720 2157 5798 l_5_:
2192 5724 2309 5798 περὶ
2336 5728 2435 5775 τῶν
2462 5721 2695 5798 arma):er
2737 5723 3112 5798 Eppprsua‘twv'
3143 5740 3412 5798 npwypm

1814 5796 2028 5868 φφμένης
2069 5791 2290 5868 anteacta
2318 5800 2420 5868 lii;
2471 5795 2712 5868 εἰσφορᾶς
2743 5791 2955 5855 artam);
2986 5794 3036 5848 ἐν
3063 5791 3195 5857 τοίέ
3216 5791 3405 5858 nis—€1-

2850 5959 2927 6031 21

1815 5860 2007 5925 ῧόὶι-εως
2028 5865 2279 5938 χάρταις.
2318 5860 2509 5949 Fouu._
