  <div class='ocr_page' id='page_1' title='image "/cluster/home/n/w/nwhite01/storage/ocr_20150623/69/hvd.32044015469349/334.png"; bbox 0 0 4018 6348; ppageno 0'>
   <div class='ocr_carea' id='block_1_1' title="bbox 187 247 290 312">
    <p class='ocr_par' dir='ltr' id='par_1_1' title="bbox 187 247 290 312">
     <span class='ocr_line' id='line_1_1' title="bbox 187 247 290 312; baseline -0.019 0"><span class='ocrx_word' id='word_1_1' title='bbox 187 247 290 312; x_wconf 76' lang='lat'><strong>653</strong></span> 
     </span>
    </p>
   </div>
   <div class='ocr_carea' id='block_1_2' title="bbox 1404 243 2166 329">
    <p class='ocr_par' dir='ltr' id='par_1_2' title="bbox 1404 243 2166 329">
     <span class='ocr_line' id='line_1_2' title="bbox 1404 243 2166 329; baseline 0.01 -9"><span class='ocrx_word' id='word_1_2' title='bbox 1404 256 1764 326; x_wconf 79' lang='lat' dir='ltr'><strong>VARIARUM</strong></span> <span class='ocrx_word' id='word_1_3' title='bbox 1803 267 2004 329; x_wconf 82' lang='lat' dir='ltr'><strong>LIBER</strong></span> <span class='ocrx_word' id='word_1_4' title='bbox 2043 265 2110 329; x_wconf 82' lang='lat' dir='ltr'><strong>v.</strong></span> <span class='ocrx_word' id='word_1_5' title='bbox 2159 243 2166 250; x_wconf 80' lang='grc'><strong>’</strong></span> 
     </span>
    </p>
   </div>
   <div class='ocr_carea' id='block_1_3' title="bbox 3357 252 3468 350">
    <p class='ocr_par' dir='ltr' id='par_1_3' title="bbox 3357 252 3468 350">
     <span class='ocr_line' id='line_1_3' title="bbox 3357 252 3468 350; baseline 0.009 -1"><span class='ocrx_word' id='word_1_6' title='bbox 3357 252 3468 350; x_wconf 73' lang='lat' dir='ltr'><strong>est</strong></span> 
     </span>
    </p>
   </div>
   <div class='ocr_carea' id='block_1_4' title="bbox 186 359 3468 472">
    <p class='ocr_par' dir='ltr' id='par_1_4' title="bbox 186 359 3468 472">
     <span class='ocr_line' id='line_1_4' title="bbox 186 359 3468 472; baseline 0.013 -49"><span class='ocrx_word' id='word_1_7' title='bbox 186 377 372 440; x_wconf 81' lang='lat' dir='ltr'><strong>aptum</strong></span> <span class='ocrx_word' id='word_1_8' title='bbox 400 364 586 439; x_wconf 88' lang='lat' dir='ltr'><strong>magis,</strong></span> <span class='ocrx_word' id='word_1_9' title='bbox 613 382 793 426; x_wconf 88' lang='lat' dir='ltr'><strong>emere</strong></span> <span class='ocrx_word' id='word_1_10' title='bbox 831 371 1093 430; x_wconf 79' lang='lat' dir='ltr'><strong>debeatis.</strong></span> <span class='ocrx_word' id='word_1_11' title='bbox 1137 359 1270 431; x_wconf 73' lang='lat' dir='ltr'><strong>Nam</strong></span> <span class='ocrx_word' id='word_1_12' title='bbox 1300 386 1356 432; x_wconf 89' lang='lat' dir='ltr'><strong>et</strong></span> <span class='ocrx_word' id='word_1_13' title='bbox 1396 394 1762 449; x_wconf 90' lang='lat' dir='ltr'><strong>possessorem</strong></span> <span class='ocrx_word' id='word_1_14' title='bbox 1797 387 1848 448; x_wconf 77' lang='grc' dir='ltr'><strong>Α</strong></span> <span class='ocrx_word' id='word_1_15' title='bbox 1873 385 1942 441; x_wconf 86' lang='lat' dir='ltr'><strong>ad</strong></span> <span class='ocrx_word' id='word_1_16' title='bbox 1987 394 2212 444; x_wconf 90' lang='lat' dir='ltr'><strong>cunctos</strong></span> <span class='ocrx_word' id='word_1_17' title='bbox 2255 392 2426 461; x_wconf 86' lang='lat' dir='ltr'><strong>possit</strong></span> <span class='ocrx_word' id='word_1_18' title='bbox 2469 393 2663 462; x_wconf 96' lang='lat' dir='ltr'><strong>quietis</strong></span> <span class='ocrx_word' id='word_1_19' title='bbox 2701 398 2939 456; x_wconf 77' lang='lat' dir='ltr'><strong>suavitas</strong></span> <span class='ocrx_word' id='word_1_20' title='bbox 2978 393 3280 472; x_wconf 62' lang='lat' dir='ltr'><strong>pervenire.</strong></span> <span class='ocrx_word' id='word_1_21' title='bbox 3327 405 3468 466; x_wconf 76' lang='lat' dir='ltr'><strong>Nam</strong></span> 
     </span>
    </p>
   </div>
   <div class='ocr_carea' id='block_1_5' title="bbox 183 458 1768 544">
    <p class='ocr_par' dir='ltr' id='par_1_5' title="bbox 183 458 1768 544">
     <span class='ocr_line' id='line_1_5' title="bbox 183 458 1768 544; baseline 0.009 -30"><span class='ocrx_word' id='word_1_22' title='bbox 183 458 297 514; x_wconf 66' lang='lat' dir='ltr'><strong>haec</strong></span> <span class='ocrx_word' id='word_1_23' title='bbox 333 476 421 516; x_wconf 91' lang='lat' dir='ltr'><strong>res</strong></span> <span class='ocrx_word' id='word_1_24' title='bbox 441 476 724 520; x_wconf 86' lang='lat' dir='ltr'><strong>occurrere</strong></span> <span class='ocrx_word' id='word_1_25' title='bbox 752 463 900 532; x_wconf 85' lang='lat' dir='ltr'><strong>facit,</strong></span> <span class='ocrx_word' id='word_1_26' title='bbox 930 467 973 521; x_wconf 90' lang='lat' dir='ltr'><strong>si</strong></span> <span class='ocrx_word' id='word_1_27' title='bbox 999 483 1096 524; x_wconf 90' lang='lat' dir='ltr'><strong>vos</strong></span> <span class='ocrx_word' id='word_1_28' title='bbox 1123 470 1428 530; x_wconf 85' lang='lat' dir='ltr'><strong>necessaria</strong></span> <span class='ocrx_word' id='word_1_29' title='bbox 1450 487 1768 544; x_wconf 88' lang='lat' dir='ltr'><strong>comparare</strong></span> 
     </span>
    </p>
   </div>
   <div class='ocr_carea' id='block_1_6' title="bbox 183 552 1769 627">
    <p class='ocr_par' dir='ltr' id='par_1_6' title="bbox 183 552 1769 627">
     <span class='ocr_line' id='line_1_6' title="bbox 183 552 1769 627; baseline 0.006 -19"><span class='ocrx_word' id='word_1_30' title='bbox 183 552 474 622; x_wconf 83' lang='lat' dir='ltr'><strong>cognoscit.</strong></span> <span class='ocrx_word' id='word_1_31' title='bbox 519 553 730 610; x_wconf 87' lang='lat' dir='ltr'><strong>Movete</strong></span> <span class='ocrx_word' id='word_1_32' title='bbox 778 556 1028 627; x_wconf 75' lang='lat' dir='ltr'><strong>feliciter,</strong></span> <span class='ocrx_word' id='word_1_33' title='bbox 1080 559 1154 615; x_wconf 91' lang='lat' dir='ltr'><strong>ite</strong></span> <span class='ocrx_word' id='word_1_34' title='bbox 1201 560 1486 618; x_wconf 79' lang='lat' dir='ltr'><strong>moderati.</strong></span> <span class='ocrx_word' id='word_1_35' title='bbox 1540 563 1670 621; x_wconf 86' lang='lat' dir='ltr'><strong>Tale</strong></span> <span class='ocrx_word' id='word_1_36' title='bbox 1698 565 1769 620; x_wconf 91' lang='lat' dir='ltr'><strong>sit</strong></span> 
     </span>
    </p>
   </div>
   <div class='ocr_carea' id='block_1_7' title="bbox 183 644 1768 728">
    <p class='ocr_par' dir='ltr' id='par_1_7' title="bbox 183 644 1768 728">
     <span class='ocr_line' id='line_1_7' title="bbox 183 644 1768 728; baseline 0.009 -29"><span class='ocrx_word' id='word_1_37' title='bbox 183 644 282 700; x_wconf 91' lang='lat' dir='ltr'><strong>iter</strong></span> <span class='ocrx_word' id='word_1_38' title='bbox 301 653 559 718; x_wconf 86' lang='lat' dir='ltr'><strong>vestrum,</strong></span> <span class='ocrx_word' id='word_1_39' title='bbox 584 647 742 720; x_wconf 86' lang='lat' dir='ltr'><strong>quale</strong></span> <span class='ocrx_word' id='word_1_40' title='bbox 765 649 924 714; x_wconf 86' lang='lat' dir='ltr'><strong>debet</strong></span> <span class='ocrx_word' id='word_1_41' title='bbox 947 667 1068 709; x_wconf 89' lang='lat' dir='ltr'><strong>esse</strong></span> <span class='ocrx_word' id='word_1_42' title='bbox 1090 653 1182 728; x_wconf 85' lang='lat' dir='ltr'><strong>qui</strong></span> <span class='ocrx_word' id='word_1_43' title='bbox 1204 653 1449 712; x_wconf 81' lang='lat' dir='ltr'><strong>laborant</strong></span> <span class='ocrx_word' id='word_1_44' title='bbox 1471 673 1568 728; x_wconf 90' lang='lat' dir='ltr'><strong>pro</strong></span> <span class='ocrx_word' id='word_1_45' title='bbox 1593 657 1768 720; x_wconf 89' lang='lat' dir='ltr'><strong>salute</strong></span> 
     </span>
    </p>
   </div>
   <div class='ocr_carea' id='block_1_8' title="bbox 184 744 522 794">
    <p class='ocr_par' dir='ltr' id='par_1_8' title="bbox 184 744 522 794">
     <span class='ocr_line' id='line_1_8' title="bbox 184 744 522 794; baseline 0.009 -5"><span class='ocrx_word' id='word_1_46' title='bbox 184 744 522 794; x_wconf 89' lang='lat' dir='ltr'><strong>cunctorum.</strong></span> 
     </span>
    </p>
   </div>
   <div class='ocr_carea' id='block_1_9' title="bbox 729 853 1213 916">
    <p class='ocr_par' dir='ltr' id='par_1_9' title="bbox 729 853 1213 916">
     <span class='ocr_line' id='line_1_9' title="bbox 729 853 1213 916; baseline 0.01 -7"><span class='ocrx_word' id='word_1_47' title='bbox 729 853 1062 914; x_wconf 84' lang='lat' dir='ltr'><strong>EPISTOLA</strong></span> <span class='ocrx_word' id='word_1_48' title='bbox 1099 857 1213 916; x_wconf 80' lang='grc' dir='ltr'><strong>ΧΠ.</strong></span> 
     </span>
    </p>
   </div>
   <div class='ocr_carea' id='block_1_10' title="bbox 303 956 1632 1012">
    <p class='ocr_par' dir='ltr' id='par_1_10' title="bbox 303 956 1632 1012">
     <span class='ocr_line' id='line_1_10' title="bbox 303 956 1632 1012; baseline 0.01 -16"><span class='ocrx_word' id='word_1_49' title='bbox 303 956 660 1000; x_wconf 71' lang='lat' dir='ltr'><strong>TBEODAHADO</strong></span> <span class='ocrx_word' id='word_1_50' title='bbox 688 961 812 1002; x_wconf 74' lang='grc' dir='ltr'>γιιιο</span> <span class='ocrx_word' id='word_1_51' title='bbox 839 964 1078 1006; x_wconf 78' lang='lat' dir='ltr'><strong>ILLUSTBI</strong></span> <span class='ocrx_word' id='word_1_52' title='bbox 1109 967 1474 1012; x_wconf 75' lang='lat' dir='ltr'><strong>TllEODORICUS</strong></span> <span class='ocrx_word' id='word_1_53' title='bbox 1503 969 1632 1010; x_wconf 69' lang='lat' dir='ltr'><strong>REX.</strong></span> 
     </span>
    </p>
   </div>
   <div class='ocr_carea' id='block_1_11' title="bbox 181 1029 1770 1112">
    <p class='ocr_par' dir='ltr' id='par_1_11' title="bbox 181 1029 1770 1112">
     <span class='ocr_line' id='line_1_11' title="bbox 181 1029 1770 1112; baseline 0.009 -27"><span class='ocrx_word' id='word_1_54' title='bbox 181 1029 326 1112; x_wconf 59' lang='lat' dir='ltr'><strong>lubet</strong></span> <span class='ocrx_word' id='word_1_55' title='bbox 345 1041 401 1112; x_wconf 68' lang='lat' dir='ltr'><strong>ut</strong></span> <span class='ocrx_word' id='word_1_56' title='bbox 415 1031 730 1112; x_wconf 71' lang='lat' dir='ltr'><strong>Patentiana</strong></span> <span class='ocrx_word' id='word_1_57' title='bbox 758 1054 929 1112; x_wconf 54' lang='lat' dir='ltr'><strong>{nassa</strong></span> <span class='ocrx_word' id='word_1_58' title='bbox 951 1040 1236 1096; x_wconf 76' lang='lat' dir='ltr'><strong>ltwredibus</strong></span> <span class='ocrx_word' id='word_1_59' title='bbox 1257 1044 1486 1112; x_wconf 80' lang='lat' dir='ltr'><strong>Argolici</strong></span> <span class='ocrx_word' id='word_1_60' title='bbox 1509 1054 1558 1097; x_wconf 87' lang='lat' dir='ltr'><strong>et</strong></span> <span class='ocrx_word' id='word_1_61' title='bbox 1578 1047 1770 1100; x_wconf 83' lang='lat' dir='ltr'><strong>Aman-</strong></span> 
     </span>
    </p>
   </div>
   <div class='ocr_carea' id='block_1_12' title="bbox 249 1103 1767 1185">
    <p class='ocr_par' dir='ltr' id='par_1_12' title="bbox 249 1103 1767 1185">
     <span class='ocr_line' id='line_1_12' title="bbox 249 1103 1767 1185; baseline 0.009 -28"><span class='ocrx_word' id='word_1_62' title='bbox 249 1103 631 1185; x_wconf 47' lang='lat' dir='ltr'><strong>dianierepta,</strong></span> <span class='ocrx_word' id='word_1_63' title='bbox 651 1109 955 1185; x_wconf 77' lang='lat' dir='ltr'><strong>restituatur</strong></span> <span class='ocrx_word' id='word_1_64' title='bbox 977 1113 1065 1185; x_wconf 76' lang='lat' dir='ltr'><strong>:si</strong></span> <span class='ocrx_word' id='word_1_65' title='bbox 1101 1119 1271 1167; x_wconf 87' lang='lat' dir='ltr'><strong>tamen</strong></span> <span class='ocrx_word' id='word_1_66' title='bbox 1298 1103 1620 1168; x_wconf 67' lang='lat' dir='ltr'><strong>invaseribus</strong></span> <span class='ocrx_word' id='word_1_67' title='bbox 1643 1116 1767 1185; x_wconf 84' lang='lat' dir='ltr'><strong>quid</strong></span> 
     </span>
    </p>
   </div>
   <div class='ocr_carea' id='block_1_13' title="bbox 245 1175 1765 1316">
    <p class='ocr_par' dir='ltr' id='par_1_13' title="bbox 245 1175 1765 1316">
     <span class='ocr_line' id='line_1_13' title="bbox 245 1175 1765 1316; baseline 0.009 -89"><span class='ocrx_word' id='word_1_68' title='bbox 245 1175 446 1316; x_wconf 42' lang='lat' dir='ltr'><strong>paverit,</strong></span> <span class='ocrx_word' id='word_1_69' title='bbox 473 1178 708 1248; x_wconf 65' lang='lat' dir='ltr'><strong>praecipit</strong></span> <span class='ocrx_word' id='word_1_70' title='bbox 737 1187 794 1233; x_wconf 88' lang='lat' dir='ltr'><strong>ut</strong></span> <span class='ocrx_word' id='word_1_71' title='bbox 820 1181 890 1234; x_wconf 85' lang='lat' dir='ltr'><strong>ad</strong></span> <span class='ocrx_word' id='word_1_72' title='bbox 911 1183 1108 1237; x_wconf 84' lang='lat' dir='ltr'><strong>curiam</strong></span> <span class='ocrx_word' id='word_1_73' title='bbox 1130 1185 1356 1248; x_wconf 83' lang='lat' dir='ltr'><strong>veniant,</strong></span> <span class='ocrx_word' id='word_1_74' title='bbox 1377 1185 1466 1255; x_wconf 84' lang='lat' dir='ltr'><strong>jus</strong></span> <span class='ocrx_word' id='word_1_75' title='bbox 1491 1175 1765 1240; x_wconf 57' lang='lat' dir='ltr'><strong>suum&#39;de-</strong></span> 
     </span>
     <span class='ocr_line' id='line_1_14' title="bbox 269 1262 466 1302; baseline 0.01 -4"><span class='ocrx_word' id='word_1_76' title='bbox 269 1262 466 1302; x_wconf 70' lang='lat' dir='ltr'><strong>casuri.</strong></span> 
     </span>
    </p>
   </div>
   <div class='ocr_carea' id='block_1_14' title="bbox 269 1262 466 1302">
    <p class='ocr_par' dir='ltr' id='par_1_14' title="bbox 269 1262 466 1302">
     <span class='ocr_line' id='line_1_15' title="bbox 269 1262 466 1302; baseline 0.01 -4"><span class='ocrx_word' id='word_1_77' title='bbox 269 1262 466 1302; x_wconf 75' lang='grc' dir='ltr'>ειιδιιη.</span> 
     </span>
    </p>
   </div>
   <div class='ocr_carea' id='block_1_15' title="bbox 245 1339 1763 1422">
    <p class='ocr_par' dir='ltr' id='par_1_15' title="bbox 245 1339 1763 1422">
     <span class='ocr_line' id='line_1_16' title="bbox 245 1339 1763 1422; baseline 0.01 -30"><span class='ocrx_word' id='word_1_78' title='bbox 245 1339 300 1393; x_wconf 87' lang='lat' dir='ltr'><strong>Si</strong></span> <span class='ocrx_word' id='word_1_79' title='bbox 317 1339 586 1408; x_wconf 72' lang='lat' dir='ltr'><strong>justitiam</strong></span> <span class='ocrx_word' id='word_1_80' title='bbox 610 1341 790 1399; x_wconf 88' lang='lat' dir='ltr'><strong>colere</strong></span> <span class='ocrx_word' id='word_1_81' title='bbox 817 1345 1099 1404; x_wconf 88' lang='lat' dir='ltr'><strong>universos</strong></span> <span class='ocrx_word' id='word_1_82' title='bbox 1119 1357 1174 1405; x_wconf 86' lang='lat' dir='ltr'><strong>et</strong></span> <span class='ocrx_word' id='word_1_83' title='bbox 1199 1365 1384 1408; x_wconf 86' lang='lat' dir='ltr'><strong>amare</strong></span> <span class='ocrx_word' id='word_1_84' title='bbox 1406 1351 1763 1422; x_wconf 65' lang='lat' dir='ltr'><strong>praecipimus,</strong></span> 
     </span>
    </p>
   </div>
   <div class='ocr_carea' id='block_1_16' title="bbox 178 1435 1764 1516">
    <p class='ocr_par' dir='ltr' id='par_1_16' title="bbox 178 1435 1764 1516">
     <span class='ocr_line' id='line_1_17' title="bbox 178 1435 1764 1516; baseline 0.01 -32"><span class='ocrx_word' id='word_1_85' title='bbox 178 1440 371 1501; x_wconf 87' lang='lat' dir='ltr'><strong>quanto</strong></span> <span class='ocrx_word' id='word_1_86' title='bbox 398 1435 572 1502; x_wconf 89' lang='lat' dir='ltr'><strong>magis</strong></span> <span class='ocrx_word' id='word_1_87' title='bbox 597 1451 692 1491; x_wconf 90' lang='lat' dir='ltr'><strong>eos</strong></span> <span class='ocrx_word' id='word_1_88' title='bbox 720 1438 811 1507; x_wconf 90' lang='lat' dir='ltr'><strong>qui</strong></span> <span class='ocrx_word' id='word_1_89' title='bbox 843 1449 1028 1498; x_wconf 89' lang='lat' dir='ltr'><strong>nostra</strong></span> <span class='ocrx_word' id='word_1_90' title='bbox 1062 1443 1413 1514; x_wconf 81' lang='lat' dir='ltr'><strong>proximitate</strong></span> <span class='ocrx_word' id='word_1_91' title='bbox 1448 1445 1764 1516; x_wconf 77' lang='lat' dir='ltr'><strong>gloriantur,</strong></span> 
     </span>
    </p>
   </div>
   <div class='ocr_carea' id='block_1_17' title="bbox 178 1524 1768 1606">
    <p class='ocr_par' dir='ltr' id='par_1_17' title="bbox 178 1524 1768 1606">
     <span class='ocr_line' id='line_1_18' title="bbox 178 1524 1768 1606; baseline 0.01 -31"><span class='ocrx_word' id='word_1_92' title='bbox 178 1536 303 1588; x_wconf 87' lang='lat' dir='ltr'><strong>quos</strong></span> <span class='ocrx_word' id='word_1_93' title='bbox 329 1524 513 1578; x_wconf 85' lang='lat' dir='ltr'><strong>omnia</strong></span> <span class='ocrx_word' id='word_1_94' title='bbox 537 1525 692 1581; x_wconf 89' lang='lat' dir='ltr'><strong>decet</strong></span> <span class='ocrx_word' id='word_1_95' title='bbox 719 1527 818 1583; x_wconf 86' lang='lat' dir='ltr'><strong>sub</strong></span> <span class='ocrx_word' id='word_1_96' title='bbox 848 1529 1006 1588; x_wconf 90' lang='lat' dir='ltr'><strong>laude</strong></span> <span class='ocrx_word' id='word_1_97' title='bbox 1031 1546 1239 1602; x_wconf 86' lang='lat' dir='ltr'><strong>gerere,</strong></span> <span class='ocrx_word' id='word_1_98' title='bbox 1283 1542 1341 1590; x_wconf 90' lang='lat' dir='ltr'><strong>ut</strong></span> <span class='ocrx_word' id='word_1_99' title='bbox 1371 1537 1532 1605; x_wconf 82' lang='lat' dir='ltr'><strong>regiae</strong></span> <span class='ocrx_word' id='word_1_100' title='bbox 1557 1537 1768 1606; x_wconf 88' lang='lat' dir='ltr'><strong>possint</strong></span> 
     </span>
    </p>
   </div>
   <div class='ocr_carea' id='block_1_18' title="bbox 177 1611 1764 1688">
    <p class='ocr_par' dir='ltr' id='par_1_18' title="bbox 177 1611 1764 1688">
     <span class='ocr_line' id='line_1_19' title="bbox 177 1611 1764 1688; baseline 0.013 -26"><span class='ocrx_word' id='word_1_101' title='bbox 177 1611 438 1681; x_wconf 79' lang='lat' dir='ltr'><strong>fulgorem</strong></span> <span class='ocrx_word' id='word_1_102' title='bbox 471 1619 958 1688; x_wconf 83' lang='lat' dir='ltr'><strong>consanguinitatis</strong></span> <span class='ocrx_word' id='word_1_103' title='bbox 1005 1624 1324 1680; x_wconf 86' lang='lat' dir='ltr'><strong>ostendere!</strong></span> <span class='ocrx_word' id='word_1_104' title='bbox 1359 1625 1484 1682; x_wconf 66' lang='lat' dir='ltr'><strong>Haec</strong></span> <span class='ocrx_word' id='word_1_105' title='bbox 1513 1635 1594 1681; x_wconf 90' lang='lat' dir='ltr'><strong>est</strong></span> <span class='ocrx_word' id='word_1_106' title='bbox 1623 1628 1764 1682; x_wconf 86' lang='lat' dir='ltr'><strong>enim</strong></span> 
     </span>
    </p>
   </div>
   <div class='ocr_carea' id='block_1_19' title="bbox 178 1702 1762 1786">
    <p class='ocr_par' dir='ltr' id='par_1_19' title="bbox 178 1702 1762 1786">
     <span class='ocr_line' id='line_1_20' title="bbox 178 1702 1762 1786; baseline 0.009 -30"><span class='ocrx_word' id='word_1_107' title='bbox 178 1702 468 1759; x_wconf 89' lang='lat' dir='ltr'><strong>indubitata</strong></span> <span class='ocrx_word' id='word_1_108' title='bbox 501 1707 773 1776; x_wconf 88' lang='lat' dir='ltr'><strong>nobilitas,</strong></span> <span class='ocrx_word' id='word_1_109' title='bbox 803 1725 924 1780; x_wconf 76' lang='lat' dir='ltr'><strong>qua:</strong></span> <span class='ocrx_word' id='word_1_110' title='bbox 964 1714 1204 1770; x_wconf 88' lang='lat' dir='ltr'><strong>moribus</strong></span> <span class='ocrx_word' id='word_1_111' title='bbox 1232 1717 1492 1786; x_wconf 85' lang='lat' dir='ltr'><strong>probatur</strong></span> <span class='ocrx_word' id='word_1_112' title='bbox 1533 1727 1762 1773; x_wconf 87' lang='lat' dir='ltr'><strong>ornata:</strong></span> 
     </span>
    </p>
   </div>
   <div class='ocr_carea' id='block_1_20' title="bbox 1877 479 3466 559">
    <p class='ocr_par' dir='ltr' id='par_1_20' title="bbox 1877 479 3466 559">
     <span class='ocr_line' id='line_1_21' title="bbox 1877 479 3466 559; baseline 0.016 -28"><span class='ocrx_word' id='word_1_113' title='bbox 1877 479 2324 549; x_wconf 88' lang='lat' dir='ltr'><strong>quemadmodum</strong></span> <span class='ocrx_word' id='word_1_114' title='bbox 2372 487 2706 554; x_wconf 73' lang='lat' dir='ltr'><strong>mquabilitas</strong></span> <span class='ocrx_word' id='word_1_115' title='bbox 2755 492 2948 559; x_wconf 88' lang='lat' dir='ltr'><strong>agitur,</strong></span> <span class='ocrx_word' id='word_1_116' title='bbox 2999 495 3043 548; x_wconf 92' lang='lat' dir='ltr'><strong>si</strong></span> <span class='ocrx_word' id='word_1_117' title='bbox 3073 495 3215 552; x_wconf 89' lang='lat' dir='ltr'><strong>vires</strong></span> <span class='ocrx_word' id='word_1_118' title='bbox 3251 499 3466 555; x_wconf 87' lang='lat' dir='ltr'><strong>medio-</strong></span> 
     </span>
    </p>
   </div>
   <div class='ocr_carea' id='block_1_21' title="bbox 1877 570 3466 662">
    <p class='ocr_par' dir='ltr' id='par_1_21' title="bbox 1877 570 3466 662">
     <span class='ocr_line' id='line_1_22' title="bbox 1877 570 3466 662; baseline 0.014 -37"><span class='ocrx_word' id='word_1_119' title='bbox 1877 570 2045 626; x_wconf 87' lang='lat' dir='ltr'><strong>crium</strong></span> <span class='ocrx_word' id='word_1_120' title='bbox 2069 587 2392 644; x_wconf 79' lang='lat' dir='ltr'><strong>consurgere</strong></span> <span class='ocrx_word' id='word_1_121' title='bbox 2412 591 2516 632; x_wconf 89' lang='lat' dir='ltr'><strong>non</strong></span> <span class='ocrx_word' id='word_1_122' title='bbox 2539 578 2819 636; x_wconf 87' lang='lat' dir='ltr'><strong>sinantur?</strong></span> <span class='ocrx_word' id='word_1_123' title='bbox 2840 581 3252 643; x_wconf 81' lang='lat' dir='ltr'><strong>l’rovineialium</strong></span> <span class='ocrx_word' id='word_1_124' title='bbox 3281 589 3466 662; x_wconf 87' lang='lat' dir='ltr'><strong>itaque</strong></span> 
     </span>
    </p>
   </div>
   <div class='ocr_carea' id='block_1_22' title="bbox 1874 667 3464 754">
    <p class='ocr_par' dir='ltr' id='par_1_22' title="bbox 1874 667 3464 754">
     <span class='ocr_line' id='line_1_23' title="bbox 1874 667 3464 754; baseline 0.014 -36"><span class='ocrx_word' id='word_1_125' title='bbox 1874 672 2178 720; x_wconf 92' lang='lat' dir='ltr'><strong>nostrorum</strong></span> <span class='ocrx_word' id='word_1_126' title='bbox 2225 667 2418 738; x_wconf 68' lang='lat' dir='ltr'><strong>saepius</strong></span> <span class='ocrx_word' id='word_1_127' title='bbox 2444 671 2664 740; x_wconf 88' lang='lat' dir='ltr'><strong>querela</strong></span> <span class='ocrx_word' id='word_1_128' title='bbox 2702 675 3080 754; x_wconf 84' lang='lat' dir='ltr'><strong>comperimus,</strong></span> <span class='ocrx_word' id='word_1_129' title='bbox 3125 695 3464 750; x_wconf 85' lang='lat' dir='ltr'><strong>possessores</strong></span> 
     </span>
    </p>
   </div>
   <div class='ocr_carea' id='block_1_23' title="bbox 1874 753 3461 831">
    <p class='ocr_par' dir='ltr' id='par_1_23' title="bbox 1874 753 3461 831">
     <span class='ocr_line' id='line_1_24' title="bbox 1874 753 3461 831; baseline 0.014 -23"><span class='ocrx_word' id='word_1_130' title='bbox 1874 753 2097 812; x_wconf 83' lang='lat' dir='ltr'><strong>idoneos</strong></span> <span class='ocrx_word' id='word_1_131' title='bbox 2119 754 2326 813; x_wconf 69' lang='lat' dir='ltr'><strong>Suavis:</strong></span> <span class='ocrx_word' id='word_1_132' title='bbox 2355 776 2462 816; x_wconf 90' lang='lat' dir='ltr'><strong>non</strong></span> <span class='ocrx_word' id='word_1_133' title='bbox 2493 762 2667 817; x_wconf 91' lang='lat' dir='ltr'><strong>solum</strong></span> <span class='ocrx_word' id='word_1_134' title='bbox 2698 780 2943 821; x_wconf 84' lang='lat' dir='ltr'><strong>casarum</strong></span> <span class='ocrx_word' id='word_1_135' title='bbox 2968 753 3188 826; x_wconf 79' lang='lat' dir='ltr'><strong>Suarum</strong></span> <span class='ocrx_word' id='word_1_136' title='bbox 3231 773 3461 831; x_wconf 86' lang='lat' dir='ltr'><strong>tributa-</strong></span> 
     </span>
    </p>
   </div>
   <div class='ocr_carea' id='block_1_24' title="bbox 1873 849 3458 935">
    <p class='ocr_par' dir='ltr' id='par_1_24' title="bbox 1873 849 3458 935">
     <span class='ocr_line' id='line_1_25' title="bbox 1873 849 3458 935; baseline 0.014 -33"><span class='ocrx_word' id='word_1_137' title='bbox 1873 849 2008 903; x_wconf 88' lang='lat' dir='ltr'><strong>riam</strong></span> <span class='ocrx_word' id='word_1_138' title='bbox 2048 849 2378 908; x_wconf 88' lang='lat' dir='ltr'><strong>functionem</strong></span> <span class='ocrx_word' id='word_1_139' title='bbox 2427 854 2481 910; x_wconf 91' lang='lat' dir='ltr'><strong>in</strong></span> <span class='ocrx_word' id='word_1_140' title='bbox 2527 863 2742 912; x_wconf 90' lang='lat' dir='ltr'><strong>tenuem</strong></span> <span class='ocrx_word' id='word_1_141' title='bbox 2768 859 3003 917; x_wconf 87' lang='lat' dir='ltr'><strong>relisisse</strong></span> <span class='ocrx_word' id='word_1_142' title='bbox 3033 862 3148 935; x_wconf 85' lang='lat' dir='ltr'><strong>[pro</strong></span> <span class='ocrx_word' id='word_1_143' title='bbox 3185 867 3458 934; x_wconf 88' lang='lat' dir='ltr'><strong>rejecisse.</strong></span> 
     </span>
    </p>
   </div>
   <div class='ocr_carea' id='block_1_25' title="bbox 1872 940 3466 1025">
    <p class='ocr_par' dir='ltr' id='par_1_25' title="bbox 1872 940 3466 1025">
     <span class='ocr_line' id='line_1_26' title="bbox 1872 940 3466 1025; baseline 0.014 -30"><span class='ocrx_word' id='word_1_144' title='bbox 1872 940 1940 996; x_wconf 79' lang='grc' dir='ltr'><strong>Β.</strong></span> <span class='ocrx_word' id='word_1_145' title='bbox 1973 941 2065 998; x_wconf 81' lang='lat' dir='ltr'><strong>Gr.</strong></span> <span class='ocrx_word' id='word_1_146' title='bbox 2098 953 2146 998; x_wconf 88' lang='lat' dir='ltr'><strong>et</strong></span> <span class='ocrx_word' id='word_1_147' title='bbox 2176 944 2323 1025; x_wconf 12' lang='lat' dir='ltr'><strong>Cuj.,l</strong></span> <span class='ocrx_word' id='word_1_148' title='bbox 2348 948 2604 1022; x_wconf 88' lang='lat' dir='ltr'><strong>resilisse]</strong></span> <span class='ocrx_word' id='word_1_149' title='bbox 2633 949 3128 1021; x_wconf 81' lang='lat' dir='ltr'><strong>fortunam,verum</strong></span> <span class='ocrx_word' id='word_1_150' title='bbox 3159 959 3318 1013; x_wconf 90' lang='lat' dir='ltr'><strong>etiam</strong></span> <span class='ocrx_word' id='word_1_151' title='bbox 3345 977 3466 1018; x_wconf 84' lang='lat' dir='ltr'><strong>scc-</strong></span> 
     </span>
    </p>
   </div>
   <div class='ocr_carea' id='block_1_26' title="bbox 1872 1034 3468 1122">
    <p class='ocr_par' dir='ltr' id='par_1_26' title="bbox 1872 1034 3468 1122">
     <span class='ocr_line' id='line_1_27' title="bbox 1872 1034 3468 1122; baseline 0.01 -32"><span class='ocrx_word' id='word_1_152' title='bbox 1872 1034 2044 1091; x_wconf 87' lang='lat' dir='ltr'><strong>lerato</strong></span> <span class='ocrx_word' id='word_1_153' title='bbox 2074 1041 2401 1096; x_wconf 91' lang='lat' dir='ltr'><strong>commercio</strong></span> <span class='ocrx_word' id='word_1_154' title='bbox 2443 1042 2644 1113; x_wconf 90' lang='lat' dir='ltr'><strong>aliquid</strong></span> <span class='ocrx_word' id='word_1_155' title='bbox 2689 1045 2884 1101; x_wconf 88' lang='lat' dir='ltr'><strong>exinde</strong></span> <span class='ocrx_word' id='word_1_156' title='bbox 2923 1048 3034 1103; x_wconf 90' lang='lat' dir='ltr'><strong>suis</strong></span> <span class='ocrx_word' id='word_1_157' title='bbox 3061 1051 3261 1120; x_wconf 88' lang='lat' dir='ltr'><strong>passim</strong></span> <span class='ocrx_word' id='word_1_158' title='bbox 3291 1055 3468 1122; x_wconf 87' lang='lat' dir='ltr'><strong>appll-</strong></span> 
     </span>
    </p>
   </div>
   <div class='ocr_carea' id='block_1_27' title="bbox 1872 1131 3470 1208">
    <p class='ocr_par' dir='ltr' id='par_1_27' title="bbox 1872 1131 3470 1208">
     <span class='ocr_line' id='line_1_28' title="bbox 1872 1131 3470 1208; baseline 0.011 -27"><span class='ocrx_word' id='word_1_159' title='bbox 1872 1141 1997 1183; x_wconf 86' lang='lat' dir='ltr'><strong>care</strong></span> <span class='ocrx_word' id='word_1_160' title='bbox 2025 1131 2380 1200; x_wconf 76' lang='lat' dir='ltr'><strong>compendiis,</strong></span> <span class='ocrx_word' id='word_1_161' title='bbox 2415 1141 2473 1188; x_wconf 92' lang='lat' dir='ltr'><strong>ut</strong></span> <span class='ocrx_word' id='word_1_162' title='bbox 2511 1133 2718 1192; x_wconf 84' lang='lat' dir='ltr'><strong>functio</strong></span> <span class='ocrx_word' id='word_1_163' title='bbox 2748 1138 2964 1208; x_wconf 90' lang='lat' dir='ltr'><strong>publica</strong></span> <span class='ocrx_word' id='word_1_164' title='bbox 2990 1143 3350 1198; x_wconf 90' lang='lat' dir='ltr'><strong>commoditas</strong></span> <span class='ocrx_word' id='word_1_165' title='bbox 3398 1146 3470 1199; x_wconf 89' lang='lat' dir='ltr'><strong>sit</strong></span> 
     </span>
    </p>
   </div>
   <div class='ocr_carea' id='block_1_28' title="bbox 1872 1219 3468 1299">
    <p class='ocr_par' dir='ltr' id='par_1_28' title="bbox 1872 1219 3468 1299">
     <span class='ocr_line' id='line_1_29' title="bbox 1872 1219 3468 1299; baseline 0.013 -28"><span class='ocrx_word' id='word_1_166' title='bbox 1872 1219 2101 1289; x_wconf 88' lang='lat' dir='ltr'><strong>privata.</strong></span> <span class='ocrx_word' id='word_1_167' title='bbox 2152 1221 2268 1278; x_wconf 91' lang='lat' dir='ltr'><strong>lloc</strong></span> <span class='ocrx_word' id='word_1_168' title='bbox 2317 1225 2534 1294; x_wconf 88' lang='lat' dir='ltr'><strong>quidem</strong></span> <span class='ocrx_word' id='word_1_169' title='bbox 2581 1242 2679 1296; x_wconf 87' lang='lat' dir='ltr'><strong>per</strong></span> <span class='ocrx_word' id='word_1_170' title='bbox 2728 1229 2988 1299; x_wconf 89' lang='lat' dir='ltr'><strong>plurimos</strong></span> <span class='ocrx_word' id='word_1_171' title='bbox 3040 1232 3468 1290; x_wconf 88' lang='lat' dir='ltr'><strong>desideravimns</strong></span> 
     </span>
    </p>
   </div>
   <div class='ocr_carea' id='block_1_29' title="bbox 1872 1309 3462 1396">
    <p class='ocr_par' dir='ltr' id='par_1_29' title="bbox 1872 1309 3462 1396">
     <span class='ocr_line' id='line_1_30' title="bbox 1872 1309 3462 1396; baseline 0.012 -34"><span class='ocrx_word' id='word_1_172' title='bbox 1872 1309 2096 1377; x_wconf 84' lang='lat' dir='ltr'><strong>corrigi;</strong></span> <span class='ocrx_word' id='word_1_173' title='bbox 2129 1311 2224 1382; x_wconf 76' lang='lat' dir='ltr'><strong>sed</strong></span> <span class='ocrx_word' id='word_1_174' title='bbox 2271 1312 2534 1378; x_wconf 85' lang='lat' dir='ltr'><strong>hactenus</strong></span> <span class='ocrx_word' id='word_1_175' title='bbox 2582 1317 2635 1372; x_wconf 92' lang='lat' dir='ltr'><strong>in</strong></span> <span class='ocrx_word' id='word_1_176' title='bbox 2666 1325 2813 1376; x_wconf 85' lang='lat' dir='ltr'><strong>tuam</strong></span> <span class='ocrx_word' id='word_1_177' title='bbox 2851 1320 3075 1394; x_wconf 78' lang='lat' dir='ltr'><strong>laudem</strong></span> <span class='ocrx_word' id='word_1_178' title='bbox 3103 1322 3318 1380; x_wconf 90' lang='lat' dir='ltr'><strong>videtur</strong></span> <span class='ocrx_word' id='word_1_179' title='bbox 3358 1341 3462 1396; x_wconf 91' lang='lat' dir='ltr'><strong>po-</strong></span> 
     </span>
    </p>
   </div>
   <div class='ocr_carea' id='block_1_30' title="bbox 1875 1402 3458 1488">
    <p class='ocr_par' dir='ltr' id='par_1_30' title="bbox 1875 1402 3458 1488">
     <span class='ocr_line' id='line_1_31' title="bbox 1875 1402 3458 1488; baseline 0.011 -32"><span class='ocrx_word' id='word_1_180' title='bbox 1875 1402 2039 1458; x_wconf 89' lang='lat' dir='ltr'><strong>tuisse</strong></span> <span class='ocrx_word' id='word_1_181' title='bbox 2067 1402 2296 1472; x_wconf 80' lang='lat' dir='ltr'><strong>dill&#39;erri;</strong></span> <span class='ocrx_word' id='word_1_182' title='bbox 2349 1413 2613 1475; x_wconf 91' lang='lat' dir='ltr'><strong>quatenus</strong></span> <span class='ocrx_word' id='word_1_183' title='bbox 2653 1407 2784 1467; x_wconf 84' lang='lat' dir='ltr'><strong>ﬁdes</strong></span> <span class='ocrx_word' id='word_1_184' title='bbox 2830 1412 3124 1470; x_wconf 87' lang='lat' dir='ltr'><strong>haberetur</strong></span> <span class='ocrx_word' id='word_1_185' title='bbox 3165 1418 3458 1488; x_wconf 89' lang='lat' dir='ltr'><strong>acceptior,</strong></span> 
     </span>
    </p>
   </div>
   <div class='ocr_carea' id='block_1_31' title="bbox 1875 1494 3460 1570">
    <p class='ocr_par' dir='ltr' id='par_1_31' title="bbox 1875 1494 3460 1570">
     <span class='ocr_line' id='line_1_32' title="bbox 1875 1494 3460 1570; baseline 0.009 -23"><span class='ocrx_word' id='word_1_186' title='bbox 1875 1494 2089 1564; x_wconf 89' lang='lat' dir='ltr'><strong>quando</strong></span> <span class='ocrx_word' id='word_1_187' title='bbox 2117 1505 2238 1566; x_wconf 92' lang='lat' dir='ltr'><strong>post</strong></span> <span class='ocrx_word' id='word_1_188' title='bbox 2268 1497 2466 1554; x_wconf 90' lang='lat' dir='ltr'><strong>multos</strong></span> <span class='ocrx_word' id='word_1_189' title='bbox 2496 1501 2773 1570; x_wconf 86' lang='lat' dir='ltr'><strong>neglectus</strong></span> <span class='ocrx_word' id='word_1_190' title='bbox 2817 1505 3050 1560; x_wconf 91' lang='lat' dir='ltr'><strong>studium</strong></span> <span class='ocrx_word' id='word_1_191' title='bbox 3077 1516 3312 1565; x_wconf 90' lang='lat' dir='ltr'><strong>vestrum</strong></span> <span class='ocrx_word' id='word_1_192' title='bbox 3340 1511 3460 1566; x_wconf 64' lang='lat' dir='ltr'><strong>efli-</strong></span> 
     </span>
    </p>
   </div>
   <div class='ocr_carea' id='block_1_32' title="bbox 1877 1587 3461 1674">
    <p class='ocr_par' dir='ltr' id='par_1_32' title="bbox 1877 1587 3461 1674">
     <span class='ocr_line' id='line_1_33' title="bbox 1877 1587 3461 1674; baseline 0.012 -34"><span class='ocrx_word' id='word_1_193' title='bbox 1877 1587 2158 1644; x_wconf 90' lang='lat' dir='ltr'><strong>cacissime</strong></span> <span class='ocrx_word' id='word_1_194' title='bbox 2203 1592 2585 1664; x_wconf 86' lang='lat' dir='ltr'><strong>comprobatis.</strong></span> <span class='ocrx_word' id='word_1_195' title='bbox 2638 1593 2816 1668; x_wconf 87' lang='lat' dir='ltr'><strong>Atque</strong></span> <span class='ocrx_word' id='word_1_196' title='bbox 2853 1597 2976 1653; x_wconf 90' lang='lat' dir='ltr'><strong>ideo</strong></span> <span class='ocrx_word' id='word_1_197' title='bbox 3027 1599 3310 1672; x_wconf 90' lang='lat' dir='ltr'><strong>prudentia</strong></span> <span class='ocrx_word' id='word_1_198' title='bbox 3356 1620 3461 1674; x_wconf 90' lang='lat' dir='ltr'><strong>qua</strong></span> 
     </span>
    </p>
   </div>
   <div class='ocr_carea' id='block_1_33' title="bbox 1877 1684 3461 1765">
    <p class='ocr_par' dir='ltr' id='par_1_33' title="bbox 1877 1684 3461 1765">
     <span class='ocr_line' id='line_1_34' title="bbox 1877 1684 3461 1765; baseline 0.013 -31"><span class='ocrx_word' id='word_1_199' title='bbox 1877 1687 2038 1736; x_wconf 86' lang='lat' dir='ltr'><strong>notus</strong></span> <span class='ocrx_word' id='word_1_200' title='bbox 2067 1697 2143 1749; x_wconf 92' lang='lat' dir='ltr'><strong>es,</strong></span> <span class='ocrx_word' id='word_1_201' title='bbox 2175 1684 2480 1741; x_wconf 83' lang='lat' dir='ltr'><strong>universum</strong></span> <span class='ocrx_word' id='word_1_202' title='bbox 2504 1704 2869 1758; x_wconf 88' lang='lat' dir='ltr'><strong>possessorem</strong></span> <span class='ocrx_word' id='word_1_203' title='bbox 2891 1691 3230 1749; x_wconf 90' lang='lat' dir='ltr'><strong>considerata</strong></span> <span class='ocrx_word' id='word_1_204' title='bbox 3247 1695 3461 1765; x_wconf 88' lang='lat' dir='ltr'><strong>justitia</strong></span> 
     </span>
    </p>
   </div>
   <div class='ocr_carea' id='block_1_34' title="bbox 177 1771 3462 1877">
    <p class='ocr_par' dir='ltr' id='par_1_34' title="bbox 177 1771 3462 1877">
     <span class='ocr_line' id='line_1_35' title="bbox 177 1771 3462 1877; baseline 0.012 -31"><span class='ocrx_word' id='word_1_205' title='bbox 177 1793 290 1862; x_wconf 88' lang='lat' dir='ltr'><strong>quia</strong></span> <span class='ocrx_word' id='word_1_206' title='bbox 314 1794 600 1864; x_wconf 86' lang='lat' dir='ltr'><strong>pulchrum</strong></span> <span class='ocrx_word' id='word_1_207' title='bbox 627 1807 710 1853; x_wconf 91' lang='lat' dir='ltr'><strong>est</strong></span> <span class='ocrx_word' id='word_1_208' title='bbox 733 1771 1076 1859; x_wconf 80' lang='lat' dir='ltr'><strong>commodum</strong></span> <span class='ocrx_word' id='word_1_209' title='bbox 1099 1771 1278 1873; x_wconf 58' lang='lat' dir='ltr'><strong>fama},</strong></span> <span class='ocrx_word' id='word_1_210' title='bbox 1303 1806 1443 1863; x_wconf 71' lang='lat' dir='ltr'><strong>fmda</strong></span> <span class='ocrx_word' id='word_1_211' title='bbox 1465 1771 1767 1877; x_wconf 78' lang='lat' dir='ltr'><strong>neglexisse</strong></span> <span class='ocrx_word' id='word_1_212' title='bbox 1800 1780 1842 1840; x_wconf 74' lang='grc' dir='ltr'>Β</span> <span class='ocrx_word' id='word_1_213' title='bbox 1873 1771 2532 1877; x_wconf 48' lang='lat' dir='ltr'><strong>te_‘i.0bemus.in5p.icer¢’</strong></span> <span class='ocrx_word' id='word_1_214' title='bbox 2579 1788 2630 1836; x_wconf 48' lang='lat' dir='ltr'><strong>et</strong></span> <span class='ocrx_word' id='word_1_215' title='bbox 2681 1782 3099 1877; x_wconf 46' lang='lat' dir='ltr'><strong>“3‘!”leme</strong></span> <span class='ocrx_word' id='word_1_216' title='bbox 3127 1786 3316 1842; x_wconf 58' lang='lat' dir='ltr'><strong>unum</strong></span> <span class='ocrx_word' id='word_1_217' title='bbox 3359 1787 3462 1843; x_wconf 64' lang='lat' dir='ltr'><strong>hac</strong></span> 
     </span>
    </p>
   </div>
   <div class='ocr_carea' id='block_1_35' title="bbox 175 1884 1764 1968">
    <p class='ocr_par' dir='ltr' id='par_1_35' title="bbox 175 1884 1764 1968">
     <span class='ocr_line' id='line_1_36' title="bbox 175 1884 1764 1968; baseline 0.011 -29"><span class='ocrx_word' id='word_1_218' title='bbox 175 1884 310 1940; x_wconf 88' lang='lat' dir='ltr'><strong>lucra</strong></span> <span class='ocrx_word' id='word_1_219' title='bbox 337 1889 601 1957; x_wconf 65' lang='lat' dir='ltr'><strong>pecuniae.</strong></span> <span class='ocrx_word' id='word_1_220' title='bbox 632 1889 867 1961; x_wconf 82' lang='lat' dir='ltr'><strong>Argolici</strong></span> <span class='ocrx_word' id='word_1_221' title='bbox 890 1894 1070 1965; x_wconf 83' lang='lat' dir='ltr'><strong>itaque</strong></span> <span class='ocrx_word' id='word_1_222' title='bbox 1091 1897 1188 1952; x_wconf 88' lang='lat' dir='ltr'><strong>viri</strong></span> <span class='ocrx_word' id='word_1_223' title='bbox 1220 1897 1464 1968; x_wconf 85' lang='lat' dir='ltr'><strong>illustris,</strong></span> <span class='ocrx_word' id='word_1_224' title='bbox 1489 1899 1764 1956; x_wconf 78' lang='lat' dir='ltr'><strong>etAman-</strong></span> 
     </span>
    </p>
   </div>
   <div class='ocr_carea' id='block_1_36' title="bbox 175 1976 1765 2059">
    <p class='ocr_par' dir='ltr' id='par_1_36' title="bbox 175 1976 1765 2059">
     <span class='ocr_line' id='line_1_37' title="bbox 175 1976 1765 2059; baseline 0.011 -29"><span class='ocrx_word' id='word_1_225' title='bbox 175 1976 313 2034; x_wconf 88' lang='lat' dir='ltr'><strong>diani</strong></span> <span class='ocrx_word' id='word_1_226' title='bbox 340 1980 446 2034; x_wconf 90' lang='lat' dir='ltr'><strong>viri</strong></span> <span class='ocrx_word' id='word_1_227' title='bbox 478 1981 760 2040; x_wconf 87' lang='lat' dir='ltr'><strong>clarissimi</strong></span> <span class='ocrx_word' id='word_1_228' title='bbox 791 1985 1037 2043; x_wconf 74' lang='lat' dir='ltr'><strong>hmredes</strong></span> <span class='ocrx_word' id='word_1_229' title='bbox 1073 1989 1301 2059; x_wconf 86' lang='lat' dir='ltr'><strong>supplici</strong></span> <span class='ocrx_word' id='word_1_230' title='bbox 1341 1990 1500 2046; x_wconf 89' lang='lat' dir='ltr'><strong>nobis</strong></span> <span class='ocrx_word' id='word_1_231' title='bbox 1528 1992 1765 2048; x_wconf 87' lang='lat' dir='ltr'><strong>aditione</strong></span> 
     </span>
    </p>
   </div>
   <div class='ocr_carea' id='block_1_37' title="bbox 175 2071 1764 2156">
    <p class='ocr_par' dir='ltr' id='par_1_37' title="bbox 175 2071 1764 2156">
     <span class='ocr_line' id='line_1_38' title="bbox 175 2071 1764 2156; baseline 0.012 -34"><span class='ocrx_word' id='word_1_232' title='bbox 175 2071 455 2138; x_wconf 89' lang='lat' dir='ltr'><strong>conquesti</strong></span> <span class='ocrx_word' id='word_1_233' title='bbox 477 2081 622 2137; x_wconf 89' lang='lat' dir='ltr'><strong>sunt,</strong></span> <span class='ocrx_word' id='word_1_234' title='bbox 658 2075 1024 2134; x_wconf 87' lang='lat' dir='ltr'><strong>Palentianam</strong></span> <span class='ocrx_word' id='word_1_235' title='bbox 1065 2096 1318 2148; x_wconf 84' lang='lat' dir='ltr'><strong>massam,</strong></span> <span class='ocrx_word' id='word_1_236' title='bbox 1368 2098 1530 2152; x_wconf 88' lang='lat' dir='ltr'><strong>quam</strong></span> <span class='ocrx_word' id='word_1_237' title='bbox 1557 2084 1636 2140; x_wconf 87' lang='lat' dir='ltr'><strong>eis</strong></span> <span class='ocrx_word' id='word_1_238' title='bbox 1663 2102 1764 2156; x_wconf 91' lang='lat' dir='ltr'><strong>pro</strong></span> 
     </span>
    </p>
   </div>
   <div class='ocr_carea' id='block_1_38' title="bbox 175 2152 1766 2242">
    <p class='ocr_par' dir='ltr' id='par_1_38' title="bbox 175 2152 1766 2242">
     <span class='ocr_line' id='line_1_39' title="bbox 175 2152 1766 2242; baseline 0.013 -29"><span class='ocrx_word' id='word_1_239' title='bbox 175 2152 616 2230; x_wconf 77' lang='lat' dir='ltr'><strong>compensatione</strong></span> <span class='ocrx_word' id='word_1_240' title='bbox 644 2165 864 2236; x_wconf 86' lang='lat' dir='ltr'><strong>largitas</strong></span> <span class='ocrx_word' id='word_1_241' title='bbox 892 2180 1078 2226; x_wconf 88' lang='lat' dir='ltr'><strong>nostra</strong></span> <span class='ocrx_word' id='word_1_242' title='bbox 1105 2173 1486 2242; x_wconf 81' lang='lat' dir='ltr'><strong>transfuderat,</strong></span> <span class='ocrx_word' id='word_1_243' title='bbox 1537 2185 1598 2231; x_wconf 90' lang='lat' dir='ltr'><strong>ut</strong></span> <span class='ocrx_word' id='word_1_244' title='bbox 1629 2193 1766 2233; x_wconf 70' lang='lat' dir='ltr'><strong>casa:</strong></span> 
     </span>
    </p>
   </div>
   <div class='ocr_carea' id='block_1_39' title="bbox 173 2251 1758 2340">
    <p class='ocr_par' dir='ltr' id='par_1_39' title="bbox 173 2251 1758 2340">
     <span class='ocr_line' id='line_1_40' title="bbox 173 2251 1758 2340; baseline 0.012 -32"><span class='ocrx_word' id='word_1_245' title='bbox 173 2251 442 2329; x_wconf 70' lang='lat' dir='ltr'><strong>Arbitanze</strong></span> <span class='ocrx_word' id='word_1_246' title='bbox 479 2260 823 2318; x_wconf 85' lang='lat' dir='ltr'><strong>amissionem</strong></span> <span class='ocrx_word' id='word_1_247' title='bbox 864 2264 968 2321; x_wconf 84' lang='lat' dir='ltr'><strong>hac</strong></span> <span class='ocrx_word' id='word_1_248' title='bbox 1013 2268 1398 2324; x_wconf 87' lang='lat' dir='ltr'><strong>commoditate</strong></span> <span class='ocrx_word' id='word_1_249' title='bbox 1425 2270 1758 2340; x_wconf 88' lang='lat' dir='ltr'><strong>solarentur,</strong></span> 
     </span>
    </p>
   </div>
   <div class='ocr_carea' id='block_1_40' title="bbox 171 2343 1767 2430">
    <p class='ocr_par' dir='ltr' id='par_1_40' title="bbox 171 2343 1767 2430">
     <span class='ocr_line' id='line_1_41' title="bbox 171 2343 1767 2430; baseline 0.013 -31"><span class='ocrx_word' id='word_1_250' title='bbox 171 2343 234 2400; x_wconf 87' lang='lat' dir='ltr'><strong>ab</strong></span> <span class='ocrx_word' id='word_1_251' title='bbox 260 2345 573 2407; x_wconf 86' lang='lat' dir='ltr'><strong>hominibus</strong></span> <span class='ocrx_word' id='word_1_252' title='bbox 602 2354 814 2420; x_wconf 77' lang='lat' dir='ltr'><strong>vestris,</strong></span> <span class='ocrx_word' id='word_1_253' title='bbox 867 2357 1028 2413; x_wconf 89' lang='lat' dir='ltr'><strong>nullis</strong></span> <span class='ocrx_word' id='word_1_254' title='bbox 1079 2359 1257 2416; x_wconf 85' lang='lat' dir='ltr'><strong>causis</strong></span> <span class='ocrx_word' id='word_1_255' title='bbox 1295 2363 1651 2430; x_wconf 81' lang='lat' dir='ltr'><strong>exstantibus,</strong></span> <span class='ocrx_word' id='word_1_256' title='bbox 1685 2364 1767 2419; x_wconf 89' lang='lat' dir='ltr'><strong>in-</strong></span> 
     </span>
    </p>
   </div>
   <div class='ocr_carea' id='block_1_41' title="bbox 171 2435 1765 2524">
    <p class='ocr_par' dir='ltr' id='par_1_41' title="bbox 171 2435 1765 2524">
     <span class='ocr_line' id='line_1_42' title="bbox 171 2435 1765 2524; baseline 0.013 -33"><span class='ocrx_word' id='word_1_257' title='bbox 171 2435 424 2496; x_wconf 88' lang='lat' dir='ltr'><strong>decenter</strong></span> <span class='ocrx_word' id='word_1_258' title='bbox 455 2443 728 2515; x_wconf 82' lang='lat' dir='ltr'><strong>invasam;</strong></span> <span class='ocrx_word' id='word_1_259' title='bbox 761 2455 816 2503; x_wconf 87' lang='lat' dir='ltr'><strong>et</strong></span> <span class='ocrx_word' id='word_1_260' title='bbox 844 2448 968 2505; x_wconf 90' lang='lat' dir='ltr'><strong>inde</strong></span> <span class='ocrx_word' id='word_1_261' title='bbox 1009 2451 1243 2508; x_wconf 88' lang='lat' dir='ltr'><strong>crevisse</strong></span> <span class='ocrx_word' id='word_1_262' title='bbox 1265 2454 1548 2524; x_wconf 75' lang='lat' dir='ltr'><strong>culpanda:</strong></span> <span class='ocrx_word' id='word_1_263' title='bbox 1573 2455 1765 2510; x_wconf 85' lang='lat' dir='ltr'><strong>subre-</strong></span> 
     </span>
    </p>
   </div>
   <div class='ocr_carea' id='block_1_42' title="bbox 170 2530 1767 2614">
    <p class='ocr_par' dir='ltr' id='par_1_42' title="bbox 170 2530 1767 2614">
     <span class='ocr_line' id='line_1_43' title="bbox 170 2530 1767 2614; baseline 0.013 -31"><span class='ocrx_word' id='word_1_264' title='bbox 170 2530 363 2598; x_wconf 90' lang='lat' dir='ltr'><strong>ptionis</strong></span> <span class='ocrx_word' id='word_1_265' title='bbox 401 2535 614 2606; x_wconf 79' lang='lat' dir='ltr'><strong>vitium,</strong></span> <span class='ocrx_word' id='word_1_266' title='bbox 647 2538 792 2594; x_wconf 89' lang='lat' dir='ltr'><strong>unde</strong></span> <span class='ocrx_word' id='word_1_267' title='bbox 844 2540 960 2598; x_wconf 90' lang='lat' dir='ltr'><strong>dari</strong></span> <span class='ocrx_word' id='word_1_268' title='bbox 993 2542 1180 2599; x_wconf 89' lang='lat' dir='ltr'><strong>debuit</strong></span> <span class='ocrx_word' id='word_1_269' title='bbox 1217 2544 1465 2614; x_wconf 85' lang='lat' dir='ltr'><strong>gloriosae</strong></span> <span class='ocrx_word' id='word_1_270' title='bbox 1513 2547 1767 2603; x_wconf 88' lang='lat' dir='ltr'><strong>modera-</strong></span> 
     </span>
    </p>
   </div>
   <div class='ocr_carea' id='block_1_43' title="bbox 172 2623 1766 2705">
    <p class='ocr_par' dir='ltr' id='par_1_43' title="bbox 172 2623 1766 2705">
     <span class='ocr_line' id='line_1_44' title="bbox 172 2623 1766 2705; baseline 0.012 -29"><span class='ocrx_word' id='word_1_271' title='bbox 172 2623 326 2681; x_wconf 87' lang='lat' dir='ltr'><strong>tionis</strong></span> <span class='ocrx_word' id='word_1_272' title='bbox 353 2629 688 2701; x_wconf 83' lang='lat' dir='ltr'><strong>exemplum.</strong></span> <span class='ocrx_word' id='word_1_273' title='bbox 735 2631 1079 2705; x_wconf 80' lang='lat' dir='ltr'><strong>Quapropter</strong></span> <span class='ocrx_word' id='word_1_274' title='bbox 1117 2638 1162 2691; x_wconf 90' lang='lat' dir='ltr'><strong>si</strong></span> <span class='ocrx_word' id='word_1_275' title='bbox 1196 2638 1343 2693; x_wconf 89' lang='lat' dir='ltr'><strong>nullo</strong></span> <span class='ocrx_word' id='word_1_276' title='bbox 1369 2639 1654 2696; x_wconf 90' lang='lat' dir='ltr'><strong>mendacio</strong></span> <span class='ocrx_word' id='word_1_277' title='bbox 1679 2655 1766 2695; x_wconf 86' lang='lat' dir='ltr'><strong>as-</strong></span> 
     </span>
    </p>
   </div>
   <div class='ocr_carea' id='block_1_44' title="bbox 169 2717 1768 2798">
    <p class='ocr_par' dir='ltr' id='par_1_44' title="bbox 169 2717 1768 2798">
     <span class='ocr_line' id='line_1_45' title="bbox 169 2717 1768 2798; baseline 0.012 -32"><span class='ocrx_word' id='word_1_278' title='bbox 169 2722 304 2770; x_wconf 87' lang='lat' dir='ltr'><strong>serta</strong></span> <span class='ocrx_word' id='word_1_279' title='bbox 333 2717 619 2789; x_wconf 83' lang='lat' dir='ltr'><strong>vitiantur,</strong></span> <span class='ocrx_word' id='word_1_280' title='bbox 671 2720 984 2791; x_wconf 82' lang='lat' dir='ltr'><strong>Magnitudo</strong></span> <span class='ocrx_word' id='word_1_281' title='bbox 1006 2735 1188 2782; x_wconf 89' lang='lat' dir='ltr'><strong>vestra</strong></span> <span class='ocrx_word' id='word_1_282' title='bbox 1208 2768 1224 2793; x_wconf 93' lang='lat'><strong>,</strong></span> <span class='ocrx_word' id='word_1_283' title='bbox 1271 2744 1391 2798; x_wconf 65' lang='lat' dir='ltr'><strong>quae</strong></span> <span class='ocrx_word' id='word_1_284' title='bbox 1420 2738 1548 2784; x_wconf 90' lang='lat' dir='ltr'><strong>sunt</strong></span> <span class='ocrx_word' id='word_1_285' title='bbox 1587 2731 1768 2786; x_wconf 87' lang='lat' dir='ltr'><strong>ablata</strong></span> 
     </span>
    </p>
   </div>
   <div class='ocr_carea' id='block_1_45' title="bbox 167 2807 1762 2890">
    <p class='ocr_par' dir='ltr' id='par_1_45' title="bbox 167 2807 1762 2890">
     <span class='ocr_line' id='line_1_46' title="bbox 167 2807 1762 2890; baseline 0.012 -33"><span class='ocrx_word' id='word_1_286' title='bbox 167 2807 448 2875; x_wconf 85' lang='lat' dir='ltr'><strong>restituat;</strong></span> <span class='ocrx_word' id='word_1_287' title='bbox 482 2819 538 2870; x_wconf 85' lang='lat' dir='ltr'><strong>et</strong></span> <span class='ocrx_word' id='word_1_288' title='bbox 564 2812 610 2868; x_wconf 90' lang='lat' dir='ltr'><strong>si</strong></span> <span class='ocrx_word' id='word_1_289' title='bbox 639 2813 768 2882; x_wconf 87' lang='lat' dir='ltr'><strong>quid</strong></span> <span class='ocrx_word' id='word_1_290' title='bbox 817 2815 971 2872; x_wconf 83' lang='lat' dir='ltr'><strong>vobis</strong></span> <span class='ocrx_word' id='word_1_291' title='bbox 996 2818 1216 2874; x_wconf 89' lang='lat' dir='ltr'><strong>creditis</strong></span> <span class='ocrx_word' id='word_1_292' title='bbox 1243 2834 1404 2888; x_wconf 90' lang='lat' dir='ltr'><strong>posse</strong></span> <span class='ocrx_word' id='word_1_293' title='bbox 1429 2828 1762 2890; x_wconf 88' lang='lat' dir='ltr'><strong>competere.</strong></span> 
     </span>
    </p>
   </div>
   <div class='ocr_carea' id='block_1_46' title="bbox 165 2895 1765 2981">
    <p class='ocr_par' dir='ltr' id='par_1_46' title="bbox 165 2895 1765 2981">
     <span class='ocr_line' id='line_1_47' title="bbox 165 2895 1765 2981; baseline 0.012 -32"><span class='ocrx_word' id='word_1_294' title='bbox 165 2895 226 2952; x_wconf 89' lang='lat' dir='ltr'><strong>ad</strong></span> <span class='ocrx_word' id='word_1_295' title='bbox 275 2901 600 2960; x_wconf 85' lang='lat' dir='ltr'><strong>comitatum</strong></span> <span class='ocrx_word' id='word_1_296' title='bbox 649 2913 896 2963; x_wconf 89' lang='lat' dir='ltr'><strong>nostrum</strong></span> <span class='ocrx_word' id='word_1_297' title='bbox 942 2909 1264 2966; x_wconf 90' lang='lat' dir='ltr'><strong>instructam</strong></span> <span class='ocrx_word' id='word_1_298' title='bbox 1307 2911 1428 2978; x_wconf 85' lang='lat' dir='ltr'><strong>jure</strong></span> <span class='ocrx_word' id='word_1_299' title='bbox 1475 2926 1765 2981; x_wconf 86' lang='lat' dir='ltr'><strong>personam</strong></span> 
     </span>
    </p>
   </div>
   <div class='ocr_carea' id='block_1_47' title="bbox 164 2988 1759 3075">
    <p class='ocr_par' dir='ltr' id='par_1_47' title="bbox 164 2988 1759 3075">
     <span class='ocr_line' id='line_1_48' title="bbox 164 2988 1759 3075; baseline 0.013 -36"><span class='ocrx_word' id='word_1_300' title='bbox 164 2988 339 3045; x_wconf 88' lang='lat' dir='ltr'><strong>modis</strong></span> <span class='ocrx_word' id='word_1_301' title='bbox 367 2993 623 3050; x_wconf 89' lang='lat' dir='ltr'><strong>omnibus</strong></span> <span class='ocrx_word' id='word_1_302' title='bbox 653 2994 939 3064; x_wconf 86' lang='lat' dir='ltr'><strong>destinate,</strong></span> <span class='ocrx_word' id='word_1_303' title='bbox 973 3006 1035 3054; x_wconf 91' lang='lat' dir='ltr'><strong>ut</strong></span> <span class='ocrx_word' id='word_1_304' title='bbox 1062 2999 1294 3056; x_wconf 89' lang='lat' dir='ltr'><strong>civiliter</strong></span> <span class='ocrx_word' id='word_1_305' title='bbox 1343 3001 1585 3071; x_wconf 89' lang='lat' dir='ltr'><strong>plantata</strong></span> <span class='ocrx_word' id='word_1_306' title='bbox 1617 3002 1759 3075; x_wconf 86' lang='lat' dir='ltr'><strong>[Cor.</strong></span> 
     </span>
    </p>
   </div>
   <div class='ocr_carea' id='block_1_48' title="bbox 163 3075 1755 3162">
    <p class='ocr_par' dir='ltr' id='par_1_48' title="bbox 163 3075 1755 3162">
     <span class='ocr_line' id='line_1_49' title="bbox 163 3075 1755 3162; baseline 0.013 -32"><span class='ocrx_word' id='word_1_307' title='bbox 163 3075 341 3147; x_wconf 78' lang='lat' dir='ltr'><strong>Gam.,</strong></span> <span class='ocrx_word' id='word_1_308' title='bbox 375 3082 614 3154; x_wconf 84' lang='lat' dir='ltr'><strong>placata]</strong></span> <span class='ocrx_word' id='word_1_309' title='bbox 657 3088 899 3142; x_wconf 90' lang='lat' dir='ltr'><strong>causatio</strong></span> <span class='ocrx_word' id='word_1_310' title='bbox 940 3089 1101 3144; x_wconf 86' lang='lat' dir='ltr'><strong>linem</strong></span> <span class='ocrx_word' id='word_1_311' title='bbox 1131 3091 1199 3147; x_wconf 90' lang='lat' dir='ltr'><strong>de</strong></span> <span class='ocrx_word' id='word_1_312' title='bbox 1229 3093 1436 3162; x_wconf 83' lang='lat' dir='ltr'><strong>legibus</strong></span> <span class='ocrx_word' id='word_1_313' title='bbox 1479 3097 1755 3152; x_wconf 85' lang='lat' dir='ltr'><strong>sortiatur.</strong></span> 
     </span>
    </p>
   </div>
   <div class='ocr_carea' id='block_1_49' title="bbox 1871 1862 3461 1938">
    <p class='ocr_par' dir='ltr' id='par_1_49' title="bbox 1871 1862 3461 1938">
     <span class='ocr_line' id='line_1_50' title="bbox 1871 1862 3461 1938; baseline 0.01 -22"><span class='ocrx_word' id='word_1_314' title='bbox 1871 1862 2082 1932; x_wconf 81' lang='lat' dir='ltr'><strong>ratione</strong></span> <span class='ocrx_word' id='word_1_315' title='bbox 2111 1863 2415 1935; x_wconf 89' lang='lat' dir='ltr'><strong>moderari;</strong></span> <span class='ocrx_word' id='word_1_316' title='bbox 2451 1875 2508 1924; x_wconf 91' lang='lat' dir='ltr'><strong>ut</strong></span> <span class='ocrx_word' id='word_1_317' title='bbox 2532 1883 2652 1938; x_wconf 67' lang='lat' dir='ltr'><strong>qutc</strong></span> <span class='ocrx_word' id='word_1_318' title='bbox 2677 1871 2778 1926; x_wconf 91' lang='lat' dir='ltr'><strong>sub</strong></span> <span class='ocrx_word' id='word_1_319' title='bbox 2806 1873 2924 1929; x_wconf 89' lang='lat' dir='ltr'><strong>aliis</strong></span> <span class='ocrx_word' id='word_1_320' title='bbox 2945 1873 3086 1930; x_wconf 78' lang='lat' dir='ltr'><strong>facta</strong></span> <span class='ocrx_word' id='word_1_321' title='bbox 3110 1884 3191 1932; x_wconf 91' lang='lat' dir='ltr'><strong>est</strong></span> <span class='ocrx_word' id='word_1_322' title='bbox 3220 1878 3461 1932; x_wconf 89' lang='lat' dir='ltr'><strong>omnium</strong></span> 
     </span>
    </p>
   </div>
   <div class='ocr_carea' id='block_1_50' title="bbox 1868 1953 3459 2040">
    <p class='ocr_par' dir='ltr' id='par_1_50' title="bbox 1868 1953 3459 2040">
     <span class='ocr_line' id='line_1_51' title="bbox 1868 1953 3459 2040; baseline 0.011 -33"><span class='ocrx_word' id='word_1_323' title='bbox 1868 1953 2240 2026; x_wconf 88' lang='lat' dir='ltr'><strong>redemptione</strong></span> <span class='ocrx_word' id='word_1_324' title='bbox 2267 1967 2496 2024; x_wconf 89' lang='lat' dir='ltr'><strong>cassata,</strong></span> <span class='ocrx_word' id='word_1_325' title='bbox 2534 1976 2632 2031; x_wconf 90' lang='lat' dir='ltr'><strong>pro</strong></span> <span class='ocrx_word' id='word_1_326' title='bbox 2663 1965 3062 2036; x_wconf 88' lang='lat' dir='ltr'><strong>possessionum</strong></span> <span class='ocrx_word' id='word_1_327' title='bbox 3093 1976 3255 2040; x_wconf 90' lang='lat' dir='ltr'><strong>atque</strong></span> <span class='ocrx_word' id='word_1_328' title='bbox 3281 1970 3459 2026; x_wconf 86' lang='lat' dir='ltr'><strong>homi-</strong></span> 
     </span>
    </p>
   </div>
   <div class='ocr_carea' id='block_1_51' title="bbox 1868 2045 3463 2126">
    <p class='ocr_par' dir='ltr' id='par_1_51' title="bbox 1868 2045 3463 2126">
     <span class='ocr_line' id='line_1_52' title="bbox 1868 2045 3463 2126; baseline 0.013 -31"><span class='ocrx_word' id='word_1_329' title='bbox 1868 2058 1995 2098; x_wconf 93' lang='lat' dir='ltr'><strong>num</strong></span> <span class='ocrx_word' id='word_1_330' title='bbox 2023 2045 2282 2114; x_wconf 89' lang='lat' dir='ltr'><strong>qualitate</strong></span> <span class='ocrx_word' id='word_1_331' title='bbox 2311 2049 2446 2104; x_wconf 90' lang='lat' dir='ltr'><strong>assis</strong></span> <span class='ocrx_word' id='word_1_332' title='bbox 2473 2051 2720 2121; x_wconf 90' lang='lat' dir='ltr'><strong>publicus</strong></span> <span class='ocrx_word' id='word_1_333' title='bbox 2747 2054 3073 2126; x_wconf 87' lang='lat' dir='ltr'><strong>imponatur.</strong></span> <span class='ocrx_word' id='word_1_334' title='bbox 3107 2057 3196 2115; x_wconf 88' lang='lat' dir='ltr'><strong>Sic</strong></span> <span class='ocrx_word' id='word_1_335' title='bbox 3221 2060 3364 2116; x_wconf 89' lang='lat' dir='ltr'><strong>enim</strong></span> <span class='ocrx_word' id='word_1_336' title='bbox 3405 2069 3463 2118; x_wconf 91' lang='lat' dir='ltr'><strong>et</strong></span> 
     </span>
    </p>
   </div>
   <div class='ocr_carea' id='block_1_52' title="bbox 1863 2135 3460 2224">
    <p class='ocr_par' dir='ltr' id='par_1_52' title="bbox 1863 2135 3460 2224">
     <span class='ocr_line' id='line_1_53' title="bbox 1863 2135 3460 2224; baseline 0.013 -35"><span class='ocrx_word' id='word_1_337' title='bbox 1863 2135 2070 2204; x_wconf 89' lang='lat' dir='ltr'><strong>justitia</strong></span> <span class='ocrx_word' id='word_1_338' title='bbox 2099 2139 2396 2211; x_wconf 79' lang='lat' dir='ltr'><strong>perficitur,</strong></span> <span class='ocrx_word' id='word_1_339' title='bbox 2440 2151 2495 2198; x_wconf 88' lang='lat' dir='ltr'><strong>et</strong></span> <span class='ocrx_word' id='word_1_340' title='bbox 2526 2145 2669 2201; x_wconf 89' lang='lat' dir='ltr'><strong>vires</strong></span> <span class='ocrx_word' id='word_1_341' title='bbox 2713 2157 3022 2206; x_wconf 89' lang='lat' dir='ltr'><strong>nostrorum</strong></span> <span class='ocrx_word' id='word_1_342' title='bbox 3052 2153 3460 2224; x_wconf 83' lang='lat' dir='ltr'><strong>provincialium</strong></span> 
     </span>
    </p>
   </div>
   <div class='ocr_carea' id='block_1_53' title="bbox 1867 2230 3462 2324">
    <p class='ocr_par' dir='ltr' id='par_1_53' title="bbox 1867 2230 3462 2324">
     <span class='ocr_line' id='line_1_54' title="bbox 1867 2230 3462 2324; baseline 0.013 -40"><span class='ocrx_word' id='word_1_343' title='bbox 1867 2230 2236 2288; x_wconf 87' lang='lat' dir='ltr'><strong>sublevantur.</strong></span> <span class='ocrx_word' id='word_1_344' title='bbox 2281 2234 2389 2292; x_wconf 86' lang='lat' dir='ltr'><strong>Eos</strong></span> <span class='ocrx_word' id='word_1_345' title='bbox 2441 2246 2620 2295; x_wconf 90' lang='lat' dir='ltr'><strong>autem</strong></span> <span class='ocrx_word' id='word_1_346' title='bbox 2651 2256 2788 2311; x_wconf 91' lang='lat' dir='ltr'><strong>quos</strong></span> <span class='ocrx_word' id='word_1_347' title='bbox 2830 2243 2947 2298; x_wconf 91' lang='lat' dir='ltr'><strong>sine</strong></span> <span class='ocrx_word' id='word_1_348' title='bbox 2986 2243 3229 2314; x_wconf 90' lang='lat' dir='ltr'><strong>jussione</strong></span> <span class='ocrx_word' id='word_1_349' title='bbox 3274 2257 3462 2324; x_wconf 80' lang='lat' dir='ltr'><strong>nostra</strong></span> 
     </span>
    </p>
   </div>
   <div class='ocr_carea' id='block_1_54' title="bbox 1868 2327 3461 2410">
    <p class='ocr_par' dir='ltr' id='par_1_54' title="bbox 1868 2327 3461 2410">
     <span class='ocr_line' id='line_1_55' title="bbox 1868 2327 3461 2410; baseline 0.011 -32"><span class='ocrx_word' id='word_1_350' title='bbox 1868 2337 2087 2380; x_wconf 86' lang='lat' dir='ltr'><strong>ccn’sum</strong></span> <span class='ocrx_word' id='word_1_351' title='bbox 2118 2327 2439 2398; x_wconf 83' lang='lat' dir='ltr'><strong>imposuisse</strong></span> <span class='ocrx_word' id='word_1_352' title='bbox 2463 2333 2782 2402; x_wconf 85' lang='lat' dir='ltr'><strong>constiterit,</strong></span> <span class='ocrx_word' id='word_1_353' title='bbox 2814 2343 2870 2392; x_wconf 90' lang='lat' dir='ltr'><strong>et</strong></span> <span class='ocrx_word' id='word_1_354' title='bbox 2899 2351 2998 2407; x_wconf 90' lang='lat' dir='ltr'><strong>pro</strong></span> <span class='ocrx_word' id='word_1_355' title='bbox 3018 2337 3170 2394; x_wconf 88' lang='lat' dir='ltr'><strong>libito</strong></span> <span class='ocrx_word' id='word_1_356' title='bbox 3198 2352 3295 2398; x_wconf 89' lang='lat' dir='ltr'><strong>suo</strong></span> <span class='ocrx_word' id='word_1_357' title='bbox 3323 2356 3461 2410; x_wconf 84' lang='lat' dir='ltr'><strong>quo-</strong></span> 
     </span>
    </p>
   </div>
   <div class='ocr_carea' id='block_1_55' title="bbox 1867 2413 3460 2502">
    <p class='ocr_par' dir='ltr' id='par_1_55' title="bbox 1867 2413 3460 2502">
     <span class='ocr_line' id='line_1_56' title="bbox 1867 2413 3460 2502; baseline 0.012 -33"><span class='ocrx_word' id='word_1_358' title='bbox 1867 2413 2116 2472; x_wconf 89' lang='lat' dir='ltr'><strong>rumdam</strong></span> <span class='ocrx_word' id='word_1_359' title='bbox 2147 2433 2314 2474; x_wconf 88' lang='lat' dir='ltr'><strong>onera</strong></span> <span class='ocrx_word' id='word_1_360' title='bbox 2343 2419 2396 2475; x_wconf 90' lang='lat' dir='ltr'><strong>in</strong></span> <span class='ocrx_word' id='word_1_361' title='bbox 2429 2421 2564 2477; x_wconf 90' lang='lat' dir='ltr'><strong>alios</strong></span> <span class='ocrx_word' id='word_1_362' title='bbox 2593 2425 2960 2496; x_wconf 88' lang='lat' dir='ltr'><strong>projecerunt,</strong></span> <span class='ocrx_word' id='word_1_363' title='bbox 2993 2427 3169 2498; x_wconf 87' lang='lat' dir='ltr'><strong>legum</strong></span> <span class='ocrx_word' id='word_1_364' title='bbox 3197 2430 3460 2502; x_wconf 70' lang='lat' dir='ltr'><strong>severitas</strong></span> 
     </span>
    </p>
   </div>
   <div class='ocr_carea' id='block_1_56' title="bbox 1868 2504 3460 2590">
    <p class='ocr_par' dir='ltr' id='par_1_56' title="bbox 1868 2504 3460 2590">
     <span class='ocr_line' id='line_1_57' title="bbox 1868 2504 3460 2590; baseline 0.01 -32"><span class='ocrx_word' id='word_1_365' title='bbox 1868 2504 2212 2576; x_wconf 87' lang='lat' dir='ltr'><strong>insequatur;</strong></span> <span class='ocrx_word' id='word_1_366' title='bbox 2260 2517 2320 2564; x_wconf 90' lang='lat' dir='ltr'><strong>ut</strong></span> <span class='ocrx_word' id='word_1_367' title='bbox 2359 2513 2540 2568; x_wconf 91' lang='lat' dir='ltr'><strong>omnia</strong></span> <span class='ocrx_word' id='word_1_368' title='bbox 2571 2513 2675 2570; x_wconf 90' lang='lat' dir='ltr'><strong>illis</strong></span> <span class='ocrx_word' id='word_1_369' title='bbox 2702 2515 3027 2572; x_wconf 87' lang='lat' dir='ltr'><strong>detrimenta</strong></span> <span class='ocrx_word' id='word_1_370' title='bbox 3055 2518 3308 2584; x_wconf 89' lang='lat' dir='ltr'><strong>sarciant,</strong></span> <span class='ocrx_word' id='word_1_371' title='bbox 3341 2521 3460 2590; x_wconf 88' lang='lat' dir='ltr'><strong>qui-</strong></span> 
     </span>
    </p>
   </div>
   <div class='ocr_carea' id='block_1_57' title="bbox 1866 2595 3460 2684">
    <p class='ocr_par' dir='ltr' id='par_1_57' title="bbox 1866 2595 3460 2684">
     <span class='ocr_line' id='line_1_58' title="bbox 1866 2595 3460 2684; baseline 0.012 -34"><span class='ocrx_word' id='word_1_372' title='bbox 1866 2595 1968 2652; x_wconf 88' lang='lat' dir='ltr'><strong>bus</strong></span> <span class='ocrx_word' id='word_1_373' title='bbox 2016 2598 2448 2671; x_wconf 89' lang='lat' dir='ltr'><strong>incompetenter</strong></span> <span class='ocrx_word' id='word_1_374' title='bbox 2498 2604 2694 2660; x_wconf 86' lang='lat' dir='ltr'><strong>damna</strong></span> <span class='ocrx_word' id='word_1_375' title='bbox 2740 2607 3004 2666; x_wconf 90' lang='lat' dir='ltr'><strong>fecerunt.</strong></span> <span class='ocrx_word' id='word_1_376' title='bbox 3062 2609 3195 2666; x_wconf 86' lang='lat' dir='ltr'><strong>illud</strong></span> <span class='ocrx_word' id='word_1_377' title='bbox 3242 2627 3460 2684; x_wconf 88' lang='lat' dir='ltr'><strong>quoque</strong></span> 
     </span>
    </p>
   </div>
   <div class='ocr_carea' id='block_1_58' title="bbox 1868 2689 3459 2776">
    <p class='ocr_par' dir='ltr' id='par_1_58' title="bbox 1868 2689 3459 2776">
     <span class='ocr_line' id='line_1_59' title="bbox 1868 2689 3459 2776; baseline 0.011 -35"><span class='ocrx_word' id='word_1_378' title='bbox 1868 2689 2209 2760; x_wconf 83' lang='lat' dir='ltr'><strong>praecipimus</strong></span> <span class='ocrx_word' id='word_1_379' title='bbox 2238 2691 2641 2765; x_wconf 88' lang='lat' dir='ltr'><strong>inquirendum,</strong></span> <span class='ocrx_word' id='word_1_380' title='bbox 2671 2705 2730 2752; x_wconf 90' lang='lat' dir='ltr'><strong>ut</strong></span> <span class='ocrx_word' id='word_1_381' title='bbox 2752 2699 2892 2756; x_wconf 91' lang='lat' dir='ltr'><strong>inter</strong></span> <span class='ocrx_word' id='word_1_382' title='bbox 2919 2699 3250 2771; x_wconf 83' lang='lat' dir='ltr'><strong>defensores,</strong></span> <span class='ocrx_word' id='word_1_383' title='bbox 3281 2704 3459 2776; x_wconf 79' lang='lat' dir='ltr'><strong>curia-</strong></span> 
     </span>
    </p>
   </div>
   <div class='ocr_carea' id='block_1_59' title="bbox 1863 2777 3459 2862">
    <p class='ocr_par' dir='ltr' id='par_1_59' title="bbox 1863 2777 3459 2862">
     <span class='ocr_line' id='line_1_60' title="bbox 1863 2777 3459 2862; baseline 0.012 -31"><span class='ocrx_word' id='word_1_384' title='bbox 1863 2777 1946 2835; x_wconf 92' lang='lat' dir='ltr'><strong>les</strong></span> <span class='ocrx_word' id='word_1_385' title='bbox 1993 2787 2048 2834; x_wconf 92' lang='lat' dir='ltr'><strong>et</strong></span> <span class='ocrx_word' id='word_1_386' title='bbox 2095 2795 2436 2850; x_wconf 89' lang='lat' dir='ltr'><strong>possessores</strong></span> <span class='ocrx_word' id='word_1_387' title='bbox 2488 2785 2759 2843; x_wconf 85' lang='lat' dir='ltr'><strong>illatorum</strong></span> <span class='ocrx_word' id='word_1_388' title='bbox 2813 2791 2953 2846; x_wconf 90' lang='lat' dir='ltr'><strong>ratio</strong></span> <span class='ocrx_word' id='word_1_389' title='bbox 3017 2793 3343 2862; x_wconf 83' lang='lat' dir='ltr'><strong>vestigetur;</strong></span> <span class='ocrx_word' id='word_1_390' title='bbox 3401 2805 3459 2850; x_wconf 92' lang='lat' dir='ltr'><strong>et</strong></span> 
     </span>
    </p>
   </div>
   <div class='ocr_carea' id='block_1_60' title="bbox 1868 2869 3458 2960">
    <p class='ocr_par' dir='ltr' id='par_1_60' title="bbox 1868 2869 3458 2960">
     <span class='ocr_line' id='line_1_61' title="bbox 1868 2869 3458 2960; baseline 0.011 -37"><span class='ocrx_word' id='word_1_391' title='bbox 1868 2869 2125 2942; x_wconf 89' lang='lat' dir='ltr'><strong>quidquid</strong></span> <span class='ocrx_word' id='word_1_392' title='bbox 2153 2873 2221 2928; x_wconf 91' lang='lat' dir='ltr'><strong>ab</strong></span> <span class='ocrx_word' id='word_1_393' title='bbox 2250 2882 2442 2930; x_wconf 87' lang='lat' dir='ltr'><strong>octava</strong></span> <span class='ocrx_word' id='word_1_394' title='bbox 2473 2877 2765 2935; x_wconf 85' lang='lat' dir='ltr'><strong>indictione</strong></span> <span class='ocrx_word' id='word_1_395' title='bbox 2789 2881 2866 2954; x_wconf 83' lang='lat' dir='ltr'><strong>[id</strong></span> <span class='ocrx_word' id='word_1_396' title='bbox 2887 2891 2981 2947; x_wconf 84' lang='lat' dir='ltr'><strong>est,</strong></span> <span class='ocrx_word' id='word_1_397' title='bbox 3012 2899 3155 2939; x_wconf 89' lang='lat' dir='ltr'><strong>anno</strong></span> <span class='ocrx_word' id='word_1_398' title='bbox 3173 2883 3302 2940; x_wconf 86' lang='lat' dir='ltr'><strong>Chr.</strong></span> <span class='ocrx_word' id='word_1_399' title='bbox 3328 2885 3458 2960; x_wconf 81' lang='grc'><strong>515]</strong></span> 
     </span>
    </p>
   </div>
   <div class='ocr_carea' id='block_1_61' title="bbox 1868 2969 3458 3048">
    <p class='ocr_par' dir='ltr' id='par_1_61' title="bbox 1868 2969 3458 3048">
     <span class='ocr_line' id='line_1_62' title="bbox 1868 2969 3458 3048; baseline 0.013 -34"><span class='ocrx_word' id='word_1_400' title='bbox 1868 2977 2038 3032; x_wconf 87' lang='lat' dir='ltr'><strong>nuper</strong></span> <span class='ocrx_word' id='word_1_401' title='bbox 2070 2974 2319 3035; x_wconf 84' lang='lat' dir='ltr'><strong>exempta</strong></span> <span class='ocrx_word' id='word_1_402' title='bbox 2342 2981 2505 3038; x_wconf 87' lang='lat' dir='ltr'><strong>super</strong></span> <span class='ocrx_word' id='word_1_403' title='bbox 2532 2969 2870 3026; x_wconf 90' lang='lat' dir='ltr'><strong>tributarium</strong></span> <span class='ocrx_word' id='word_1_404' title='bbox 2899 2973 3130 3032; x_wconf 87' lang='lat' dir='ltr'><strong>solidum</strong></span> <span class='ocrx_word' id='word_1_405' title='bbox 3154 2990 3212 3032; x_wconf 91' lang='lat' dir='ltr'><strong>se</strong></span> <span class='ocrx_word' id='word_1_406' title='bbox 3243 2993 3458 3048; x_wconf 84' lang='lat' dir='ltr'><strong>posses-</strong></span> 
     </span>
    </p>
   </div>
   <div class='ocr_carea' id='block_1_62' title="bbox 1867 3055 3458 3128">
    <p class='ocr_par' dir='ltr' id='par_1_62' title="bbox 1867 3055 3458 3128">
     <span class='ocr_line' id='line_1_63' title="bbox 1867 3055 3458 3128; baseline 0.011 -21"><span class='ocrx_word' id='word_1_407' title='bbox 1867 3068 1959 3108; x_wconf 93' lang='lat' dir='ltr'><strong>sor</strong></span> <span class='ocrx_word' id='word_1_408' title='bbox 2003 3055 2316 3124; x_wconf 77' lang='lat' dir='ltr'><strong>probaverit</strong></span> <span class='ocrx_word' id='word_1_409' title='bbox 2361 3058 2622 3128; x_wconf 86' lang='lat' dir='ltr'><strong>intulisse,</strong></span> <span class='ocrx_word' id='word_1_410' title='bbox 2675 3078 2778 3118; x_wconf 91' lang='lat' dir='ltr'><strong>nec</strong></span> <span class='ocrx_word' id='word_1_411' title='bbox 2817 3073 3004 3122; x_wconf 88' lang='lat' dir='ltr'><strong>nostro</strong></span> <span class='ocrx_word' id='word_1_412' title='bbox 3032 3067 3222 3122; x_wconf 62' lang='lat' dir='ltr'><strong>aerario</strong></span> <span class='ocrx_word' id='word_1_413' title='bbox 3245 3077 3458 3125; x_wconf 86' lang='lat' dir='ltr'><strong>constat</strong></span> 
     </span>
    </p>
   </div>
   <div class='ocr_carea' id='block_1_63' title="bbox 161 3145 3458 3257">
    <p class='ocr_par' dir='ltr' id='par_1_63' title="bbox 161 3145 3458 3257">
     <span class='ocr_line' id='line_1_64' title="bbox 161 3145 3458 3257; baseline 0.012 -36"><span class='ocrx_word' id='word_1_414' title='bbox 161 3166 230 3224; x_wconf 91' lang='lat' dir='ltr'><strong>lbi</strong></span> <span class='ocrx_word' id='word_1_415' title='bbox 261 3145 416 3226; x_wconf 80' lang='lat' dir='ltr'><strong>enim</strong></span> <span class='ocrx_word' id='word_1_416' title='bbox 445 3145 702 3243; x_wconf 79' lang='lat' dir='ltr'><strong>quidquid</strong></span> <span class='ocrx_word' id='word_1_417' title='bbox 739 3177 965 3246; x_wconf 83' lang='lat' dir='ltr'><strong>geritur,</strong></span> <span class='ocrx_word' id='word_1_418' title='bbox 999 3145 1212 3237; x_wconf 74' lang='lat' dir='ltr'><strong>invidia:</strong></span> <span class='ocrx_word' id='word_1_419' title='bbox 1378 3145 1760 3257; x_wconf 68' lang='lat' dir='ltr'><strong>potius</strong></span> <span class='ocrx_word' id='word_1_420' title='bbox 1785 3155 1831 3217; x_wconf 66' lang='grc' dir='ltr'>Ο</span> <span class='ocrx_word' id='word_1_421' title='bbox 1865 3145 2094 3257; x_wconf 40' lang='grc' dir='ltr'><strong>Ξηθξυηδ</strong></span> <span class='ocrx_word' id='word_1_422' title='bbox 2119 3150 2568 3257; x_wconf 31' lang='grc' dir='ltr'><strong>θυίίηέιρθῗείδ</strong></span> <span class='ocrx_word' id='word_1_423' title='bbox 2589 3157 2926 3257; x_wconf 41' lang='lat' dir='ltr'><strong>“eceﬁi&#39;iis&#39;</strong></span> <span class='ocrx_word' id='word_1_424' title='bbox 2958 3175 3076 3257; x_wconf 52' lang='lat' dir='ltr'><strong>quae</strong></span> <span class='ocrx_word' id='word_1_425' title='bbox 3105 3161 3157 3215; x_wconf 69' lang='lat' dir='ltr'><strong>in</strong></span> <span class='ocrx_word' id='word_1_426' title='bbox 3180 3163 3458 3257; x_wconf 45' lang='grc' dir='ltr'><strong>μονίΨῇ</strong></span> 
     </span>
    </p>
   </div>
   <div class='ocr_carea' id='block_1_64' title="bbox 163 3263 1760 3347">
    <p class='ocr_par' dir='ltr' id='par_1_64' title="bbox 163 3263 1760 3347">
     <span class='ocr_line' id='line_1_65' title="bbox 163 3263 1760 3347; baseline 0.014 -34"><span class='ocrx_word' id='word_1_427' title='bbox 163 3269 342 3327; x_wconf 89' lang='lat' dir='ltr'><strong>catur;</strong></span> <span class='ocrx_word' id='word_1_428' title='bbox 388 3271 445 3316; x_wconf 92' lang='lat' dir='ltr'><strong>et</strong></span> <span class='ocrx_word' id='word_1_429' title='bbox 489 3263 696 3334; x_wconf 88' lang='lat' dir='ltr'><strong>majora</strong></span> <span class='ocrx_word' id='word_1_430' title='bbox 745 3267 1068 3326; x_wconf 89' lang='lat' dir='ltr'><strong>detrimenta</strong></span> <span class='ocrx_word' id='word_1_431' title='bbox 1112 3271 1270 3330; x_wconf 72' lang='lat' dir='ltr'><strong>fama:</strong></span> <span class='ocrx_word' id='word_1_432' title='bbox 1313 3277 1574 3347; x_wconf 86' lang='lat' dir='ltr'><strong>suscipis,</strong></span> <span class='ocrx_word' id='word_1_433' title='bbox 1630 3277 1760 3336; x_wconf 88' lang='lat' dir='ltr'><strong>dum</strong></span> 
     </span>
    </p>
   </div>
   <div class='ocr_carea' id='block_1_65' title="bbox 166 3352 1762 3440">
    <p class='ocr_par' dir='ltr' id='par_1_65' title="bbox 166 3352 1762 3440">
     <span class='ocr_line' id='line_1_66' title="bbox 166 3352 1762 3440; baseline 0.016 -36"><span class='ocrx_word' id='word_1_434' title='bbox 166 3352 286 3408; x_wconf 88' lang='lat' dir='ltr'><strong>talia</strong></span> <span class='ocrx_word' id='word_1_435' title='bbox 315 3369 430 3410; x_wconf 90' lang='lat' dir='ltr'><strong>non</strong></span> <span class='ocrx_word' id='word_1_436' title='bbox 459 3357 632 3414; x_wconf 88' lang='lat' dir='ltr'><strong>vitare</strong></span> <span class='ocrx_word' id='word_1_437' title='bbox 653 3362 938 3418; x_wconf 89' lang='lat' dir='ltr'><strong>contendis</strong></span> <span class='ocrx_word' id='word_1_438' title='bbox 964 3382 977 3418; x_wconf 90' lang='lat'><strong>:</strong></span> <span class='ocrx_word' id='word_1_439' title='bbox 1003 3365 1092 3421; x_wconf 86' lang='lat' dir='ltr'><strong>hic</strong></span> <span class='ocrx_word' id='word_1_440' title='bbox 1112 3376 1295 3424; x_wconf 91' lang='lat' dir='ltr'><strong>autem</strong></span> <span class='ocrx_word' id='word_1_441' title='bbox 1318 3369 1614 3440; x_wconf 84' lang='lat' dir='ltr'><strong>confligunt</strong></span> <span class='ocrx_word' id='word_1_442' title='bbox 1630 3387 1762 3430; x_wconf 87' lang='lat' dir='ltr'><strong>cau-</strong></span> 
     </span>
    </p>
   </div>
   <div class='ocr_carea' id='block_1_66' title="bbox 165 3445 1758 3533">
    <p class='ocr_par' dir='ltr' id='par_1_66' title="bbox 165 3445 1758 3533">
     <span class='ocr_line' id='line_1_67' title="bbox 165 3445 1758 3533; baseline 0.015 -32"><span class='ocrx_word' id='word_1_443' title='bbox 165 3457 231 3502; x_wconf 73' lang='lat' dir='ltr'><strong>sa:</strong></span> <span class='ocrx_word' id='word_1_444' title='bbox 251 3445 468 3515; x_wconf 89' lang='lat' dir='ltr'><strong>juribus</strong></span> <span class='ocrx_word' id='word_1_445' title='bbox 496 3450 629 3518; x_wconf 92' lang='lat' dir='ltr'><strong>suis,</strong></span> <span class='ocrx_word' id='word_1_446' title='bbox 661 3461 719 3509; x_wconf 88' lang='lat' dir='ltr'><strong>et</strong></span> <span class='ocrx_word' id='word_1_447' title='bbox 745 3455 862 3512; x_wconf 89' lang='lat' dir='ltr'><strong>sine</strong></span> <span class='ocrx_word' id='word_1_448' title='bbox 906 3457 1260 3529; x_wconf 85' lang='lat' dir='ltr'><strong>derogatione</strong></span> <span class='ocrx_word' id='word_1_449' title='bbox 1293 3465 1521 3533; x_wconf 87' lang='lat' dir='ltr'><strong>quilibet</strong></span> <span class='ocrx_word' id='word_1_450' title='bbox 1547 3466 1758 3524; x_wconf 88' lang='lat' dir='ltr'><strong>medio-</strong></span> 
     </span>
    </p>
   </div>
   <div class='ocr_carea' id='block_1_67' title="bbox 166 3536 1569 3624">
    <p class='ocr_par' dir='ltr' id='par_1_67' title="bbox 166 3536 1569 3624">
     <span class='ocr_line' id='line_1_68' title="bbox 166 3536 1569 3624; baseline 0.015 -34"><span class='ocrx_word' id='word_1_451' title='bbox 166 3536 265 3592; x_wconf 87' lang='lat' dir='ltr'><strong>cris</strong></span> <span class='ocrx_word' id='word_1_452' title='bbox 291 3539 586 3612; x_wconf 85' lang='lat' dir='ltr'><strong>addicitur,</strong></span> <span class='ocrx_word' id='word_1_453' title='bbox 613 3545 831 3613; x_wconf 86' lang='lat' dir='ltr'><strong>quando</strong></span> <span class='ocrx_word' id='word_1_454' title='bbox 855 3546 1065 3616; x_wconf 86' lang='lat' dir='ltr'><strong>justitia</strong></span> <span class='ocrx_word' id='word_1_455' title='bbox 1097 3557 1234 3607; x_wconf 90' lang='lat' dir='ltr'><strong>teste</strong></span> <span class='ocrx_word' id='word_1_456' title='bbox 1261 3561 1569 3624; x_wconf 86' lang='lat' dir='ltr'><strong>superatur.</strong></span> 
     </span>
    </p>
   </div>
   <div class='ocr_carea' id='block_1_68' title="bbox 639 3657 1290 3727">
    <p class='ocr_par' dir='ltr' id='par_1_68' title="bbox 639 3657 1290 3727">
     <span class='ocr_line' id='line_1_69' title="bbox 639 3657 1290 3727; baseline 0.012 -17"><span class='ocrx_word' id='word_1_457' title='bbox 639 3658 747 3727; x_wconf 77' lang='lat'><strong>33</strong></span> <span class='ocrx_word' id='word_1_458' title='bbox 779 3657 1114 3715; x_wconf 76' lang='lat' dir='ltr'><strong>EPISTULA</strong></span> <span class='ocrx_word' id='word_1_459' title='bbox 1151 3661 1290 3719; x_wconf 82' lang='lat' dir='ltr'><strong>xm.</strong></span> 
     </span>
    </p>
   </div>
   <div class='ocr_carea' id='block_1_69' title="bbox 357 3761 1547 3814">
    <p class='ocr_par' dir='ltr' id='par_1_69' title="bbox 357 3761 1547 3814">
     <span class='ocr_line' id='line_1_70' title="bbox 357 3761 1547 3814; baseline 0.011 -13"><span class='ocrx_word' id='word_1_460' title='bbox 357 3761 625 3804; x_wconf 77' lang='lat' dir='ltr'><strong>EUTROPIO</strong></span> <span class='ocrx_word' id='word_1_461' title='bbox 653 3765 720 3804; x_wconf 82' lang='grc' dir='ltr'>ΕΤ</span> <span class='ocrx_word' id='word_1_462' title='bbox 747 3765 979 3808; x_wconf 77' lang='lat' dir='ltr'><strong>ACRETIO</strong></span> <span class='ocrx_word' id='word_1_463' title='bbox 1013 3770 1379 3812; x_wconf 78' lang='lat' dir='ltr'><strong>THEODORICUS</strong></span> <span class='ocrx_word' id='word_1_464' title='bbox 1419 3773 1547 3814; x_wconf 73' lang='lat' dir='ltr'><strong>REX.</strong></span> 
     </span>
    </p>
   </div>
   <div class='ocr_carea' id='block_1_70' title="bbox 168 3831 1759 3920">
    <p class='ocr_par' dir='ltr' id='par_1_70' title="bbox 168 3831 1759 3920">
     <span class='ocr_line' id='line_1_71' title="bbox 168 3831 1759 3920; baseline 0.013 -33"><span class='ocrx_word' id='word_1_465' title='bbox 168 3831 334 3890; x_wconf 82' lang='lat' dir='ltr'><strong>Monet</strong></span> <span class='ocrx_word' id='word_1_466' title='bbox 361 3848 424 3892; x_wconf 82' lang='lat' dir='ltr'><strong>ut</strong></span> <span class='ocrx_word' id='word_1_467' title='bbox 468 3857 708 3920; x_wconf 62' lang='lat' dir='ltr'><strong>annonas</strong></span> <span class='ocrx_word' id='word_1_468' title='bbox 746 3845 1050 3920; x_wconf 70' lang='lat' dir='ltr'><strong>constitutas</strong></span> <span class='ocrx_word' id='word_1_469' title='bbox 1089 3848 1339 3902; x_wconf 71' lang='lat' dir='ltr'><strong>exercitui</strong></span> <span class='ocrx_word' id='word_1_470' title='bbox 1379 3849 1662 3920; x_wconf 63' lang='lat' dir='ltr'><strong>praebeant,</strong></span> <span class='ocrx_word' id='word_1_471' title='bbox 1693 3869 1759 3908; x_wconf 88' lang='lat' dir='ltr'><strong>ne</strong></span> 
     </span>
    </p>
   </div>
   <div class='ocr_carea' id='block_1_71' title="bbox 429 3912 1482 3988">
    <p class='ocr_par' dir='ltr' id='par_1_71' title="bbox 429 3912 1482 3988">
     <span class='ocr_line' id='line_1_72' title="bbox 429 3912 1482 3988; baseline 0.012 -24"><span class='ocrx_word' id='word_1_472' title='bbox 429 3912 542 3980; x_wconf 83' lang='lat' dir='ltr'><strong>ejus</strong></span> <span class='ocrx_word' id='word_1_473' title='bbox 571 3914 850 3981; x_wconf 83' lang='lat' dir='ltr'><strong>direptioni</strong></span> <span class='ocrx_word' id='word_1_474' title='bbox 877 3926 1094 3985; x_wconf 76' lang='lat' dir='ltr'><strong>pateant</strong></span> <span class='ocrx_word' id='word_1_475' title='bbox 1117 3912 1482 3988; x_wconf 37' lang='lat' dir='ltr'><strong>provincia-les.</strong></span> 
     </span>
    </p>
   </div>
   <div class='ocr_carea' id='block_1_72' title="bbox 228 3998 1757 4077">
    <p class='ocr_par' dir='ltr' id='par_1_72' title="bbox 228 3998 1757 4077">
     <span class='ocr_line' id='line_1_73' title="bbox 228 3998 1757 4077; baseline 0.012 -24"><span class='ocrx_word' id='word_1_476' title='bbox 228 3998 479 4058; x_wconf 90' lang='lat' dir='ltr'><strong>Studium</strong></span> <span class='ocrx_word' id='word_1_477' title='bbox 509 4011 746 4060; x_wconf 89' lang='lat' dir='ltr'><strong>vestrum</strong></span> <span class='ocrx_word' id='word_1_478' title='bbox 774 4007 983 4076; x_wconf 89' lang='lat' dir='ltr'><strong>reipub.</strong></span> <span class='ocrx_word' id='word_1_479' title='bbox 1017 4021 1170 4077; x_wconf 87' lang='lat' dir='ltr'><strong>grata</strong></span> <span class='ocrx_word' id='word_1_480' title='bbox 1205 4021 1390 4068; x_wconf 85' lang='lat' dir='ltr'><strong>mente</strong></span> <span class='ocrx_word' id='word_1_481' title='bbox 1419 4013 1628 4072; x_wconf 87' lang='lat' dir='ltr'><strong>debetis</strong></span> <span class='ocrx_word' id='word_1_482' title='bbox 1657 4016 1757 4072; x_wconf 91' lang='lat' dir='ltr'><strong>im-</strong></span> 
     </span>
    </p>
   </div>
   <div class='ocr_carea' id='block_1_73' title="bbox 168 4095 1758 4179">
    <p class='ocr_par' dir='ltr' id='par_1_73' title="bbox 168 4095 1758 4179">
     <span class='ocr_line' id='line_1_74' title="bbox 168 4095 1758 4179; baseline 0.011 -33"><span class='ocrx_word' id='word_1_483' title='bbox 168 4095 418 4164; x_wconf 88' lang='lat' dir='ltr'><strong>pendere,</strong></span> <span class='ocrx_word' id='word_1_484' title='bbox 441 4097 565 4166; x_wconf 90' lang='lat' dir='ltr'><strong>quia</strong></span> <span class='ocrx_word' id='word_1_485' title='bbox 590 4113 688 4155; x_wconf 89' lang='lat' dir='ltr'><strong>nos</strong></span> <span class='ocrx_word' id='word_1_486' title='bbox 709 4101 1006 4170; x_wconf 83' lang='lat' dir='ltr'><strong>agnovistis</strong></span> <span class='ocrx_word' id='word_1_487' title='bbox 1035 4102 1386 4161; x_wconf 84' lang='lat' dir='ltr'><strong>benemeritis</strong></span> <span class='ocrx_word' id='word_1_488' title='bbox 1416 4108 1585 4163; x_wconf 90' lang='lat' dir='ltr'><strong>multa</strong></span> <span class='ocrx_word' id='word_1_489' title='bbox 1618 4125 1758 4179; x_wconf 69' lang='lat' dir='ltr'><strong>prac-</strong></span> 
     </span>
    </p>
   </div>
   <div class='ocr_carea' id='block_1_74' title="bbox 168 4189 1752 4270">
    <p class='ocr_par' dir='ltr' id='par_1_74' title="bbox 168 4189 1752 4270">
     <span class='ocr_line' id='line_1_75' title="bbox 168 4189 1752 4270; baseline 0.013 -32"><span class='ocrx_word' id='word_1_490' title='bbox 168 4191 314 4242; x_wconf 89' lang='lat' dir='ltr'><strong>stare.</strong></span> <span class='ocrx_word' id='word_1_491' title='bbox 344 4189 486 4244; x_wconf 84' lang='lat' dir='ltr'><strong>Nam</strong></span> <span class='ocrx_word' id='word_1_492' title='bbox 513 4191 728 4261; x_wconf 82' lang='lat' dir='ltr'><strong>pietatis</strong></span> <span class='ocrx_word' id='word_1_493' title='bbox 750 4193 946 4250; x_wconf 88' lang='lat' dir='ltr'><strong>intuitu</strong></span> <span class='ocrx_word' id='word_1_494' title='bbox 961 4195 1389 4256; x_wconf 87' lang='lat' dir='ltr'><strong>vicissitudinem</strong></span> <span class='ocrx_word' id='word_1_495' title='bbox 1415 4201 1752 4270; x_wconf 80' lang='lat' dir='ltr'><strong>pollicentur,</strong></span> 
     </span>
    </p>
   </div>
   <div class='ocr_carea' id='block_1_75' title="bbox 169 4287 1756 4364">
    <p class='ocr_par' dir='ltr' id='par_1_75' title="bbox 169 4287 1756 4364">
     <span class='ocr_line' id='line_1_76' title="bbox 169 4287 1756 4364; baseline 0.013 -32"><span class='ocrx_word' id='word_1_496' title='bbox 169 4291 274 4334; x_wconf 89' lang='lat' dir='ltr'><strong>cum</strong></span> <span class='ocrx_word' id='word_1_497' title='bbox 303 4289 492 4340; x_wconf 87' lang='lat' dir='ltr'><strong>tamen</strong></span> <span class='ocrx_word' id='word_1_498' title='bbox 531 4300 631 4354; x_wconf 90' lang='lat' dir='ltr'><strong>pro</strong></span> <span class='ocrx_word' id='word_1_499' title='bbox 671 4287 825 4342; x_wconf 87' lang='lat' dir='ltr'><strong>vobis</strong></span> <span class='ocrx_word' id='word_1_500' title='bbox 855 4289 1036 4344; x_wconf 89' lang='lat' dir='ltr'><strong>omnia</strong></span> <span class='ocrx_word' id='word_1_501' title='bbox 1060 4288 1369 4359; x_wconf 87' lang='lat' dir='ltr'><strong>jubeamns.</strong></span> <span class='ocrx_word' id='word_1_502' title='bbox 1416 4295 1593 4364; x_wconf 83' lang='lat' dir='ltr'><strong>Atque</strong></span> <span class='ocrx_word' id='word_1_503' title='bbox 1631 4295 1756 4352; x_wconf 88' lang='lat' dir='ltr'><strong>ideo</strong></span> 
     </span>
    </p>
   </div>
   <div class='ocr_carea' id='block_1_76' title="bbox 171 4375 1756 4452">
    <p class='ocr_par' dir='ltr' id='par_1_76' title="bbox 171 4375 1756 4452">
     <span class='ocr_line' id='line_1_77' title="bbox 171 4375 1756 4452; baseline 0.012 -27"><span class='ocrx_word' id='word_1_504' title='bbox 171 4376 410 4434; x_wconf 69' lang='lat' dir='ltr'><strong>prmsenti</strong></span> <span class='ocrx_word' id='word_1_505' title='bbox 434 4375 676 4444; x_wconf 85' lang='lat' dir='ltr'><strong>jussione</strong></span> <span class='ocrx_word' id='word_1_506' title='bbox 707 4393 804 4434; x_wconf 90' lang='lat' dir='ltr'><strong>vos</strong></span> <span class='ocrx_word' id='word_1_507' title='bbox 840 4380 1114 4437; x_wconf 87' lang='lat' dir='ltr'><strong>credimus</strong></span> <span class='ocrx_word' id='word_1_508' title='bbox 1151 4383 1539 4452; x_wconf 87' lang='lat' dir='ltr'><strong>admonendos,</strong></span> <span class='ocrx_word' id='word_1_509' title='bbox 1569 4397 1630 4442; x_wconf 88' lang='lat' dir='ltr'><strong>ut</strong></span> <span class='ocrx_word' id='word_1_510' title='bbox 1654 4403 1756 4444; x_wconf 91' lang='lat' dir='ltr'><strong>an-</strong></span> 
     </span>
    </p>
   </div>
   <div class='ocr_carea' id='block_1_77' title="bbox 171 4469 1756 4547">
    <p class='ocr_par' dir='ltr' id='par_1_77' title="bbox 171 4469 1756 4547">
     <span class='ocr_line' id='line_1_78' title="bbox 171 4469 1756 4547; baseline 0.015 -35"><span class='ocrx_word' id='word_1_511' title='bbox 171 4475 323 4522; x_wconf 89' lang='lat' dir='ltr'><strong>nonas</strong></span> <span class='ocrx_word' id='word_1_512' title='bbox 347 4469 675 4525; x_wconf 89' lang='lat' dir='ltr'><strong>constitutas</strong></span> <span class='ocrx_word' id='word_1_513' title='bbox 701 4471 962 4526; x_wconf 86' lang='lat' dir='ltr'><strong>exercitui</strong></span> <span class='ocrx_word' id='word_1_514' title='bbox 992 4474 1235 4542; x_wconf 61' lang='lat' dir='ltr'><strong>praebere</strong></span> <span class='ocrx_word' id='word_1_515' title='bbox 1267 4475 1537 4544; x_wconf 91' lang='lat' dir='ltr'><strong>debeatis;</strong></span> <span class='ocrx_word' id='word_1_516' title='bbox 1564 4487 1756 4547; x_wconf 88' lang='lat' dir='ltr'><strong>quate-</strong></span> 
     </span>
    </p>
   </div>
   <div class='ocr_carea' id='block_1_78' title="bbox 172 4561 1754 4640">
    <p class='ocr_par' dir='ltr' id='par_1_78' title="bbox 172 4561 1754 4640">
     <span class='ocr_line' id='line_1_79' title="bbox 172 4561 1754 4640; baseline 0.015 -35"><span class='ocrx_word' id='word_1_517' title='bbox 172 4568 259 4611; x_wconf 87' lang='lat' dir='ltr'><strong>nus</strong></span> <span class='ocrx_word' id='word_1_518' title='bbox 284 4577 381 4616; x_wconf 89' lang='lat' dir='ltr'><strong>nec</strong></span> <span class='ocrx_word' id='word_1_519' title='bbox 418 4561 489 4615; x_wconf 90' lang='lat' dir='ltr'><strong>illi</strong></span> <span class='ocrx_word' id='word_1_520' title='bbox 521 4562 856 4632; x_wconf 87' lang='lat' dir='ltr'><strong>negligantur</strong></span> <span class='ocrx_word' id='word_1_521' title='bbox 885 4564 1112 4621; x_wconf 87' lang='lat' dir='ltr'><strong>adverso</strong></span> <span class='ocrx_word' id='word_1_522' title='bbox 1141 4575 1292 4636; x_wconf 92' lang='lat' dir='ltr'><strong>voto,</strong></span> <span class='ocrx_word' id='word_1_523' title='bbox 1315 4584 1417 4625; x_wconf 91' lang='lat' dir='ltr'><strong>nec</strong></span> <span class='ocrx_word' id='word_1_524' title='bbox 1443 4572 1754 4640; x_wconf 88' lang='lat' dir='ltr'><strong>provincia-</strong></span> 
     </span>
    </p>
   </div>
   <div class='ocr_carea' id='block_1_79' title="bbox 172 4647 1753 4736">
    <p class='ocr_par' dir='ltr' id='par_1_79' title="bbox 172 4647 1753 4736">
     <span class='ocr_line' id='line_1_80' title="bbox 172 4647 1753 4736; baseline 0.015 -35"><span class='ocrx_word' id='word_1_525' title='bbox 172 4647 240 4704; x_wconf 88' lang='lat' dir='ltr'><strong>les</strong></span> <span class='ocrx_word' id='word_1_526' title='bbox 262 4655 565 4722; x_wconf 81' lang='lat' dir='ltr'><strong>perniciosa</strong></span> <span class='ocrx_word' id='word_1_527' title='bbox 607 4657 804 4714; x_wconf 88' lang='lat' dir='ltr'><strong>debeat</strong></span> <span class='ocrx_word' id='word_1_528' title='bbox 837 4673 1064 4728; x_wconf 87' lang='lat' dir='ltr'><strong>gravare</strong></span> <span class='ocrx_word' id='word_1_529' title='bbox 1105 4661 1360 4736; x_wconf 81' lang='lat' dir='ltr'><strong>direptio.</strong></span> <span class='ocrx_word' id='word_1_530' title='bbox 1403 4664 1753 4726; x_wconf 70' lang='lat' dir='ltr'><strong>Commodius</strong></span> 
     </span>
    </p>
   </div>
   <div class='ocr_carea' id='block_1_80' title="bbox 173 4742 1754 4830">
    <p class='ocr_par' dir='ltr' id='par_1_80' title="bbox 173 4742 1754 4830">
     <span class='ocr_line' id='line_1_81' title="bbox 173 4742 1754 4830; baseline 0.015 -37"><span class='ocrx_word' id='word_1_531' title='bbox 173 4742 297 4798; x_wconf 86' lang='lat' dir='ltr'><strong>enim</strong></span> <span class='ocrx_word' id='word_1_532' title='bbox 323 4749 429 4802; x_wconf 91' lang='lat' dir='ltr'><strong>sub</strong></span> <span class='ocrx_word' id='word_1_533' title='bbox 458 4763 815 4820; x_wconf 65' lang='lat' dir='ltr'><strong>eXpensarum</strong></span> <span class='ocrx_word' id='word_1_534' title='bbox 857 4752 976 4822; x_wconf 91' lang='lat' dir='ltr'><strong>lege</strong></span> <span class='ocrx_word' id='word_1_535' title='bbox 1007 4761 1223 4809; x_wconf 88' lang='lat' dir='ltr'><strong>tenetur</strong></span> <span class='ocrx_word' id='word_1_536' title='bbox 1261 4757 1549 4826; x_wconf 81' lang='lat' dir='ltr'><strong>exercitus,</strong></span> <span class='ocrx_word' id='word_1_537' title='bbox 1589 4774 1754 4830; x_wconf 74' lang='lat' dir='ltr'><strong>quam</strong></span> 
     </span>
    </p>
   </div>
   <div class='ocr_carea' id='block_1_81' title="bbox 174 4831 1752 4919">
    <p class='ocr_par' dir='ltr' id='par_1_81' title="bbox 174 4831 1752 4919">
     <span class='ocr_line' id='line_1_82' title="bbox 174 4831 1752 4919; baseline 0.013 -29"><span class='ocrx_word' id='word_1_538' title='bbox 174 4831 211 4884; x_wconf 78' lang='lat' dir='ltr'><strong>Si</strong></span> <span class='ocrx_word' id='word_1_539' title='bbox 251 4847 442 4896; x_wconf 85' lang='lat' dir='ltr'><strong>cuncta</strong></span> <span class='ocrx_word' id='word_1_540' title='bbox 480 4841 641 4900; x_wconf 90' lang='lat' dir='ltr'><strong>fuerit</strong></span> <span class='ocrx_word' id='word_1_541' title='bbox 681 4852 894 4901; x_wconf 88' lang='lat' dir='ltr'><strong>vastare</strong></span> <span class='ocrx_word' id='word_1_542' title='bbox 922 4846 1235 4918; x_wconf 90' lang='lat' dir='ltr'><strong>permissus.</strong></span> <span class='ocrx_word' id='word_1_543' title='bbox 1286 4847 1505 4919; x_wconf 86' lang='lat' dir='ltr'><strong>Ignorat</strong></span> <span class='ocrx_word' id='word_1_544' title='bbox 1531 4853 1752 4910; x_wconf 73' lang='lat' dir='ltr'><strong>modun</strong></span> 
     </span>
    </p>
   </div>
   <div class='ocr_carea' id='block_1_82' title="bbox 176 4937 1753 5016">
    <p class='ocr_par' dir='ltr' id='par_1_82' title="bbox 176 4937 1753 5016">
     <span class='ocr_line' id='line_1_83' title="bbox 176 4937 1753 5016; baseline 0.015 -38"><span class='ocrx_word' id='word_1_545' title='bbox 176 4939 370 4990; x_wconf 84' lang='lat' dir='ltr'><strong>servare</strong></span> <span class='ocrx_word' id='word_1_546' title='bbox 405 4937 774 5008; x_wconf 62' lang='lat' dir='ltr'><strong>praesumptio,</strong></span> <span class='ocrx_word' id='word_1_547' title='bbox 807 4954 907 4996; x_wconf 89' lang='lat' dir='ltr'><strong>nec</strong></span> <span class='ocrx_word' id='word_1_548' title='bbox 929 4946 1111 5010; x_wconf 67' lang='lat' dir='ltr'><strong>potest</strong></span> <span class='ocrx_word' id='word_1_549' title='bbox 1141 4942 1240 4996; x_wconf 91' lang='lat' dir='ltr'><strong>sub</strong></span> <span class='ocrx_word' id='word_1_550' title='bbox 1270 4941 1432 4999; x_wconf 91' lang='lat' dir='ltr'><strong>modo</strong></span> <span class='ocrx_word' id='word_1_551' title='bbox 1453 4944 1642 5016; x_wconf 86' lang='lat' dir='ltr'><strong>redigi,</strong></span> <span class='ocrx_word' id='word_1_552' title='bbox 1665 4947 1753 5002; x_wconf 91' lang='lat' dir='ltr'><strong>cui</strong></span> 
     </span>
    </p>
   </div>
   <div class='ocr_carea' id='block_1_83' title="bbox 178 5017 1756 5110">
    <p class='ocr_par' dir='ltr' id='par_1_83' title="bbox 178 5017 1756 5110">
     <span class='ocr_line' id='line_1_84' title="bbox 178 5017 1756 5110; baseline 0.017 -40"><span class='ocrx_word' id='word_1_553' title='bbox 178 5017 366 5083; x_wconf 89' lang='lat' dir='ltr'><strong>licentia</strong></span> <span class='ocrx_word' id='word_1_554' title='bbox 400 5029 561 5086; x_wconf 90' lang='lat' dir='ltr'><strong>fuerit</strong></span> <span class='ocrx_word' id='word_1_555' title='bbox 589 5031 701 5088; x_wconf 87' lang='lat' dir='ltr'><strong>visa</strong></span> <span class='ocrx_word' id='word_1_556' title='bbox 731 5034 975 5090; x_wconf 90' lang='lat' dir='ltr'><strong>concedi.</strong></span> <span class='ocrx_word' id='word_1_557' title='bbox 1006 5034 1354 5106; x_wconf 87' lang='lat' dir='ltr'><strong>Quapropter</strong></span> <span class='ocrx_word' id='word_1_558' title='bbox 1387 5049 1756 5110; x_wconf 86' lang='lat' dir='ltr'><strong>consequatur</strong></span> 
     </span>
    </p>
   </div>
   <div class='ocr_carea' id='block_1_84' title="bbox 179 5119 1758 5200">
    <p class='ocr_par' dir='ltr' id='par_1_84' title="bbox 179 5119 1758 5200">
     <span class='ocr_line' id='line_1_85' title="bbox 179 5119 1758 5200; baseline 0.016 -39"><span class='ocrx_word' id='word_1_559' title='bbox 179 5119 428 5176; x_wconf 83' lang='lat' dir='ltr'><strong>exercitus</strong></span> <span class='ocrx_word' id='word_1_560' title='bbox 472 5121 782 5178; x_wconf 90' lang='lat' dir='ltr'><strong>alimoniam</strong></span> <span class='ocrx_word' id='word_1_561' title='bbox 828 5123 1162 5195; x_wconf 87' lang='lat' dir='ltr'><strong>deputatam,</strong></span> <span class='ocrx_word' id='word_1_562' title='bbox 1213 5141 1282 5182; x_wconf 90' lang='lat' dir='ltr'><strong>ne</strong></span> <span class='ocrx_word' id='word_1_563' title='bbox 1308 5143 1413 5200; x_wconf 90' lang='lat' dir='ltr'><strong>qua</strong></span> <span class='ocrx_word' id='word_1_564' title='bbox 1451 5145 1578 5200; x_wconf 87' lang='lat' dir='ltr'><strong>pars</strong></span> <span class='ocrx_word' id='word_1_565' title='bbox 1621 5145 1758 5200; x_wconf 75' lang='lat' dir='ltr'><strong>pra:-</strong></span> 
     </span>
    </p>
   </div>
   <div class='ocr_carea' id='block_1_85' title="bbox 178 5199 1754 5296">
    <p class='ocr_par' dir='ltr' id='par_1_85' title="bbox 178 5199 1754 5296">
     <span class='ocr_line' id='line_1_86' title="bbox 178 5199 1754 5296; baseline 0.013 -37"><span class='ocrx_word' id='word_1_566' title='bbox 178 5199 353 5266; x_wconf 75' lang='lat' dir='ltr'><strong>tlictain</strong></span> <span class='ocrx_word' id='word_1_567' title='bbox 383 5214 559 5284; x_wconf 90' lang='lat' dir='ltr'><strong>possit</strong></span> <span class='ocrx_word' id='word_1_568' title='bbox 581 5215 852 5272; x_wconf 87' lang='lat' dir='ltr'><strong>sustinere</strong></span> <span class='ocrx_word' id='word_1_569' title='bbox 881 5216 1196 5273; x_wconf 90' lang='lat' dir='ltr'><strong>violentiam</strong></span> <span class='ocrx_word' id='word_1_570' title='bbox 1227 5199 1368 5293; x_wconf 83' lang='lat' dir='ltr'><strong>[atii,</strong></span> <span class='ocrx_word' id='word_1_571' title='bbox 1401 5220 1754 5296; x_wconf 81' lang='lat' dir='ltr'><strong>molestiam].</strong></span> 
     </span>
    </p>
   </div>
   <div class='ocr_carea' id='block_1_86' title="bbox 700 5330 1206 5388">
    <p class='ocr_par' dir='ltr' id='par_1_86' title="bbox 700 5330 1206 5388">
     <span class='ocr_line' id='line_1_87' title="bbox 700 5330 1206 5388; baseline 0.006 -3"><span class='ocrx_word' id='word_1_572' title='bbox 700 5330 1030 5387; x_wconf 82' lang='lat' dir='ltr'><strong>EPISTOLA</strong></span> <span class='ocrx_word' id='word_1_573' title='bbox 1067 5331 1206 5388; x_wconf 81' lang='lat' dir='ltr'><strong>XIV.</strong></span> 
     </span>
    </p>
   </div>
   <div class='ocr_carea' id='block_1_87' title="bbox 339 5437 1607 5486">
    <p class='ocr_par' dir='ltr' id='par_1_87' title="bbox 339 5437 1607 5486">
     <span class='ocr_line' id='line_1_88' title="bbox 339 5437 1607 5486; baseline 0.008 -10"><span class='ocrx_word' id='word_1_574' title='bbox 339 5437 629 5481; x_wconf 68' lang='lat' dir='ltr'><strong>SEVEBIANO</strong></span> <span class='ocrx_word' id='word_1_575' title='bbox 657 5442 776 5482; x_wconf 72' lang='grc' dir='ltr'><strong>Ἣηο</strong></span> <span class='ocrx_word' id='word_1_576' title='bbox 805 5441 1048 5481; x_wconf 73' lang='grc' dir='ltr'>ιιιυετιιι</span> <span class='ocrx_word' id='word_1_577' title='bbox 1081 5442 1448 5485; x_wconf 77' lang='lat' dir='ltr'><strong>THEODOMCUS</strong></span> <span class='ocrx_word' id='word_1_578' title='bbox 1477 5446 1607 5486; x_wconf 77' lang='lat' dir='ltr'><strong>REX.</strong></span> 
     </span>
    </p>
   </div>
   <div class='ocr_carea' id='block_1_88' title="bbox 187 5500 1750 5592">
    <p class='ocr_par' dir='ltr' id='par_1_88' title="bbox 187 5500 1750 5592">
     <span class='ocr_line' id='line_1_89' title="bbox 187 5500 1750 5592; baseline 0.008 -26"><span class='ocrx_word' id='word_1_579' title='bbox 187 5500 395 5592; x_wconf 66' lang='lat' dir='ltr'><strong>Prwﬁcit</strong></span> <span class='ocrx_word' id='word_1_580' title='bbox 423 5531 537 5592; x_wconf 77' lang='lat' dir='ltr'><strong>eunt</strong></span> <span class='ocrx_word' id='word_1_581' title='bbox 573 5518 779 5592; x_wconf 72' lang='lat' dir='ltr'><strong>tributis</strong></span> <span class='ocrx_word' id='word_1_582' title='bbox 815 5520 1084 5592; x_wconf 79' lang='lat' dir='ltr'><strong>unicuique</strong></span> <span class='ocrx_word' id='word_1_583' title='bbox 1121 5536 1214 5590; x_wconf 87' lang='lat' dir='ltr'><strong>pro</strong></span> <span class='ocrx_word' id='word_1_584' title='bbox 1255 5524 1638 5592; x_wconf 79' lang='lat' dir='ltr'><strong>possessionum</strong></span> <span class='ocrx_word' id='word_1_585' title='bbox 1667 5524 1750 5578; x_wconf 80' lang='lat' dir='ltr'><strong>di-</strong></span> 
     </span>
    </p>
   </div>
   <div class='ocr_carea' id='block_1_89' title="bbox 241 5587 1747 5664">
    <p class='ocr_par' dir='ltr' id='par_1_89' title="bbox 241 5587 1747 5664">
     <span class='ocr_line' id='line_1_90' title="bbox 241 5587 1747 5664; baseline 0.011 -33"><span class='ocrx_word' id='word_1_586' title='bbox 241 5587 466 5664; x_wconf 74' lang='lat' dir='ltr'><strong>versitate</strong></span> <span class='ocrx_word' id='word_1_587' title='bbox 488 5589 835 5664; x_wconf 79' lang='lat' dir='ltr'><strong>imponendis,</strong></span> <span class='ocrx_word' id='word_1_588' title='bbox 857 5600 905 5644; x_wconf 89' lang='lat' dir='ltr'><strong>et</strong></span> <span class='ocrx_word' id='word_1_589' title='bbox 925 5587 1146 5664; x_wconf 5' lang='lat' dir='ltr'><strong>jubetgn&#39;t</strong></span> <span class='ocrx_word' id='word_1_590' title='bbox 1170 5587 1432 5663; x_wconf 71' lang='lat' dir='ltr'><strong>perquirat</strong></span> <span class='ocrx_word' id='word_1_591' title='bbox 1464 5611 1584 5648; x_wconf 86' lang='lat' dir='ltr'><strong>num</strong></span> <span class='ocrx_word' id='word_1_592' title='bbox 1599 5594 1747 5664; x_wconf 81' lang='lat' dir='ltr'><strong>judi-</strong></span> 
     </span>
    </p>
   </div>
   <div class='ocr_carea' id='block_1_90' title="bbox 244 5655 1748 5731">
    <p class='ocr_par' dir='ltr' id='par_1_90' title="bbox 244 5655 1748 5731">
     <span class='ocr_line' id='line_1_91' title="bbox 244 5655 1748 5731; baseline 0.01 -25"><span class='ocrx_word' id='word_1_593' title='bbox 244 5665 318 5731; x_wconf 61' lang='grc' dir='ltr'><strong>ςξξ</strong></span> <span class='ocrx_word' id='word_1_594' title='bbox 338 5655 397 5731; x_wconf 83' lang='lat' dir='ltr'><strong>ob</strong></span> <span class='ocrx_word' id='word_1_595' title='bbox 419 5655 812 5731; x_wconf 74' lang='lat' dir='ltr'><strong>frequentiorem</strong></span> <span class='ocrx_word' id='word_1_596' title='bbox 822 5655 1230 5731; x_wconf 20' lang='lat' dir='ltr'><strong>vper&#39;provinci&#39;as</strong></span> <span class='ocrx_word' id='word_1_597' title='bbox 1253 5655 1538 5720; x_wconf 70' lang='lat' dir='ltr'><strong>discursum</strong></span> <span class='ocrx_word' id='word_1_598' title='bbox 1563 5655 1748 5721; x_wconf 69' lang='lat' dir='ltr'><strong>incolis</strong></span> 
     </span>
    </p>
   </div>
   <div class='ocr_carea' id='block_1_91' title="bbox 241 5719 1106 5802">
    <p class='ocr_par' dir='ltr' id='par_1_91' title="bbox 241 5719 1106 5802">
     <span class='ocr_line' id='line_1_92' title="bbox 241 5719 1106 5802; baseline 0.02 -31"><span class='ocrx_word' id='word_1_599' title='bbox 241 5719 428 5780; x_wconf 44' lang='lat' dir='ltr'><strong>illicita.</strong></span> <span class='ocrx_word' id='word_1_600' title='bbox 443 5719 716 5800; x_wconf 70' lang='lat' dir='ltr'><strong>dispendia</strong></span> <span class='ocrx_word' id='word_1_601' title='bbox 743 5719 1106 5802; x_wconf 66' lang='lat' dir='ltr'><strong>irrogauerint.</strong></span> 
     </span>
    </p>
   </div>
   <div class='ocr_carea' id='block_1_92' title="bbox 243 5809 1745 5894">
    <p class='ocr_par' dir='ltr' id='par_1_92' title="bbox 243 5809 1745 5894">
     <span class='ocr_line' id='line_1_93' title="bbox 243 5809 1745 5894; baseline 0.013 -22"><span class='ocrx_word' id='word_1_602' title='bbox 243 5809 457 5894; x_wconf 67' lang='lat' dir='ltr'><strong>«iustitia:</strong></span> <span class='ocrx_word' id='word_1_603' title='bbox 493 5825 633 5880; x_wconf 84' lang='lat' dir='ltr'><strong>ratio</strong></span> <span class='ocrx_word' id='word_1_604' title='bbox 656 5824 946 5893; x_wconf 83' lang='lat' dir='ltr'><strong>persuadet</strong></span> <span class='ocrx_word' id='word_1_605' title='bbox 973 5826 1299 5885; x_wconf 72' lang='lat' dir='ltr'><strong>excedentes</strong></span> <span class='ocrx_word' id='word_1_606' title='bbox 1333 5829 1646 5894; x_wconf 67' lang='lat' dir='ltr'><strong>reprimere.</strong></span> <span class='ocrx_word' id='word_1_607' title='bbox 1686 5847 1745 5892; x_wconf 85' lang='lat' dir='ltr'><strong>ut</strong></span> 
     </span>
    </p>
   </div>
   <div class='ocr_carea' id='block_1_93' title="bbox 1863 3239 3456 3321">
    <p class='ocr_par' dir='ltr' id='par_1_93' title="bbox 1863 3239 3456 3321">
     <span class='ocr_line' id='line_1_94' title="bbox 1863 3239 3456 3321; baseline 0.011 -28"><span class='ocrx_word' id='word_1_608' title='bbox 1863 3239 2019 3296; x_wconf 60' lang='lat' dir='ltr'><strong>facta;</strong></span> <span class='ocrx_word' id='word_1_609' title='bbox 2046 3253 2189 3310; x_wconf 88' lang='lat' dir='ltr'><strong>sunt,</strong></span> <span class='ocrx_word' id='word_1_610' title='bbox 2210 3243 2355 3314; x_wconf 89' lang='lat' dir='ltr'><strong>justa</strong></span> <span class='ocrx_word' id='word_1_611' title='bbox 2384 3247 2593 3304; x_wconf 88' lang='lat' dir='ltr'><strong>ratione</strong></span> <span class='ocrx_word' id='word_1_612' title='bbox 2619 3264 2728 3304; x_wconf 89' lang='lat' dir='ltr'><strong>non</strong></span> <span class='ocrx_word' id='word_1_613' title='bbox 2748 3249 3004 3306; x_wconf 88' lang='lat' dir='ltr'><strong>claruerit</strong></span> <span class='ocrx_word' id='word_1_614' title='bbox 3027 3261 3326 3321; x_wconf 88' lang='lat' dir='ltr'><strong>erogatum,</strong></span> <span class='ocrx_word' id='word_1_615' title='bbox 3351 3255 3456 3310; x_wconf 90' lang='lat' dir='ltr'><strong>ini-</strong></span> 
     </span>
    </p>
   </div>
   <div class='ocr_carea' id='block_1_94' title="bbox 1862 3337 3458 3415">
    <p class='ocr_par' dir='ltr' id='par_1_94' title="bbox 1862 3337 3458 3415">
     <span class='ocr_line' id='line_1_95' title="bbox 1862 3337 3458 3415; baseline 0.011 -28"><span class='ocrx_word' id='word_1_616' title='bbox 1862 3347 1970 3402; x_wconf 91' lang='lat' dir='ltr'><strong>qua</strong></span> <span class='ocrx_word' id='word_1_617' title='bbox 2020 3337 2368 3412; x_wconf 72' lang='lat' dir='ltr'><strong>pnesumptio</strong></span> <span class='ocrx_word' id='word_1_618' title='bbox 2415 3339 2587 3396; x_wconf 87' lang='lat' dir='ltr'><strong>modis</strong></span> <span class='ocrx_word' id='word_1_619' title='bbox 2633 3341 2882 3398; x_wconf 89' lang='lat' dir='ltr'><strong>omnibus</strong></span> <span class='ocrx_word' id='word_1_620' title='bbox 2928 3345 3247 3415; x_wconf 89' lang='lat' dir='ltr'><strong>corrigatur.</strong></span> <span class='ocrx_word' id='word_1_621' title='bbox 3306 3346 3458 3405; x_wconf 81' lang='lat' dir='ltr'><strong>lianc</strong></span> 
     </span>
    </p>
   </div>
   <div class='ocr_carea' id='block_1_95' title="bbox 1861 3432 3457 3509">
    <p class='ocr_par' dir='ltr' id='par_1_95' title="bbox 1861 3432 3457 3509">
     <span class='ocr_line' id='line_1_96' title="bbox 1861 3432 3457 3509; baseline 0.011 -27"><span class='ocrx_word' id='word_1_622' title='bbox 1861 3442 2078 3498; x_wconf 91' lang='lat' dir='ltr'><strong>quoque</strong></span> <span class='ocrx_word' id='word_1_623' title='bbox 2112 3439 2322 3500; x_wconf 91' lang='lat' dir='ltr'><strong>partem</strong></span> <span class='ocrx_word' id='word_1_624' title='bbox 2351 3447 2462 3489; x_wconf 89' lang='lat' dir='ltr'><strong>non</strong></span> <span class='ocrx_word' id='word_1_625' title='bbox 2497 3435 2732 3492; x_wconf 89' lang='lat' dir='ltr'><strong>aestimes</strong></span> <span class='ocrx_word' id='word_1_626' title='bbox 2759 3432 3156 3509; x_wconf 77' lang='lat' dir='ltr'><strong>negligentiam,</strong></span> <span class='ocrx_word' id='word_1_627' title='bbox 3189 3450 3250 3496; x_wconf 92' lang='lat' dir='ltr'><strong>ut</strong></span> <span class='ocrx_word' id='word_1_628' title='bbox 3276 3443 3320 3497; x_wconf 89' lang='lat' dir='ltr'><strong>si</strong></span> <span class='ocrx_word' id='word_1_629' title='bbox 3351 3443 3457 3500; x_wconf 84' lang='lat' dir='ltr'><strong>hoc</strong></span> 
     </span>
    </p>
   </div>
   <div class='ocr_carea' id='block_1_96' title="bbox 1860 3519 3456 3603">
    <p class='ocr_par' dir='ltr' id='par_1_96' title="bbox 1860 3519 3456 3603">
     <span class='ocr_line' id='line_1_97' title="bbox 1860 3519 3456 3603; baseline 0.011 -30"><span class='ocrx_word' id='word_1_630' title='bbox 1860 3519 2006 3590; x_wconf 91' lang='lat' dir='ltr'><strong>quod</strong></span> <span class='ocrx_word' id='word_1_631' title='bbox 2035 3521 2330 3580; x_wconf 84' lang='lat' dir='ltr'><strong>tabularins</strong></span> <span class='ocrx_word' id='word_1_632' title='bbox 2359 3541 2391 3580; x_wconf 91' lang='lat' dir='ltr'><strong>a</strong></span> <span class='ocrx_word' id='word_1_633' title='bbox 2419 3526 2667 3584; x_wconf 90' lang='lat' dir='ltr'><strong>cubiculo</strong></span> <span class='ocrx_word' id='word_1_634' title='bbox 2697 3537 2884 3585; x_wconf 88' lang='lat' dir='ltr'><strong>nostro</strong></span> <span class='ocrx_word' id='word_1_635' title='bbox 2917 3533 3183 3603; x_wconf 90' lang='lat' dir='ltr'><strong>suscepit;</strong></span> <span class='ocrx_word' id='word_1_636' title='bbox 3216 3533 3456 3591; x_wconf 91' lang='lat' dir='ltr'><strong>rationa-</strong></span> 
     </span>
    </p>
   </div>
   <div class='ocr_carea' id='block_1_97' title="bbox 1860 3613 3457 3693">
    <p class='ocr_par' dir='ltr' id='par_1_97' title="bbox 1860 3613 3457 3693">
     <span class='ocr_line' id='line_1_98' title="bbox 1860 3613 3457 3693; baseline 0.009 -24"><span class='ocrx_word' id='word_1_637' title='bbox 1860 3613 2043 3670; x_wconf 88' lang='lat' dir='ltr'><strong>biliter</strong></span> <span class='ocrx_word' id='word_1_638' title='bbox 2071 3632 2178 3671; x_wconf 90' lang='lat' dir='ltr'><strong>non</strong></span> <span class='ocrx_word' id='word_1_639' title='bbox 2209 3619 2436 3674; x_wconf 88' lang='lat' dir='ltr'><strong>docetur</strong></span> <span class='ocrx_word' id='word_1_640' title='bbox 2457 3635 2776 3691; x_wconf 88' lang='lat' dir='ltr'><strong>expensum,</strong></span> <span class='ocrx_word' id='word_1_641' title='bbox 2802 3623 2868 3678; x_wconf 94' lang='lat' dir='ltr'><strong>ab</strong></span> <span class='ocrx_word' id='word_1_642' title='bbox 2895 3623 3094 3693; x_wconf 81' lang='lat' dir='ltr'><strong>injuste</strong></span> <span class='ocrx_word' id='word_1_643' title='bbox 3121 3633 3457 3684; x_wconf 87' lang='lat' dir='ltr'><strong>retentatore</strong></span> 
     </span>
    </p>
   </div>
   <div class='ocr_carea' id='block_1_98' title="bbox 1861 3707 3453 3782">
    <p class='ocr_par' dir='ltr' id='par_1_98' title="bbox 1861 3707 3453 3782">
     <span class='ocr_line' id='line_1_99' title="bbox 1861 3707 3453 3782; baseline 0.008 -21"><span class='ocrx_word' id='word_1_644' title='bbox 1861 3707 2140 3764; x_wconf 89' lang='lat' dir='ltr'><strong>reddatur.</strong></span> <span class='ocrx_word' id='word_1_645' title='bbox 2172 3710 2308 3776; x_wconf 87' lang='lat' dir='ltr'><strong>Quid</strong></span> <span class='ocrx_word' id='word_1_646' title='bbox 2339 3711 2481 3766; x_wconf 91' lang='lat' dir='ltr'><strong>enim</strong></span> <span class='ocrx_word' id='word_1_647' title='bbox 2515 3721 2623 3767; x_wconf 88' lang='lat' dir='ltr'><strong>tam</strong></span> <span class='ocrx_word' id='word_1_648' title='bbox 2654 3713 2963 3782; x_wconf 89' lang='lat' dir='ltr'><strong>absurdum,</strong></span> <span class='ocrx_word' id='word_1_649' title='bbox 2993 3717 3098 3772; x_wconf 90' lang='lat' dir='ltr'><strong>nisi</strong></span> <span class='ocrx_word' id='word_1_650' title='bbox 3129 3726 3187 3772; x_wconf 93' lang='lat' dir='ltr'><strong>ut</strong></span> <span class='ocrx_word' id='word_1_651' title='bbox 3214 3717 3453 3774; x_wconf 87' lang='lat' dir='ltr'><strong>liberali-</strong></span> 
     </span>
    </p>
   </div>
   <div class='ocr_carea' id='block_1_99' title="bbox 1863 3806 3456 3880">
    <p class='ocr_par' dir='ltr' id='par_1_99' title="bbox 1863 3806 3456 3880">
     <span class='ocr_line' id='line_1_100' title="bbox 1863 3806 3456 3880; baseline 0.007 -25"><span class='ocrx_word' id='word_1_652' title='bbox 1863 3811 1944 3857; x_wconf 89' lang='lat' dir='ltr'><strong>tas</strong></span> <span class='ocrx_word' id='word_1_653' title='bbox 1970 3812 2174 3872; x_wconf 89' lang='lat' dir='ltr'><strong>nostra,</strong></span> <span class='ocrx_word' id='word_1_654' title='bbox 2209 3820 2370 3875; x_wconf 89' lang='lat' dir='ltr'><strong>quam</strong></span> <span class='ocrx_word' id='word_1_655' title='bbox 2398 3806 2660 3863; x_wconf 87' lang='lat' dir='ltr'><strong>universis</strong></span> <span class='ocrx_word' id='word_1_656' title='bbox 2707 3809 2972 3880; x_wconf 89' lang='lat' dir='ltr'><strong>prolicere</strong></span> <span class='ocrx_word' id='word_1_657' title='bbox 3013 3811 3278 3878; x_wconf 90' lang='lat' dir='ltr'><strong>volumus,</strong></span> <span class='ocrx_word' id='word_1_658' title='bbox 3312 3827 3456 3866; x_wconf 90' lang='lat' dir='ltr'><strong>nunc</strong></span> 
     </span>
    </p>
   </div>
   <div class='ocr_carea' id='block_1_100' title="bbox 1861 3895 3454 3973">
    <p class='ocr_par' dir='ltr' id='par_1_100' title="bbox 1861 3895 3454 3973">
     <span class='ocr_line' id='line_1_101' title="bbox 1861 3895 3454 3973; baseline 0.006 -25"><span class='ocrx_word' id='word_1_659' title='bbox 1861 3910 1892 3948; x_wconf 92' lang='lat' dir='ltr'><strong>a</strong></span> <span class='ocrx_word' id='word_1_660' title='bbox 1945 3897 2132 3965; x_wconf 90' lang='lat' dir='ltr'><strong>paucis</strong></span> <span class='ocrx_word' id='word_1_661' title='bbox 2184 3895 2383 3953; x_wconf 85' lang='lat' dir='ltr'><strong>furtivo</strong></span> <span class='ocrx_word' id='word_1_662' title='bbox 2429 3901 2753 3971; x_wconf 91' lang='lat' dir='ltr'><strong>compendio</strong></span> <span class='ocrx_word' id='word_1_663' title='bbox 2809 3903 3192 3973; x_wconf 89' lang='lat' dir='ltr'><strong>opprimatur?</strong></span> <span class='ocrx_word' id='word_1_664' title='bbox 3238 3899 3454 3958; x_wconf 85' lang='lat' dir='ltr'><strong>Judiccs</strong></span> 
     </span>
    </p>
   </div>
   <div class='ocr_carea' id='block_1_101' title="bbox 1861 3990 3453 4063">
    <p class='ocr_par' dir='ltr' id='par_1_101' title="bbox 1861 3990 3453 4063">
     <span class='ocr_line' id='line_1_102' title="bbox 1861 3990 3453 4063; baseline 0.003 -21"><span class='ocrx_word' id='word_1_665' title='bbox 1861 4001 2077 4058; x_wconf 87' lang='lat' dir='ltr'><strong>quoque</strong></span> <span class='ocrx_word' id='word_1_666' title='bbox 2107 3990 2398 4060; x_wconf 77' lang='lat' dir='ltr'><strong>provincia:</strong></span> <span class='ocrx_word' id='word_1_667' title='bbox 2425 3991 2511 4046; x_wconf 92' lang='lat' dir='ltr'><strong>vel</strong></span> <span class='ocrx_word' id='word_1_668' title='bbox 2540 3992 2770 4047; x_wconf 90' lang='lat' dir='ltr'><strong>curiales</strong></span> <span class='ocrx_word' id='word_1_669' title='bbox 2799 4001 2962 4063; x_wconf 87' lang='lat' dir='ltr'><strong>atque</strong></span> <span class='ocrx_word' id='word_1_670' title='bbox 2999 3992 3314 4049; x_wconf 83' lang='lat' dir='ltr'><strong>defensores</strong></span> <span class='ocrx_word' id='word_1_671' title='bbox 3345 4002 3453 4047; x_wconf 91' lang='lat' dir='ltr'><strong>tam</strong></span> 
     </span>
    </p>
   </div>
   <div class='ocr_carea' id='block_1_102' title="bbox 1860 4078 3456 4152">
    <p class='ocr_par' dir='ltr' id='par_1_102' title="bbox 1860 4078 3456 4152">
     <span class='ocr_line' id='line_1_103' title="bbox 1860 4078 3456 4152; baseline 0.003 -19"><span class='ocrx_word' id='word_1_672' title='bbox 1860 4078 1929 4134; x_wconf 89' lang='lat' dir='ltr'><strong>de</strong></span> <span class='ocrx_word' id='word_1_673' title='bbox 1958 4095 2116 4135; x_wconf 90' lang='lat' dir='ltr'><strong>cursu</strong></span> <span class='ocrx_word' id='word_1_674' title='bbox 2145 4097 2305 4150; x_wconf 91' lang='lat' dir='ltr'><strong>quam</strong></span> <span class='ocrx_word' id='word_1_675' title='bbox 2335 4081 2402 4136; x_wconf 91' lang='lat' dir='ltr'><strong>de</strong></span> <span class='ocrx_word' id='word_1_676' title='bbox 2431 4082 2548 4136; x_wconf 92' lang='lat' dir='ltr'><strong>aliis</strong></span> <span class='ocrx_word' id='word_1_677' title='bbox 2576 4083 2739 4138; x_wconf 88' lang='lat' dir='ltr'><strong>rebus</strong></span> <span class='ocrx_word' id='word_1_678' title='bbox 2762 4083 2946 4138; x_wconf 89' lang='lat' dir='ltr'><strong>illicita</strong></span> <span class='ocrx_word' id='word_1_679' title='bbox 2970 4081 3221 4138; x_wconf 91' lang='lat' dir='ltr'><strong>dicuntur</strong></span> <span class='ocrx_word' id='word_1_680' title='bbox 3247 4098 3456 4152; x_wconf 83' lang='lat' dir='ltr'><strong>posses-</strong></span> 
     </span>
    </p>
   </div>
   <div class='ocr_carea' id='block_1_103' title="bbox 1859 4173 3455 4246">
    <p class='ocr_par' dir='ltr' id='par_1_103' title="bbox 1859 4173 3455 4246">
     <span class='ocr_line' id='line_1_104' title="bbox 1859 4173 3455 4246; baseline 0.002 -19"><span class='ocrx_word' id='word_1_681' title='bbox 1859 4173 2072 4230; x_wconf 90' lang='lat' dir='ltr'><strong>soribus</strong></span> <span class='ocrx_word' id='word_1_682' title='bbox 2121 4173 2360 4242; x_wconf 85' lang='lat' dir='ltr'><strong>irrogare</strong></span> <span class='ocrx_word' id='word_1_683' title='bbox 2405 4174 2702 4244; x_wconf 82' lang='lat' dir='ltr'><strong>dispendia.</strong></span> <span class='ocrx_word' id='word_1_684' title='bbox 2735 4175 2890 4241; x_wconf 87' lang='lat' dir='ltr'><strong>Quod</strong></span> <span class='ocrx_word' id='word_1_685' title='bbox 2939 4184 2991 4230; x_wconf 89' lang='lat' dir='ltr'><strong>te</strong></span> <span class='ocrx_word' id='word_1_686' title='bbox 3035 4175 3372 4246; x_wconf 87' lang='lat' dir='ltr'><strong>perquirere,</strong></span> <span class='ocrx_word' id='word_1_687' title='bbox 3399 4186 3455 4230; x_wconf 88' lang='lat' dir='ltr'><strong>et</strong></span> 
     </span>
    </p>
   </div>
   <div class='ocr_carea' id='block_1_104' title="bbox 1860 4265 3455 4339">
    <p class='ocr_par' dir='ltr' id='par_1_104' title="bbox 1860 4265 3455 4339">
     <span class='ocr_line' id='line_1_105' title="bbox 1860 4265 3455 4339; baseline 0.003 -20"><span class='ocrx_word' id='word_1_688' title='bbox 1860 4278 1960 4320; x_wconf 83' lang='lat' dir='ltr'><strong>suo</strong></span> <span class='ocrx_word' id='word_1_689' title='bbox 1987 4265 2198 4321; x_wconf 90' lang='lat' dir='ltr'><strong>ratione</strong></span> <span class='ocrx_word' id='word_1_690' title='bbox 2227 4266 2402 4334; x_wconf 78' lang='lat' dir='ltr'><strong>legum</strong></span> <span class='ocrx_word' id='word_1_691' title='bbox 2431 4267 2719 4322; x_wconf 89' lang='lat' dir='ltr'><strong>emendare</strong></span> <span class='ocrx_word' id='word_1_692' title='bbox 2745 4283 3048 4324; x_wconf 89' lang='lat' dir='ltr'><strong>censemus.</strong></span> <span class='ocrx_word' id='word_1_693' title='bbox 3078 4267 3296 4339; x_wconf 87' lang='lat' dir='ltr'><strong>Antiqui</strong></span> <span class='ocrx_word' id='word_1_694' title='bbox 3325 4269 3455 4325; x_wconf 86' lang='lat' dir='ltr'><strong>bar-</strong></span> 
     </span>
    </p>
   </div>
   <div class='ocr_carea' id='block_1_105' title="bbox 1861 4355 3474 4440">
    <p class='ocr_par' dir='ltr' id='par_1_105' title="bbox 1861 4355 3474 4440">
     <span class='ocr_line' id='line_1_106' title="bbox 1861 4355 3474 4440; baseline 0.007 -30"><span class='ocrx_word' id='word_1_695' title='bbox 1861 4355 1980 4410; x_wconf 89' lang='lat' dir='ltr'><strong>bari</strong></span> <span class='ocrx_word' id='word_1_696' title='bbox 2007 4358 2098 4426; x_wconf 90' lang='lat' dir='ltr'><strong>qui</strong></span> <span class='ocrx_word' id='word_1_697' title='bbox 2130 4357 2388 4413; x_wconf 73' lang='lat' dir='ltr'><strong>Romanis</strong></span> <span class='ocrx_word' id='word_1_698' title='bbox 2427 4359 2741 4416; x_wconf 88' lang='lat' dir='ltr'><strong>mulieribus</strong></span> <span class='ocrx_word' id='word_1_699' title='bbox 2790 4360 3051 4429; x_wconf 89' lang='lat' dir='ltr'><strong>elegerint</strong></span> <span class='ocrx_word' id='word_1_700' title='bbox 3095 4363 3322 4433; x_wconf 91' lang='lat' dir='ltr'><strong>nuptiali</strong></span> <span class='ocrx_word' id='word_1_701' title='bbox 3353 4363 3474 4440; x_wconf 44' lang='grc' dir='ltr'>ἰωὴ</span> 
     </span>
    </p>
   </div>
   <div class='ocr_carea' id='block_1_106' title="bbox 1862 4447 3452 4523">
    <p class='ocr_par' dir='ltr' id='par_1_106' title="bbox 1862 4447 3452 4523">
     <span class='ocr_line' id='line_1_107' title="bbox 1862 4447 3452 4523; baseline 0.006 -21"><span class='ocrx_word' id='word_1_702' title='bbox 1862 4447 1992 4503; x_wconf 89' lang='lat' dir='ltr'><strong>dere</strong></span> <span class='ocrx_word' id='word_1_703' title='bbox 2020 4448 2236 4514; x_wconf 89' lang='lat' dir='ltr'><strong>sociari,</strong></span> <span class='ocrx_word' id='word_1_704' title='bbox 2269 4449 2512 4519; x_wconf 87' lang='lat' dir='ltr'><strong>quolibet</strong></span> <span class='ocrx_word' id='word_1_705' title='bbox 2542 4450 2698 4506; x_wconf 89' lang='lat' dir='ltr'><strong>titulo</strong></span> <span class='ocrx_word' id='word_1_706' title='bbox 2735 4452 2934 4522; x_wconf 71' lang='lat' dir='ltr'><strong>prmdia</strong></span> <span class='ocrx_word' id='word_1_707' title='bbox 2957 4453 3322 4523; x_wconf 73' lang='lat' dir='ltr'><strong>quccsiverint,</strong></span> <span class='ocrx_word' id='word_1_708' title='bbox 3359 4455 3452 4511; x_wconf 82' lang='lat' dir='ltr'><strong>ﬁs-</strong></span> 
     </span>
    </p>
   </div>
   <div class='ocr_carea' id='block_1_107' title="bbox 1807 4531 3454 4616">
    <p class='ocr_par' dir='ltr' id='par_1_107' title="bbox 1807 4531 3454 4616">
     <span class='ocr_line' id='line_1_108' title="bbox 1807 4531 3454 4616; baseline 0.006 -23"><span class='ocrx_word' id='word_1_709' title='bbox 1807 4531 1833 4586; x_wconf 92' lang='grc'>)</span> <span class='ocrx_word' id='word_1_710' title='bbox 1861 4555 1980 4594; x_wconf 89' lang='lat' dir='ltr'><strong>cum</strong></span> <span class='ocrx_word' id='word_1_711' title='bbox 2012 4541 2246 4610; x_wconf 88' lang='lat' dir='ltr'><strong>possessi</strong></span> <span class='ocrx_word' id='word_1_712' title='bbox 2279 4541 2499 4612; x_wconf 84' lang='lat' dir='ltr'><strong>cespitis</strong></span> <span class='ocrx_word' id='word_1_713' title='bbox 2529 4543 2859 4612; x_wconf 88' lang='lat' dir='ltr'><strong>persolvere,</strong></span> <span class='ocrx_word' id='word_1_714' title='bbox 2891 4560 2954 4601; x_wconf 89' lang='lat' dir='ltr'><strong>ac</strong></span> <span class='ocrx_word' id='word_1_715' title='bbox 2981 4561 3145 4616; x_wconf 90' lang='lat' dir='ltr'><strong>super</strong></span> <span class='ocrx_word' id='word_1_716' title='bbox 3173 4546 3454 4604; x_wconf 88' lang='lat' dir='ltr'><strong>indictitiis</strong></span> 
     </span>
    </p>
   </div>
   <div class='ocr_carea' id='block_1_108' title="bbox 1861 4629 3456 4711">
    <p class='ocr_par' dir='ltr' id='par_1_108' title="bbox 1861 4629 3456 4711">
     <span class='ocr_line' id='line_1_109' title="bbox 1861 4629 3456 4711; baseline 0.009 -28"><span class='ocrx_word' id='word_1_717' title='bbox 1861 4629 2116 4684; x_wconf 89' lang='lat' dir='ltr'><strong>oneribus</strong></span> <span class='ocrx_word' id='word_1_718' title='bbox 2171 4645 2363 4700; x_wconf 89' lang='lat' dir='ltr'><strong>parere</strong></span> <span class='ocrx_word' id='word_1_719' title='bbox 2413 4641 2689 4701; x_wconf 88' lang='lat' dir='ltr'><strong>cogantur.</strong></span> <span class='ocrx_word' id='word_1_720' title='bbox 2751 4634 2928 4711; x_wconf 8' lang='lat' dir='ltr'><strong>‘Judex</strong></span> <span class='ocrx_word' id='word_1_721' title='bbox 2993 4653 3122 4693; x_wconf 92' lang='lat' dir='ltr'><strong>vero</strong></span> <span class='ocrx_word' id='word_1_722' title='bbox 3177 4637 3456 4697; x_wconf 80' lang='lat' dir='ltr'><strong>Romanus</strong></span> 
     </span>
    </p>
   </div>
   <div class='ocr_carea' id='block_1_109' title="bbox 1863 4724 3546 4805">
    <p class='ocr_par' dir='ltr' id='par_1_109' title="bbox 1863 4724 3546 4805">
     <span class='ocr_line' id='line_1_110' title="bbox 1863 4724 3546 4805; baseline 0.01 -34"><span class='ocrx_word' id='word_1_723' title='bbox 1863 4726 2087 4790; x_wconf 88' lang='lat' dir='ltr'><strong>propter</strong></span> <span class='ocrx_word' id='word_1_724' title='bbox 2116 4734 2383 4789; x_wconf 77' lang='lat' dir='ltr'><strong>expensas</strong></span> <span class='ocrx_word' id='word_1_725' title='bbox 2406 4724 2836 4793; x_wconf 82' lang='lat' dir='ltr'><strong>provincialium,</strong></span> <span class='ocrx_word' id='word_1_726' title='bbox 2861 4742 2979 4798; x_wconf 76' lang='lat' dir='ltr'><strong>qua:</strong></span> <span class='ocrx_word' id='word_1_727' title='bbox 3007 4743 3234 4798; x_wconf 88' lang='lat' dir='ltr'><strong>gravare</strong></span> <span class='ocrx_word' id='word_1_728' title='bbox 3255 4748 3454 4805; x_wconf 64' lang='lat' dir='ltr'><strong>paupe«</strong></span> <span class='ocrx_word' id='word_1_729' title='bbox 3531 4753 3546 4760; x_wconf 52' lang='grc' dir='ltr'>ε</span> 
     </span>
    </p>
   </div>
   <div class='ocr_carea' id='block_1_110' title="bbox 1862 4820 3453 4893">
    <p class='ocr_par' dir='ltr' id='par_1_110' title="bbox 1862 4820 3453 4893">
     <span class='ocr_line' id='line_1_111' title="bbox 1862 4820 3453 4893; baseline 0.007 -25"><span class='ocrx_word' id='word_1_730' title='bbox 1862 4829 1952 4870; x_wconf 88' lang='lat' dir='ltr'><strong>res</strong></span> <span class='ocrx_word' id='word_1_731' title='bbox 1980 4823 2357 4884; x_wconf 86' lang='lat' dir='ltr'><strong>suggeruntur,</strong></span> <span class='ocrx_word' id='word_1_732' title='bbox 2389 4832 2486 4888; x_wconf 92' lang='lat' dir='ltr'><strong>per</strong></span> <span class='ocrx_word' id='word_1_733' title='bbox 2513 4833 2714 4874; x_wconf 89' lang='lat' dir='ltr'><strong>annum</strong></span> <span class='ocrx_word' id='word_1_734' title='bbox 2743 4820 2797 4874; x_wconf 93' lang='lat' dir='ltr'><strong>in</strong></span> <span class='ocrx_word' id='word_1_735' title='bbox 2820 4823 3242 4893; x_wconf 88' lang='lat' dir='ltr'><strong>unumquodque</strong></span> <span class='ocrx_word' id='word_1_736' title='bbox 3270 4826 3453 4880; x_wconf 88' lang='lat' dir='ltr'><strong>muni-</strong></span> 
     </span>
    </p>
   </div>
   <div class='ocr_carea' id='block_1_111' title="bbox 1864 4905 3452 4984">
    <p class='ocr_par' dir='ltr' id='par_1_111' title="bbox 1864 4905 3452 4984">
     <span class='ocr_line' id='line_1_112' title="bbox 1864 4905 3452 4984; baseline 0.007 -24"><span class='ocrx_word' id='word_1_737' title='bbox 1864 4905 2062 4976; x_wconf 90' lang='lat' dir='ltr'><strong>cipium</strong></span> <span class='ocrx_word' id='word_1_738' title='bbox 2108 4908 2278 4962; x_wconf 85' lang='lat' dir='ltr'><strong>semel</strong></span> <span class='ocrx_word' id='word_1_739' title='bbox 2307 4908 2561 4963; x_wconf 86' lang='lat' dir='ltr'><strong>accedat:</strong></span> <span class='ocrx_word' id='word_1_740' title='bbox 2593 4911 2681 4965; x_wconf 92' lang='lat' dir='ltr'><strong>cui</strong></span> <span class='ocrx_word' id='word_1_741' title='bbox 2710 4927 2819 4966; x_wconf 89' lang='lat' dir='ltr'><strong>non</strong></span> <span class='ocrx_word' id='word_1_742' title='bbox 2867 4915 3098 4983; x_wconf 90' lang='lat' dir='ltr'><strong>amplius</strong></span> <span class='ocrx_word' id='word_1_743' title='bbox 3141 4931 3304 4984; x_wconf 87' lang='lat' dir='ltr'><strong>quam</strong></span> <span class='ocrx_word' id='word_1_744' title='bbox 3354 4918 3452 4971; x_wconf 89' lang='lat' dir='ltr'><strong>tri-</strong></span> 
     </span>
    </p>
   </div>
   <div class='ocr_carea' id='block_1_112' title="bbox 1860 4997 3455 5075">
    <p class='ocr_par' dir='ltr' id='par_1_112' title="bbox 1860 4997 3455 5075">
     <span class='ocr_line' id='line_1_113' title="bbox 1860 4997 3455 5075; baseline 0.005 -22"><span class='ocrx_word' id='word_1_745' title='bbox 1860 4997 2052 5053; x_wconf 84' lang='lat' dir='ltr'><strong>duanae</strong></span> <span class='ocrx_word' id='word_1_746' title='bbox 2099 4998 2439 5070; x_wconf 65' lang='lat' dir='ltr'><strong>prtebeantur</strong></span> <span class='ocrx_word' id='word_1_747' title='bbox 2465 5016 2715 5071; x_wconf 85' lang='lat' dir='ltr'><strong>annonae,</strong></span> <span class='ocrx_word' id='word_1_748' title='bbox 2745 5003 2883 5059; x_wconf 89' lang='lat' dir='ltr'><strong>sicut</strong></span> <span class='ocrx_word' id='word_1_749' title='bbox 2929 5004 3106 5075; x_wconf 86' lang='lat' dir='ltr'><strong>legum</strong></span> <span class='ocrx_word' id='word_1_750' title='bbox 3150 5014 3310 5061; x_wconf 86' lang='lat' dir='ltr'><strong>cauta</strong></span> <span class='ocrx_word' id='word_1_751' title='bbox 3356 5008 3455 5061; x_wconf 82' lang='lat' dir='ltr'><strong>tri—</strong></span> 
     </span>
    </p>
   </div>
   <div class='ocr_carea' id='block_1_113' title="bbox 1862 5091 3455 5167">
    <p class='ocr_par' dir='ltr' id='par_1_113' title="bbox 1862 5091 3455 5167">
     <span class='ocr_line' id='line_1_114' title="bbox 1862 5091 3455 5167; baseline 0.004 -21"><span class='ocrx_word' id='word_1_752' title='bbox 1862 5091 2116 5147; x_wconf 90' lang='lat' dir='ltr'><strong>buerunt.</strong></span> <span class='ocrx_word' id='word_1_753' title='bbox 2146 5091 2378 5162; x_wconf 86' lang='lat' dir='ltr'><strong>Majorcs</strong></span> <span class='ocrx_word' id='word_1_754' title='bbox 2399 5094 2542 5148; x_wconf 90' lang='lat' dir='ltr'><strong>enim</strong></span> <span class='ocrx_word' id='word_1_755' title='bbox 2571 5097 2740 5151; x_wconf 86' lang='lat' dir='ltr'><strong>nostri</strong></span> <span class='ocrx_word' id='word_1_756' title='bbox 2768 5097 3040 5152; x_wconf 89' lang='lat' dir='ltr'><strong>discursus</strong></span> <span class='ocrx_word' id='word_1_757' title='bbox 3069 5096 3315 5167; x_wconf 88' lang='lat' dir='ltr'><strong>judicum</strong></span> <span class='ocrx_word' id='word_1_758' title='bbox 3347 5115 3455 5152; x_wconf 89' lang='lat' dir='ltr'><strong>non</strong></span> 
     </span>
    </p>
   </div>
   <div class='ocr_carea' id='block_1_114' title="bbox 1862 5181 3452 5256">
    <p class='ocr_par' dir='ltr' id='par_1_114' title="bbox 1862 5181 3452 5256">
     <span class='ocr_line' id='line_1_115' title="bbox 1862 5181 3452 5256; baseline 0.004 -19"><span class='ocrx_word' id='word_1_759' title='bbox 1862 5183 2038 5249; x_wconf 89' lang='lat' dir='ltr'><strong>oneri,</strong></span> <span class='ocrx_word' id='word_1_760' title='bbox 2068 5181 2164 5238; x_wconf 88' lang='lat' dir='ltr'><strong>sed</strong></span> <span class='ocrx_word' id='word_1_761' title='bbox 2201 5184 2523 5252; x_wconf 89' lang='lat' dir='ltr'><strong>compendio</strong></span> <span class='ocrx_word' id='word_1_762' title='bbox 2547 5187 2966 5256; x_wconf 87' lang='lat' dir='ltr'><strong>provincialibus</strong></span> <span class='ocrx_word' id='word_1_763' title='bbox 2993 5203 3114 5244; x_wconf 90' lang='lat' dir='ltr'><strong>esse</strong></span> <span class='ocrx_word' id='word_1_764' title='bbox 3143 5188 3452 5245; x_wconf 89' lang='lat' dir='ltr'><strong>voluerunt.</strong></span> 
     </span>
    </p>
   </div>
   <div class='ocr_carea' id='block_1_115' title="bbox 1861 5274 3454 5344">
    <p class='ocr_par' dir='ltr' id='par_1_115' title="bbox 1861 5274 3454 5344">
     <span class='ocr_line' id='line_1_116' title="bbox 1861 5274 3454 5344; baseline 0.005 -16"><span class='ocrx_word' id='word_1_765' title='bbox 1861 5274 2154 5330; x_wconf 89' lang='lat' dir='ltr'><strong>Domestici</strong></span> <span class='ocrx_word' id='word_1_766' title='bbox 2181 5275 2392 5330; x_wconf 88' lang='lat' dir='ltr'><strong>comitis</strong></span> <span class='ocrx_word' id='word_1_767' title='bbox 2417 5275 2739 5344; x_wconf 87' lang='lat' dir='ltr'><strong>Gothorum,</strong></span> <span class='ocrx_word' id='word_1_768' title='bbox 2771 5294 2876 5335; x_wconf 89' lang='lat' dir='ltr'><strong>nec</strong></span> <span class='ocrx_word' id='word_1_769' title='bbox 2905 5294 3011 5334; x_wconf 90' lang='lat' dir='ltr'><strong>non</strong></span> <span class='ocrx_word' id='word_1_770' title='bbox 3041 5287 3098 5334; x_wconf 90' lang='lat' dir='ltr'><strong>et</strong></span> <span class='ocrx_word' id='word_1_771' title='bbox 3128 5279 3454 5336; x_wconf 89' lang='lat' dir='ltr'><strong>vicedomiui</strong></span> 
     </span>
    </p>
   </div>
   <div class='ocr_carea' id='block_1_116' title="bbox 1860 5365 3456 5443">
    <p class='ocr_par' dir='ltr' id='par_1_116' title="bbox 1860 5365 3456 5443">
     <span class='ocr_line' id='line_1_117' title="bbox 1860 5365 3456 5443; baseline 0.003 -22"><span class='ocrx_word' id='word_1_772' title='bbox 1860 5366 2038 5437; x_wconf 89' lang='lat' dir='ltr'><strong>aliqua</strong></span> <span class='ocrx_word' id='word_1_773' title='bbox 2066 5365 2318 5422; x_wconf 89' lang='lat' dir='ltr'><strong>dicuntur</strong></span> <span class='ocrx_word' id='word_1_774' title='bbox 2345 5367 2762 5438; x_wconf 81' lang='lat' dir='ltr'><strong>provincialibus</strong></span> <span class='ocrx_word' id='word_1_775' title='bbox 2793 5370 3128 5425; x_wconf 90' lang='lat' dir='ltr'><strong>concinnatis</strong></span> <span class='ocrx_word' id='word_1_776' title='bbox 3160 5370 3295 5443; x_wconf 83' lang='lat' dir='ltr'><strong>|alii,</strong></span> <span class='ocrx_word' id='word_1_777' title='bbox 3323 5387 3456 5426; x_wconf 88' lang='lat' dir='ltr'><strong>con-</strong></span> 
     </span>
    </p>
   </div>
   <div class='ocr_carea' id='block_1_117' title="bbox 1862 5459 3455 5534">
    <p class='ocr_par' dir='ltr' id='par_1_117' title="bbox 1862 5459 3455 5534">
     <span class='ocr_line' id='line_1_118' title="bbox 1862 5459 3455 5534; baseline 0.004 -20"><span class='ocrx_word' id='word_1_778' title='bbox 1862 5459 2103 5534; x_wconf 87' lang='lat' dir='ltr'><strong>tinuatis]</strong></span> <span class='ocrx_word' id='word_1_779' title='bbox 2136 5460 2427 5516; x_wconf 87' lang='lat' dir='ltr'><strong>terroribus</strong></span> <span class='ocrx_word' id='word_1_780' title='bbox 2455 5461 2760 5518; x_wconf 89' lang='lat' dir='ltr'><strong>abstulisse.</strong></span> <span class='ocrx_word' id='word_1_781' title='bbox 2805 5461 3008 5529; x_wconf 89' lang='lat' dir='ltr'><strong>Quibus</strong></span> <span class='ocrx_word' id='word_1_782' title='bbox 3030 5461 3236 5534; x_wconf 86' lang='lat' dir='ltr'><strong>justitia</strong></span> <span class='ocrx_word' id='word_1_783' title='bbox 3275 5474 3455 5521; x_wconf 87' lang='lat' dir='ltr'><strong>vestra</strong></span> 
     </span>
    </p>
   </div>
   <div class='ocr_carea' id='block_1_118' title="bbox 1858 5551 3451 5628">
    <p class='ocr_par' dir='ltr' id='par_1_118' title="bbox 1858 5551 3451 5628">
     <span class='ocr_line' id='line_1_119' title="bbox 1858 5551 3451 5628; baseline 0.004 -22"><span class='ocrx_word' id='word_1_784' title='bbox 1858 5551 1994 5627; x_wconf 84' lang='lat' dir='ltr'><strong>[alii,</strong></span> <span class='ocrx_word' id='word_1_785' title='bbox 2025 5554 2276 5608; x_wconf 88' lang='lat' dir='ltr'><strong>instantia</strong></span> <span class='ocrx_word' id='word_1_786' title='bbox 2323 5551 2530 5626; x_wconf 83' lang='lat' dir='ltr'><strong>nostra]</strong></span> <span class='ocrx_word' id='word_1_787' title='bbox 2578 5553 2634 5609; x_wconf 92' lang='lat' dir='ltr'><strong>in</strong></span> <span class='ocrx_word' id='word_1_788' title='bbox 2682 5554 3137 5612; x_wconf 75' lang='lat' dir='ltr'><strong>examinationem</strong></span> <span class='ocrx_word' id='word_1_789' title='bbox 3183 5558 3451 5628; x_wconf 88' lang='lat' dir='ltr'><strong>deductis,</strong></span> 
     </span>
    </p>
   </div>
   <div class='ocr_carea' id='block_1_119' title="bbox 1855 5645 3455 5718">
    <p class='ocr_par' dir='ltr' id='par_1_119' title="bbox 1855 5645 3455 5718">
     <span class='ocr_line' id='line_1_120' title="bbox 1855 5645 3455 5718; baseline 0.005 -20"><span class='ocrx_word' id='word_1_790' title='bbox 1855 5645 2110 5718; x_wconf 88' lang='lat' dir='ltr'><strong>quidquid</strong></span> <span class='ocrx_word' id='word_1_791' title='bbox 2141 5661 2304 5718; x_wconf 86' lang='lat' dir='ltr'><strong>super</strong></span> <span class='ocrx_word' id='word_1_792' title='bbox 2333 5647 2434 5702; x_wconf 86' lang='lat' dir='ltr'><strong>hac</strong></span> <span class='ocrx_word' id='word_1_793' title='bbox 2462 5655 2617 5716; x_wconf 89' lang='lat' dir='ltr'><strong>parte</strong></span> <span class='ocrx_word' id='word_1_794' title='bbox 2654 5646 2838 5718; x_wconf 90' lang='lat' dir='ltr'><strong>inique</strong></span> <span class='ocrx_word' id='word_1_795' title='bbox 2863 5657 3070 5716; x_wconf 89' lang='lat' dir='ltr'><strong>gestum</strong></span> <span class='ocrx_word' id='word_1_796' title='bbox 3101 5665 3220 5706; x_wconf 90' lang='lat' dir='ltr'><strong>esse</strong></span> <span class='ocrx_word' id='word_1_797' title='bbox 3250 5663 3455 5718; x_wconf 88' lang='lat' dir='ltr'><strong>cogno-</strong></span> 
     </span>
    </p>
   </div>
   <div class='ocr_carea' id='block_1_120' title="bbox 1857 5736 3449 5826">
    <p class='ocr_par' dir='ltr' id='par_1_120' title="bbox 1857 5736 3449 5826">
     <span class='ocr_line' id='line_1_121' title="bbox 1857 5736 3449 5826; baseline 0.003 -34"><span class='ocrx_word' id='word_1_798' title='bbox 1857 5740 2011 5804; x_wconf 77' lang='lat' dir='ltr'><strong>verit,</strong></span> <span class='ocrx_word' id='word_1_799' title='bbox 2063 5740 2257 5793; x_wconf 72' lang='lat' dir='ltr'><strong>annuis</strong></span> <span class='ocrx_word' id='word_1_800' title='bbox 2306 5736 2674 5803; x_wconf 84' lang='lat' dir='ltr'><strong>dilationibus,</strong></span> <span class='ocrx_word' id='word_1_801' title='bbox 2723 5739 2968 5826; x_wconf 64' lang='lat' dir='ltr'><strong>legalitcr</strong></span> <span class='ocrx_word' id='word_1_802' title='bbox 3011 5740 3299 5797; x_wconf 86' lang='lat' dir='ltr'><strong>ordinabit.</strong></span> <span class='ocrx_word' id='word_1_803' title='bbox 3351 5739 3449 5798; x_wconf 84' lang='lat' dir='ltr'><strong>llis</strong></span> 
     </span>
    </p>
   </div>
   <div class='ocr_carea' id='block_1_121' title="bbox 1853 5831 3454 5908">
    <p class='ocr_par' dir='ltr' id='par_1_121' title="bbox 1853 5831 3454 5908">
     <span class='ocr_line' id='line_1_122' title="bbox 1853 5831 3454 5908; baseline 0.002 -19"><span class='ocrx_word' id='word_1_804' title='bbox 1853 5851 1981 5896; x_wconf 64' lang='lat' dir='ltr'><strong>(-t&#39;g‘e)</strong></span> <span class='ocrx_word' id='word_1_805' title='bbox 2008 5851 2070 5888; x_wconf 80' lang='lat' dir='ltr'><strong>ac</strong></span> <span class='ocrx_word' id='word_1_806' title='bbox 2102 5832 2316 5896; x_wconf 80' lang='lat' dir='ltr'><strong>talibus,</strong></span> <span class='ocrx_word' id='word_1_807' title='bbox 2349 5846 2469 5896; x_wconf 73' lang='lat' dir='ltr'><strong>qua:</strong></span> <span class='ocrx_word' id='word_1_808' title='bbox 2497 5831 2565 5888; x_wconf 89' lang='lat' dir='ltr'><strong>ad</strong></span> <span class='ocrx_word' id='word_1_809' title='bbox 2594 5831 2880 5890; x_wconf 85' lang='lat' dir='ltr'><strong>utilitatem</strong></span> <span class='ocrx_word' id='word_1_810' title='bbox 2909 5833 3179 5901; x_wconf 85' lang='lat' dir='ltr'><strong>publicam</strong></span> <span class='ocrx_word' id='word_1_811' title='bbox 3210 5835 3296 5894; x_wconf 89' lang='lat' dir='ltr'><strong>vel</strong></span> <span class='ocrx_word' id='word_1_812' title='bbox 3323 5851 3454 5908; x_wconf 77' lang='lat' dir='ltr'><strong>pro-</strong></span> 
     </span>
    </p>
   </div>
  </div>
