3958 6456
456 1266 485 1341 Ᾰ

505 247 616 308 655

504 476 601 531 per
629 459 807 515 omnia
838 457 1083 513 volumus
1113 472 1291 526 agere,
1325 471 1443 526 qute
1473 464 1671 511 nostra:
1701 457 2099 512 mansuetudini

503 570 611 611 non
640 552 869 608 debeant
898 549 1202 621 displicere.
1240 548 1373 604 illud
1394 564 1521 605 sane
1552 548 1887 620 providentia
1915 559 2101 607 nostra

501 645 758 717 respexit,
792 653 850 699 ιιι
866 644 1113 700 omnibus
1143 658 1175 698 a
1203 652 1256 699 te
1278 643 1511 699 sollicita
1538 654 1702 715 atque
1721 644 1972 714 :equabili
2018 645 2101 700 in-

500 738 789 809 dagatione
816 735 1111 807 compertis
1140 734 1479 807 polyptychis
1501 743 1526 771 ι
1551 733 1843 804 iubeantur
1873 735 2098 801 ascribi;

500 841 767 905 quatenus
796 838 853 887 et
882 828 1187 886 testimonia
1216 827 1336 883 ﬁdei
1365 836 1560 883 vestra:
1582 827 1841 893 clareant,
1874 836 1928 883 et
1953 828 2100 884 nulla

500 926 756 998 posthac,
799 937 918 996 quae
960 919 1208 991 abrogari
1240 919 1267 960 ι)
1311 920 1593 990 volumus,
1645 920 1852 979 semina
1897 920 2101 978 fraudis

502 1018 787 1074 iterentur.

1048 1217 1382 1277 EPISTOLA
1424 1218 1543 1275 XV.

533 1372 799 1417 UNlVl-ZRSIS
870 1372 1268 1414 POSSESSOBIBUS
1338 1371 1391 1411 1N
1464 1369 1651 1411 δυΑνιΑ
1726 1367 2073 1411 CONSTITUTIS

1036 1467 1400 1508 THEODORICUS
1435 1467 1564 1507 REX.

505 1570 699 1627 Scribit
745 1587 799 1624 se
841 1570 909 1623 ad
954 1585 1040 1623 eos
1082 1568 1285 1623 misisse
1316 1566 1619 1622 Severinum
1649 1582 1764 1621 cum
1801 1566 2009 1633 edictis,
2042 1573 2099 1619 ut

754 1658 1023 1713 oppressos
1050 1640 1356 1697 tributorum
1385 1639 1610 1711 pondere
1639 1640 1849 1693 releret.

573 1805 720 1862 Licet
752 1805 961 1861 cunctis
992 1805 1360 1861 laborantibus
1380 1803 1666 1860 comitatus
1692 1810 1878 1859 noster
1902 1816 2100 1857 conce-

502 1901 611 1966 dat,
644 1900 755 1955 Deo
784 1899 1099 1965 auxiliante,
1135 1898 1422 1968 justitiam,
1454 1906 1510 1953 et
1542 1897 1669 1953 hinc
1696 1895 1935 1951 remedia
1974 1894 2101 1949 sub-

502 1993 656 2063 jectis
685 1992 753 2047 ad
798 1992 1036 2062 reliquas
1080 1992 1230 2060 regni
1260 1999 1461 2061 partes,
1510 1990 1662 2061 quasi
1710 2005 1740 2043 a
1784 1989 1907 2043 vivo
1949 1987 2101 2042 fonte

502 2084 851 2150 descendant,
884 2094 1065 2137 tamen
1096 2081 1359 2152 frequenti
1385 2082 1621 2137 aditione
1647 2080 1899 2152 permoti,
1948 2080 2099 2148 inge-

502 2179 653 2231 niosa
672 2178 869 2247 pietate
885 2175 1185 2246 reperimus
1206 2186 1255 2229 et
1279 2176 1586 2244 aequitatem
1608 2175 1760 2229 vobis
1782 2172 2097 2239 concedere,

504 2277 559 2322 et
589 2268 953 2336 latigationem
1010 2267 1157 2335 longi
1206 2267 1410 2321 itineris
1458 2267 1763 2334 abrogare:
1814 2266 1938 2334 quia
1983 2264 2103 2318 dul-

504 2360 653 2414 ciora
684 2368 809 2414 sunt
854 2356 1116 2413 beneﬁcia
1146 2374 1265 2427 qum
1310 2357 1467 2411 nullis
1510 2356 1911 2413 diflicultatibus
1957 2356 2100 2411 obti-

505 2459 721 2507 nentur.
755 2451 996 2506 Misimus
1027 2452 1209 2521 itaque
1242 2451 1503 2507 illustrem
1533 2460 1588 2507 et
1626 2451 1965 2522 magniﬁcum
2006 2452 2104 2507 Se-

504 2545 750 2599 verinum
801 2544 1002 2599 nostris
1049 2544 1476 2599 institutionibus
1529 2544 1839 2610 eruditum,
1888 2552 1947 2598 ut
2000 2544 2103 2599 hoc

506 2638 649 2709 apud
683 2654 778 2694 vos
805 2646 1019 2707 gereret
1043 2636 1187 2707 quod
1209 2637 1363 2692 nobis
1385 2653 1597 2707 semper
1617 2637 1879 2707 placuisse
1904 2649 2105 2704 cogno-

505 2732 598 2786 vit.
625 2729 771 2785 Vidit
793 2730 939 2785 enim
962 2745 1123 2800 quam
1147 2729 1478 2783 honorabilis
1499 2728 1640 2799 apud
1668 2744 1767 2783 nos
1792 2727 1967 2797 justus
1992 2726 2104 2799 84.

504 2832 788 2895 habeatur,
838 2826 1288 2900 quemadmodum
1336 2828 1495 2883 bonis
1543 2827 1753 2883 actibus
1811 2827 2100 2881 clementia

503 2935 703 2980 nostra:
728 2922 1033 2977 serenitatis
1078 2920 1332 2975 arrident.
1386 2919 1619 2975 Exercet
1668 2918 1911 2991 profecto
1958 2918 2103 2989 quod

503 3032 605 3072 nos
633 3010 911 3084 gratanter
948 3014 1181 3068 aestimat
1230 3013 1511 3081 accipere;
1561 3028 1661 3067 nec
1710 3017 1889 3080 potest
1933 3009 2101 3064 amari

1728 242 1799 301 Μ.
1839 242 2119 304 AURELII
2156 244 2555 307 CASSIODORI

504 364 763 422 vinciales
785 362 1074 436 pertinent,
1102 364 1203 417 sub
1226 358 1372 418 omni
1401 358 1611 416 ratione
1633 359 1907 425 discussis,
1952 376 2013 417 ea
2048 370 2101 419 te
2134 370 2174 429 Α

3700 249 3807 306 656

2757 363 3093 421 EPISTOLA
3129 362 3265 421 XVI.

2238 517 2569 559 ABl’NDANTIO
2602 519 2894 559 PREFKCCTO
2925 519 3207 558 ΡΒᾸΞΤΟῙΚΙΟ
3236 516 3610 558 τηεουοιιιςυε
3642 517 3773 554 RES.

2203 615 2453 689 Pra’cipit
2490 628 2544 673 ut
2585 635 2673 690 per
2716 630 2951 673 cunctam
2998 618 3216 672 Italiam
3262 618 3517 690 inquiral,
3570 629 3810 687 ematqae

2275 690 2418 761 ligna
2460 690 2529 743 ad
2558 691 2698 744 mille
2743 691 3017 745 dromones
3045 692 3438 754 construendos,
3462 699 3516 742 et
3562 690 3807 742 idoneum

2274 770 2551 814 nautarum
2582 779 2845 816 numerum
2875 761 3123 815 classibus
3155 761 3463 816 serviturum
3487 761 3731 832 colligat.

2274 896 2530 965 Quamvis
2561 899 2711 953 utilia
2732 897 2942 969 reipub.
2970 906 3152 954 nostra
3170 912 3387 969 semper
3410 897 3807 955 consuetudine

2201 1004 2541 1057 censeamus,
2574 1000 2629 1048 et
2656 981 2739 1048 οιί
2755 990 2809 1046 id
2836 992 3084 1047 omnibus
3112 990 3319 1062 possint
3348 1005 3468 1046 esse
3497 991 3806 1059 gratissima

2202 1098 2321 1154 qua:
2370 1082 2639 1152 jubemus,
2691 1084 2817 1154 quia
2864 1083 3071 1138 cunctis
3119 1081 3403 1154 profutura
3458 1091 3805 1138 noscuntur:

2202 1174 2540 1231 tractandum
2566 1182 2745 1231 tamen
2775 1183 2877 1242 est,
2911 1184 2972 1231 ut
3018 1175 3279 1246 principis
3307 1174 3647 1230 desiderium
3681 1177 3808 1231 nulli

2203 1267 2435 1323 existere
2462 1267 2658 1323 debeat
2680 1282 2990 1323 onerosum.
3024 1265 3156 1321 Nam
3186 1267 3231 1320 si
3276 1267 3540 1336 praeclare
3571 1266 3808 1335 cogitata

2202 1374 2313 1413 non
2342 1357 2482 1413 bene
2512 1366 2763 1427 agantur,
2794 1358 3003 1429 ingrata
3035 1366 3159 1414 sunt
3185 1375 3199 1424 ;
3235 1357 3366 1413 illud
3388 1366 3581 1412 autem
3612 1358 3805 1412 solum-

2202 1448 2365 1504 modo
2392 1447 2691 1519 perfectum
2717 1449 2929 1515 dicitur,
2964 1449 3109 1518 quod
3138 1448 3203 1504 de
3243 1448 3529 1503 voluntate
3558 1449 3728 1504 simul
3758 1461 3807 1503 et

2203 1540 2418 1596 actione
2446 1539 2713 1595 laudatur.
2756 1539 2890 1596 Cum
2927 1550 3170 1596 nostrum
3200 1540 3363 1611 igitur
3409 1540 3662 1594 animum
3703 1541 3803 1595 fre-

2204 1649 2374 1705 quens
2394 1649 2523 1690 cura
2552 1634 2815 1704 pulsaret,
2860 1649 3026 1689 naves
3067 1633 3274 1688 italiam
3316 1648 3425 1687 non
3457 1632 3693 1692 habere,
3726 1635 3805 1686 ubi

2128 1756 2177 1817 Β
2206 1734 2353 1781 tanta
2415 1726 2683 1795 lignorum
2721 1726 2880 1796 cepia
2923 1724 3263 1793 suffragatur,
3316 1732 3374 1777 ut
3413 1724 3540 1777 aliis
3597 1739 3808 1794 quoque

2204 1820 2498 1890 provinciis
2523 1819 2761 1891 expetita
2784 1817 3128 1881 transmittat,
3155 1814 3265 1870 Deo
3296 1814 3456 1869 nobis
3484 1814 3803 1885 inspirante,

2205 1912 2542 1969 decrevimus
2585 1913 2731 1967 mille
2780 1912 2992 1966 interim
3041 1910 3329 1967 dromones
3378 1908 3402 1943 ά
3459 1908 3806 1964 fabricandos

2204 2020 2497 2072 assumere,
2524 2005 2615 2075 qui
2644 2012 2698 2059 et
2725 2002 2992 2058 frumenta
3013 2001 3222 2072 publica
3248 1999 3459 2070 possint
3483 2000 3805 2063 convehere,

2206 2104 2262 2151 et
2287 2096 2525 2151 adversis
2554 2095 2801 2160 navibus,
2850 2094 2897 2148 si
2944 2107 3165 2151 necesse
3194 2091 3374 2156 fuerit,
3406 2091 3665 2147 obviare.
3712 2090 3805 2146 Sed

2204 2197 2367 2243 tanta:
2398 2189 2475 2244 rei
2520 2203 2682 2258 quem
2711 2186 3080 2242 desideramus
3109 2183 3383 2252 ell'ectum,
3416 2184 3807 2251 magnitudinis

2203 2289 2397 2336 vestra:
2450 2277 2815 2334 sollicitudine
2866 2277 3135 2333 credimus
3185 2291 3305 2333 esse
3372 2276 3802 2346 procurandum.

2204 2372 2439 2443 Ideoque
2468 2388 2567 2443 per
2590 2380 2842 2427 cunctam
2864 2370 3069 2426 Italiam
3100 2371 3318 2427 directis
3343 2370 3660 2426 artiﬁcibus
3689 2381 3804 2441 apta

2206 2466 2360 2536 operi
2390 2465 2532 2533 ligna
2573 2465 2845 2534 perquire.
2880 2464 2949 2518 Et
2986 2464 3159 2520 sicubi
3199 2479 3494 2535 cupressos
3524 2473 3629 2518 aut
3655 2466 3802 2535 pinos

2203 2558 2469 2629 repereris
2498 2558 2549 2612 in
2570 2558 2845 2615 vicinitate
2869 2558 3082 2625 littoris,
3110 2558 3237 2615 dato
3262 2560 3605 2630 competenti
3638 2561 3804 2631 pretio

2204 2651 2435 2707 dominis
2480 2651 2809 2707 consulatur.
2868 2650 2995 2707 llmc
3024 2652 3163 2707 enim
3196 2661 3403 2707 tantum
3434 2663 3569 2709 sunt
3596 2669 3720 2724 qua:
3746 2654 3803 2709 ad

2206 2743 2537 2798 taxationem
2566 2753 2846 2799 vocentur.
2881 2743 3089 2800 Cretera
3136 2746 3341 2801 vilitate
3387 2746 3475 2802 sui
3519 2762 3635 2802 non
3677 2747 3803 2801 indi-

2204 2846 2331 2907 gent
2358 2836 2629 2891 :estimari.
2662 2836 2768 2893 Sed
2798 2853 2867 2892 ne
2907 2838 3147 2908 provisio
3176 2848 3363 2895 nostra
3389 2840 3443 2894 in
3475 2840 3681 2895 mediis
3722 2856 3803 2895 co-

2204 2931 2418 2986 natibus
2459 2931 2673 2986 deserta
2722 2930 3074 3000 languescat,
3118 2942 3404 2987 nautarum
3462 2942 3521 2987 te
3561 2932 3803 3002 jubemus

2204 3022 2305 3077 sub
2340 3022 2442 3077 hac
2490 3021 2865 3077 moderatione
2914 3022 3025 3093 jam
3076 3040 3217 3079 nunc
3246 3034 3661 3095 competentem
3711 3042 3801 3079 nn-

503 3106 772 3178 rapacitas
802 3105 1103 3160 continenti
1134 3104 1363 3173 principi
1390 3104 1532 3157 nulla
1560 3102 1929 3172 redemptione
1956 3100 2096 3175 [Cuj.
2128 3141 2174 3205 C
2206 3129 2437 3183 merum,
2487 3114 2696 3169 penam
2733 3113 2995 3183 iuvante,
3045 3131 3356 3185 procurare.
3419 3114 3487 3170 Ει
3536 3118 3582 3171 si
3627 3118 3671 3171 is
3718 3116 3801 3186 qui

506 3199 600 3254 Cr.
649 3208 698 3253 et
742 3198 897 3264 For.,
927 3195 1161 3267 ratione]
1192 3197 1474 3266 placitura.
1528 3194 1923 3250 Przesuincnter
1969 3209 2100 3263 ergo

506 3293 794 3349 conveniat
830 3291 898 3345 ad
938 3306 1063 3345 eum
1092 3289 1348 3343 lmsorum
1380 3288 1639 3341 tumultus
1668 3304 1680 3352 ;
1712 3295 1892 3356 speret
1920 3301 2100 3341 reme-

508 3386 660 3441 dium
707 3385 948 3454 qualibct
996 3398 1212 3453 pressus
1258 3382 1471 3451 injuria.
1529 3380 1907 3436 Diﬂicultatcm
1947 3380 2101 3435 vobis

509 3477 745 3549 querelae
767 3476 1167 3539 submovemus,
1193 3472 1318 3527 dum
1350 3473 1405 3526 in
1436 3472 1566 3543 ipsis
1586 3472 1867 3527 cunabulis
1892 3472 2099 3527 scelera

509 3570 800 3626 commissa
827 3578 1176 3633 resecantur;
1226 3566 1345 3621 sine
1400 3566 1577 3635 aliqua
1622 3564 1909 3620 formidine
1937 3564 2099 3621 alieni

510 3667 697 3721 tributi
731 3665 939 3721 sarcina
970 3673 1221 3734 gravatus
1250 3666 1535 3730 exclamet,
1568 3672 1888 3733 accepturus
1930 3678 2097 3717 reme-

509 3760 655 3814 dium
678 3757 821 3829 quod
864 3758 931 3812 de
978 3757 1185 3825 legibus
1212 3756 1394 3811 habet.
1445 3755 1535 3810 Sic
1561 3756 1704 3810 enim
1755 3755 2095 3822 conﬁdimus,

508 3851 631 3921 quia
662 3866 760 3921 per
784 3866 878 3906 eos
904 3865 1041 3921 quos
1077 3850 1315 3904 instituta
1346 3857 1527 3904 nostra
1560 3857 1911 3919 componunt,
1949 3848 2099 3902 inno—

507 3943 755 3997 centibus
783 3942 1104 3996 detrimenta
1155 3956 1261 3996 non
1311 3941 1549 3996 veniant.
1600 3940 1787 4007 Qualia
1818 3955 1949 3995 vero
1998 3955 2096 4009 pro

507 4036 690 4103 quiete
718 4044 896 4091 vestra
925 4036 1005 4089 vel
1035 4035 1343 4104 :equalitate
1394 4035 1713 4089 tributorum
1763 4034 2098 4104 disponenda

509 4130 814 4184 censuimus
843 4128 1060 4183 oracula
1096 4139 1118 4168 ο
1145 4137 1349 4193 nostra,
1377 4145 1497 4198 quze
1530 4128 1775 4183 dedimus
1806 4128 1873 4182 ad
1921 4144 2100 4199 supra-

507 4220 709 4275 dictqu
737 4223 908 4275 virum
933 4222 1193 4276 illustrem
1224 4224 1569 4286 Severinum,
1611 4221 1823 4290 vulgata
1867 4222 2098 4277 declara-

507 4311 670 4379 bunt;
722 4323 779 4367 ut
805 4315 1173 4385 unusquisque
1219 4314 1358 4370 unde
1403 4314 1712 4385 supplicare
1748 4315 1963 4383 debeat,
1995 4316 2098 4373 evi-

511 4402 699 4459 denter
727 4414 999 4475 agnoscat.

585 4713 610 4741 ιι
644 4702 699 4757 Id
729 4710 831 4771 est,
864 4700 1008 4774 libris
1034 4700 1357 4774 censualibus
1384 4713 1434 4757 et
1454 4704 1776 4774 publicarum
1816 4704 2095 4771 rationum,

511 4771 831 4830 Smnoxnus.
860 4801 931 4811 -—-
963 4772 1121 4835 Infra,
1146 4774 1251 4827 hoc
1280 4774 1396 4842 lili.,
1431 4771 1586 4844 epist.
1626 4775 1694 4828 56
1725 4785 1779 4829 et
1808 4775 1895 4830 59.
1929 4774 2095 4829 Andr.

509 4847 751 4901 Alciatus
780 4845 869 4899 lib.
904 4861 1096 4917 tt,cap.
1120 4844 1209 4917 ‘26,
1248 4859 1460 4917 parcrg.
1499 4846 1659 4915 Grcg.
1694 4846 1785 4899 lib.
1817 4862 1909 4915 vn,
1935 4847 2094 4917 epist.

509 4918 599 4982 40,
623 4927 677 4971 et
698 4917 790 4970 lib.
821 4933 911 4981 xu,
938 4916 1096 4986 epist.
1128 4916 1212 4969 50.
1244 4916 1407 4970 Fons.

580 4989 605 5027 ε)
635 4989 713 5042 ()b
736 5004 853 5041 eam
885 4988 1010 5042 olim
1055 5002 1272 5041 causam
1317 4986 1521 5058 tabula)
1565 4987 1886 5042 tributorum
1918 4986 2094 5058 publi-

507 5060 645 5115 citus
664 5059 1070 5147 JBClgeballllll‘.
1103 5066 1245 5112 cent.
1298 5056 1349 5122 6,
1404 5073 1521 5128 cap.
1553 5058 1622 5113 54
1649 5068 1703 5115 et
1726 5058 1825 5125 40;
1858 5056 2003 5115 cent.
2036 5059 2089 5130 l,

508 5148 629 5203 cap.
664 5130 750 5184 72.
782 5130 946 5186 Fons.

583 5213 605 5241 ο
635 5200 885 5267 Oracula,
916 5202 1005 5256 lib.
1042 5198 1141 5256 lC.
1188 5199 1393 5255 Theod.
1438 5201 1503 5256 de
1527 5202 1601 5256 rei
1632 5202 1855 5271 vindic.,
1881 5212 1933 5258 et
1965 5203 2001 5256 l.
2032 5202 2089 5268 2,

507 5274 576 5329 de
603 5274 767 5343 epise.
802 5272 947 5338 aud.,
982 5281 1037 5327 et
1059 5272 1100 5343 l.
1136 5288 1171 5333 ι,
1204 5272 1246 5343 si
1272 5286 1365 5343 per
1386 5272 1622 5343 obrept.;
1652 5285 1706 5329 et
1736 5276 1771 5328 Ι.
1807 5274 1858 5339 5,
1889 5274 1956 5327 de
1983 5274 2090 5328 ba:-

508 5342 702 5402 rct.:’l.
737 5344 823 5408 13,
850 5344 917 5399 de
952 5342 1092 5415 med.
1137 5342 1260 5415 cod.
1301 5342 1541 5415 Superba
1572 5346 1875 5415 principum
1907 5346 1973 5400 de
2003 5360 2089 5399 se-

507 5417 639 5489 ipsis
666 5416 879 5489 oratio;
910 5414 1083 5489 qualis
1115 5413 1307 5489 et-illa,
1340 5413 1415 5489 ad
1447 5413 2088 5489 orationemaetcrnitatis

506 5483 725 5551 nostnc,
758 5486 792 5538 l.
848 5486 880 5538 5
908 5486 967 5540 C.
1001 5483 1207 5538 Theod.
1236 5485 1303 5539 de
1333 5484 1546 5552 fabrie.;
1584 5487 1619 5540 l.
1660 5486 1714 5553 2,
1742 5487 1803 5541 C.
1831 5488 1955 5541 eod.
1979 5485 2087 5540 Sed

506 5573 609 5613 nec
637 5557 853 5611 ferenda
886 5556 1005 5620 ista,
1042 5556 1239 5610 nostris
1276 5556 1532 5610 altaribus
1581 5558 1852 5625 suggestio
1891 5556 2085 5611 oﬁere-

507 5630 683 5691 batur,
717 5628 751 5680 Ι.
784 5628 879 5680 υιι.
914 5627 980 5680 de
1011 5626 1377 5681 relationibus.
1422 5626 1483 5681 C.
1514 5626 1719 5682 Theod.
1754 5628 1932 5681 novel.
1976 5626 2088 5681 Au-

511 5700 659 5752 tlien.
693 5697 757 5752 de
788 5697 995 5751 mulier.
1026 5714 1143 5766 qua:
1166 5714 1223 5751 se
1246 5713 1387 5751 serv.
1422 5697 1690 5751 Valentin.
1726 5698 1922 5752 novell.
1949 5715 1986 5762 ι,
2021 5698 2088 5753 de

509 5776 749 5832 testam;
782 5768 816 5820 l.
851 5767 1318 5835 8,quicunque,C.
1354 5767 1556 5823 TilCOti.
1582 5789 1778 5827 numen
1810 5785 2083 5837 nostrum:

514 5839 552 5897 l.
585 5837 851 5909 un.,Cod.
886 5837 1092 5900 Theod.
1134 5838 1201 5895 de
1230 5840 1575 5912 imaginibus,
1606 5846 1755 5913 quasi
1789 5863 1893 5901 non
1944 5838 2085 5903 tum;

2206 3203 2361 3259 nobis
2406 3203 2741 3259 necessarius
2765 3204 3081 3271 aestimatur,
3131 3220 3319 3261 servus
3359 3205 3530 3261 fuerit
3573 3208 3795 3273 alienus,

2207 3308 2300 3353 aut
2327 3299 2592 3354 conducat
2631 3313 2754 3353 eum
2804 3297 3063 3353 classibus
3092 3299 3437 3361 serviturum,
3469 3309 3592 3359 aut,
3628 3300 3674 3353 si
3706 3300 3803 3353 hoc

2205 3393 2321 3464 ipse
2362 3392 2531 3460 magis
2555 3391 2797 3459 elegerit,
2854 3401 3078 3461 accepto
3118 3392 3294 3461 pretio
3327 3392 3649 3459 rationabili,
3697 3407 3803 3460 pu-

2202 3484 2346 3539 blico
2377 3483 2533 3539 cedat
2553 3482 2635 3537 sui
2660 3481 2783 3551 jura
2812 3482 3052 3537 dominii.
3087 3482 3143 3538 Si
3167 3498 3299 3537 vero
3322 3482 3565 3537 libertate
3595 3481 3805 3550 gaudet

2207 3576 2441 3643 electus,
2484 3576 2678 3644 quinos
2721 3574 2926 3630 solidos
2954 3574 3287 3641 donativum,
3324 3582 3381 3630 et
3423 3590 3697 3629 annonam
3745 3590 3802 3630 se

2207 3669 2417 3726 noverit
2462 3671 2706 3739 accipere
2745 3677 3164 3739 competentem.
3196 3668 3273 3724 Eo
3301 3668 3463 3724 modo
3492 3678 3551 3723 et
3582 3668 3662 3723 illi
3692 3678 3800 3723 tra-

2206 3762 2387 3818 ctandi
2412 3772 2537 3816 sunt
2562 3760 2651 3831 qui
2679 3775 2709 3813 a
2732 3760 2844 3815 suis
2882 3758 3115 3814 dominis
3144 3769 3438 3827 exuuntur,
3485 3760 3711 3828 quando
3738 3760 3797 3813 li-

2204 3853 2434 3909 bertatis
2461 3866 2630 3920 genus
2665 3860 2748 3908 est
2782 3853 2987 3908 servire
3034 3853 3251 3908 rectori.
3286 3851 3635 3920 Frequenter
3666 3853 3796 3907 enim

2204 3942 2450 3998 laborum
2497 3944 2763 4013 patientes
2812 3943 3069 4008 existunt,
3102 3942 3297 4012 quibus
3322 3942 3560 3997 districti
3602 3942 3799 3998 domini

2203 4036 2341 4093 colla
2366 4046 2683 4107 presserunt
2717 4055 2729 4091 :
2760 4036 2834 4090 ita
2879 4045 3058 4093 tamen
3088 4046 3147 4091 ut
3174 4036 3468 4107 supradicti
3511 4047 3695 4091 nautae
3723 4053 3800 4090 ar-

2203 4131 2421 4185 rliarum
2450 4129 2582 4203 [ed.,
2615 4134 2887 4201 curarum]
2932 4131 3151 4185 nomine
3176 4145 3276 4201 pro
3308 4130 3601 4185 hominum
3631 4130 3795 4201 quali-

2203 4230 2316 4278 tate
2364 4222 2520 4279 binos
2566 4232 2659 4279 aut
2685 4224 2859 4278 trinos
2887 4222 3091 4281 solidos
3129 4240 3160 4277 a
3190 4233 3370 4279 nostra
3409 4223 3653 4279 debeant
3682 4223 3799 4279 sede

2203 4315 2523 4388 percipere;
2554 4324 2824 4386 quatenus
2852 4317 3221 4387 unusquisque
3256 4332 3377 4372 cum
3409 4316 3578 4371 fuerit
3618 4316 3800 4371 admo-

2204 4412 2370 4481 nitus,
2403 4421 2622 4483 paratus
2660 4412 2860 4469 debeat
2900 4412 3149 4469 inveniri.
3194 4411 3502 4469 Piscatores
3532 4426 3667 4469 vero
3696 4426 3798 4467 non

2206 4705 2298 4760 tali
2330 4705 2609 4781 hominum
2639 4704 2949 4762 conditione
2973 4722 3036 4763 ac
3064 4704 3203 4781 lege,
3255 4708 3347 4781 se_d
3372 4703 3641 4773 singulari
3666 4704 3796 4759 divi-

2203 4793 2384 4847 noque
2400 4778 2520 4846 jure
2549 4779 2903 4847 imperatores
2929 4777 3272 4833 censeaniur.
3300 4777 3470 4831 Fons.

2274 4794 2384 4900 θέω
2400 4794 2520 4846 jure
2549 4794 2903 4847 imperatores
2929 4794 3272 4833 censeantur.
3300 4794 3470 4831 I‘ORN.

2350 4849 2675 4913 ternitatem,
2707 4848 2894 4902 altaria
2926 4857 2980 4902 et
3008 4863 3204 4903 numen
3231 4848 3537 4917 principum
3589 4846 3789 4901 notavit

2200 4917 2463 4988 DJuret.
2499 4918 2564 4972 ad
2590 4918 2990 4988 Symmachum.
3027 4920 3116 4973 lib.
3152 4916 3341 4988 iv,’ep.
3378 4916 3465 4988 54.

2271 4986 2297 5026 ἀ
2329 4986 2821 5044 ῡιοιηοηθείιίινεε
2850 4998 2994 5054 sunt,
3042 4998 3101 5043 ut
3128 4986 3343 5044 Ethicus
3386 4987 3569 5043 Hister
3612 4987 3791 5042 scribit

2199 5059 2291 5115 lib.
2312 5077 2363 5114 v.
2380 5059 2577 5114 Harum
2601 5068 2657 5114 ut
2677 5060 2743 5113 ad
2765 5075 2879 5115 rem
2898 5059 3300 5114 frumentariam
3328 5068 3579 5130 aptarunt
3607 5075 3790 5130 mem:-

2197 5132 2278 5185 nit
2305 5132 2391 5186 hic
2419 5130 2788 5196 Cassiodorus,
2825 5146 2854 5185 a
2884 5132 3078 5199 quibus
3107 5142 3159 5184 et
3185 5129 3513 5185 dromonarii
3575 5129 3790 5182 navicu-

2196 5201 2315 5256 larii
2371 5203 2517 5257 dicti.
2577 5199 2645 5255 Et
2693 5199 2987 5270 Procopius
3017 5202 3107 5255 lib.
3142 5218 3197 5255 ιιι
3229 5202 3292 5255 de
3339 5200 3482 5254 Bello
3528 5199 3790 5253 Gntliim:

2198 5272 2384 5327 Isidor.
2418 5272 2508 5327 lib.
2536 5288 2589 5326 ιτ(
2622 5272 2879 5343 Etymol.,
2905 5288 3021 5341 cap.
3061 5272 3110 5337 1,
3145 5273 3433 5343 dromoncs
3464 5270 3658 5338 longas
3701 5284 3790 5320 na-

2198 5360 2290 5399 ves
2321 5352 2478 5399 vocat
2510 5362 2523 5397 :
2565 5342 2705 5412 quze,
2751 5344 3004 5413 quoniam
3038 5342 3483 5415 fugaecursuique
3535 5350 3791 5415 υεῳυιιιις

2199 5417 2379 5469 niores
2420 5424 2562 5485 sunt,
2614 5416 2716 5485 ἀπὸ
2746 5412 2838 5485 eos
2895 5414 3085 5485 (ᾖοόμου
3133 5413 3288 5485 dieue
3325 5412 3601 5485 videntur,
3639 5412 3789 5485 quad

2192 5487 2499 5541 cursuariac.
2524 5484 2630 5539 Jul.
2676 5484 2867 5539 Pollux
2893 5481 3171 5538 Onomast.
3218 5482 3284 5535 ad
3314 5481 3605 5536 Commod.
3639 5481 3786 5549 imp.,

2194 5556 2686 5628 holcadasvocavit
2711 5572 2731 5628 ;_
2752 5554 3062 5623 Fulgentius
3082 5568 3210 5608 vero
3236 5552 3492 5628 ρομςὶδηγ
3518 5552 3785 5628 lenibunt;

2194 5628 2287 5681 sed
2318 5636 2374 5682 et
2423 5626 2773 5696 Moschopulo
2826 5628 2926 5685 θωὴ
2969 5634 3119 5689 ναῦς;
3171 5623 3369 5696 usitagi
3416 5623 3584 5676 etiim
3615 5623 3788 5696 nautis

2195 5696 2423 5824 ἔλθοι-ἐφ
2455 5693 2697 5753 nostrum
2726 5696 3093 5753 accolentibus
3122 5709 3275 5759 voce,
3312 5693 3491 5758 Toue;
3547 5696 3689 5767 παρὰ
3736 5695 3786 5748 τὸ

2225 5778 2316 5824 εῖν.
2395 5784 2519 5824 Οιιις.

2193 5771 2316 5825 θεῖν.
2350 5771 2519 5825 Ιτοιιις.
