3958 6450
520 331 628 392 ῧ59

1055 454 1391 512 EPISTOLA
1429 454 1571 512 XIX.

782 587 1082 627 GUDINANDO
1112 586 1287 626 SAJONI
1317 583 1686 626 τηεουοιιιοιιε
1713 581 1838 623 REX.

504 725 507 728 _
569 663 724 719 Jubct
747 672 801 718 ut
831 663 1030 719 collecti
1061 672 1235 719 nauta:
1261 663 1560 718 Ravennam
1588 663 1737 717 citius
1764 662 2054 715 mittantur.

591 776 796 848 Maiora
824 777 926 832 sibi
957 778 1086 834 facit
1112 777 1258 833 credi
1285 777 1527 849 quisquis
1549 775 1840 832 ellicaciter‘
1869 773 2108 843 injuncta

519 869 792 940 peregerit
817 885 830 921 :
856 867 981 938 quia
1011 865 1375 922 indubitanter
1403 867 1480 922 illi
1511 866 1710 937 aliquid
1734 867 2102 930 committitur,

520 955 613 1029 qui
658 959 862 1029 optime
907 961 1317 1030 comprobatur;
1368 965 1423 1014 et
1470 959 1756 1014 honestum
1801 951 2109 1026 sull‘ragium

522 1055 607 1106 est
636 1059 664 1089 α
714 1050 933 1107 secundi
977 1049 1200 1121 judicii,
1247 1051 1628 1106 documentum
1669 1051 1884 1122 prioris.
1937 1051 2112 1119 Atque

523 1141 650 1197 ideo
693 1142 1035 1198 ordinatione
1078 1141 1480 1211 magniﬁcorum
1519 1143 1756 1196 virorum
1786 1137 2110 1197 Abundantii

522 1233 765 1304 praefecti
793 1234 1068 1304 praetorio,
1114 1241 1274 1302 atque
1315 1231 1500 1288 Uvilite
1546 1233 1758 1289 comitis
1804 1234 2112 1304 patrimonii

524 1324 592 1378 ad
624 1325 768 1379 illam
810 1326 1141 1395 provinciam
1171 1334 1222 1381 te
1260 1325 1513 1394 jubemus
1543 1340 1862 1391 excurrere;
1915 1333 1973 1380 ut
2003 1333 2112 1381 tam

527 1416 597 1472 de
625 1416 789 1474 domo
832 1420 979 1490 regia
1005 1436 1163 1490 quam
1195 1420 1248 1474 in
1280 1420 1408 1476 locis
1447 1420 1564 1474 aliis
1590 1419 1896 1475 habitantes
1923 1435 2114 1475 secun-

525 1509 652 1564 dum
686 1511 864 1581 priora
888 1520 1154 1583 przecepta
1185 1511 1432 1583 provisos
1481 1519 1670 1566 nautas
1700 1510 1764 1564 ad
1794 1511 1980 1566 urbem
2009 1511 2113 1566 Rar

525 1609 811 1656 vennatem
841 1601 932 1657 die
957 1601 1139 1658 iduum
1161 1600 1456 1666 Juniarum,
1491 1601 1602 1656 Deo
1625 1601 1934 1668 auxiliante,
1966 1601 2117 1656 l'esti-

525 1707 657 1747 nare
685 1693 1009 1764 compellas;
1053 1705 1322 1766 quatenus
1368 1694 1516 1749 nulla
1546 1693 1770 1748 tarditas
1817 1701 1927 1747 tam
1974 1708 2113 1762 pra:-

524 1786 684 1843 claris
707 1787 1038 1857 iussionibus
1067 1789 1340 1846 all‘eratur.
1364 1789 1509 1845 Cave
1529 1803 1658 1859 ergo
1681 1805 1748 1845 ne
1775 1798 1828 1845 te
1854 1789 2115 1845 venalitas

521 1880 776 1949 maculet,
797 1891 888 1938 aut
908 1883 1184 1952 neglectus
1203 1883 1656 1954 turpisinvolvat;
1691 1891 1746 1938 et
1770 1889 1879 1936 tam
1909 1895 2114 1950 magna:

522 1975 602 2031 rei
632 1991 794 2046 supra
821 1985 874 2032 te
904 1979 1111 2034 ruentis
1153 1979 1394 2050 pondere
1438 1976 1832 2049 comprimaris,
1880 1975 1925 2033 si
1956 1977 2117 2032 tantis

522 2081 591 2123 ac
615 2067 808 2125 talibus
835 2071 998 2126 rebus
1025 2054 1200 2142 impar
1227 2070 1519 2126 exstiteris.

1082 2203 1412 2260 EPISTULA
1450 2203 1570 2260 XX.

847 2312 1037 2353 AYILFO
1065 2311 1243 2352 BAJONI
1273 2311 1640 2353 TUEODORICUS
1669 2312 1793 2353 REX.

526 2408 724 2465 Statuit
766 2420 820 2464 ut
860 2412 928 2464 ad
963 2413 1132 2482 ripam
1154 2410 1291 2465 Padi
1319 2425 1436 2464 cum
1482 2410 1768 2482 artiﬁcibus
1807 2408 2020 2464 accedat
2047 2410 2116 2462 ad

594 2482 740 2552 tigna
788 2481 1122 2536 dromonibus
1153 2493 1275 2553 apta
1317 2482 1659 2553 concidenda,
1710 2481 1898 2552 absque
1946 2491 2115 2534 tanien

596 2551 949 2622 possessorum
986 2551 1195 2624 tianmo.
1235 2551 1302 2606 Et
1335 2551 1481 2624 jubet
1526 2555 1582 2605 ut
1631 2551 1938 2624 auferantur
1970 2569 2115 2624 sepes

593 2640 626 2676 α
649 2624 945 2692 ﬂuminibus
969 2623 1188 2691 Mincio,
1217 2623 1376 2688 Ultio,
1410 2628 1626 2687 Ansere,
1660 2623 1830 2677 Tiberi
1875 2631 1924 2676 et
1950 2623 2112 2688 Arna,

593 2710 692 2764 quo
722 2695 854 2749 alvei
881 2704 1076 2749 tractus
1105 2694 1234 2749 liber
1261 2696 1329 2749 sit
1357 2696 1564 2749 navium
1583 2694 1902 2748 excursibus.

591 2785 705 2856 86
728 2784 832 2840 Per
861 2794 1144 2857 utramque
1168 2788 1340 2858 ripam
1365 2785 1494 2840 Padi
1540 2786 1766 2857 reperiri
1797 2787 1940 2855 ligna
1961 2797 2114 2841 com-

521 2876 761 2948 perimus
789 2875 1115 2933 fabricandis
1157 2884 1284 2949 apta
1321 2878 1690 2934 dromonlbus.
1740 2876 1974 2949 ideoque
2021 2878 2114 2932 tibi

520 2968 773 3039 praesenti
797 2968 1041 3039 jussione
1089 2968 1420 3041 delegamus,
1466 2977 1526 3026 ut
1554 2969 1850 3026 secundum
1898 2968 2116 3023 ordina-

523 3059 725 3116 tionem
773 3061 1179 3131 magnilicorum
1226 3064 1468 3119 virorum
1515 3061 1846 3118 Abundantii
1880 3059 2116 3132 prtefecti

521 3153 776 3223 przctorio
806 3162 967 3224 atque
992 3151 1180 3209 Uviliae
1202 3154 1413 3210 comitis
1440 3151 1750 3224 patrimonii
1781 3151 1848 3204 ad
1874 3150 1993 3206 loca
2022 3154 2116 3206 de-

522 3246 733 3316 signata
762 3261 884 3299 cum
914 3245 1214 3301 artificibus
1238 3245 1610 3300 incunctanter
1638 3242 1895 3309 accedas;
1924 3250 1978 3297 et
2003 3242 2115 3298 sive
2143 3228 2188 3294 C

522 3325 580 3392 in
609 3336 770 3391 domo
802 3337 969 3406 regia,
1023 3351 1119 3390 seu
1144 3335 1200 3391 in
1241 3335 1450 3406 privata
1491 3342 1706 3404 reperta
1739 3331 1953 3397 fuerint,
1999 3331 2115 3388 sine

524 3424 704 3495 aliqua
734 3423 898 3480 facies
943 3424 1194 3480 tarditate
1240 3424 1521 3500 procurari
1557 3441 1569 3477 :
1602 3423 1728 3494 quia
1777 3423 1907 3478 nulli
1951 3437 2115 3493 grave

525 3505 796 3574 credimus
825 3518 1062 3586 prtcbere
1099 3515 1275 3586 quod,
1311 3517 1423 3572 Deo
1470 3516 1782 3581 auxiliante,
1823 3532 1922 3586 pro
1967 3531 2116 3571 com-

524 3608 677 3664 muni
705 3609 934 3664 utilitate
963 3621 1313 3682 prmparatur.
1339 3609 1541 3665 Verum
1571 3608 1645 3663 ita
1677 3608 1922 3664 volumus
1951 3618 2005 3664 te
2034 3609 2106 3666 in-

524 3687 707 3776 iuncta
738 3716 1017 3775 peragere,
1049 3710 1109 3758 ut
1136 3702 1268 3758 nihil
1295 3702 1363 3758 ad
1400 3701 1699 3758 laedendum
1746 3716 2114 3772 possessorem

525 3783 767 3872 studiose
813 3798 1054 3854 videatur
1078 3797 1296 3870 inquiri,
1340 3795 1437 3854 sed
1482 3803 1692 3851 tantum
1722 3810 1842 3865 qum
1869 3805 1992 3852 sunt
2021 3811 2117 3853 ne-

523 3873 758 3946 cessaria
795 3891 1042 3950 utilitatis
1084 3899 1283 3948 nostrae
1327 3905 1491 3946 causa
1536 3898 1946 3960 praesumantur.
1999 3889 2114 3946 Non

526 3983 841 4062 exquiratur
883 3982 1083 4054 aliquid
1123 3998 1154 4037 a
1190 3981 1432 4048 domino,
1478 3980 1625 4062 quod
1663 3989 1853 4050 postea
1902 3981 2116 4051 publico

525 4090 636 4130 non
657 4059 865 4132 dicatur
885 4084 1189 4146 acceptum.
1215 4074 1381 4144 Ligna
1404 4059 1671 4129 silvestria
1688 4071 1939 4142 jubemus
1961 4072 2114 4137 caedi,

525 4185 637 4229 non
664 4171 864 4242 aliquid
891 4170 958 4226 de
997 4170 1190 4226 alienis
1222 4167 1564 4224 facultatibus
1603 4165 1868 4221 violenter
1894 4164 2115 4220 abscidi.

527 4257 681 4319 Talia
707 4264 863 4319 nobis
885 4271 1112 4342 prosunt
1139 4261 1318 4331 qualia
1347 4268 1563 4316 nostros
1591 4272 1816 4329 gravare
1845 4273 1952 4312 non
1993 4272 2120 4326 pos-

529 4364 671 4410 sunt.
701 4355 828 4423 Qum
869 4357 915 4412 si
942 4371 1104 4412 causa
1147 4369 1385 4426 praesens
1412 4368 1522 4410 non
1570 4350 1900 4422 exquireret,
1941 4349 2031 4405 ille
2058 4364 2120 4406 se

529 4447 776 4505 crederet
820 4465 930 4504 non
971 4450 1190 4505 habere.
1238 4448 1298 4503 In
1323 4447 1540 4514 Mincio,
1579 4443 1739 4512 Ollio,
1771 4444 1996 4512 Ansere,
2029 4444 2119 4499 Ti-

527 4537 647 4598 beri
699 4551 755 4596 et
781 4542 926 4598 Arno
955 4542 1258 4597 ﬂuminibus
1286 4542 1647 4611 comperimus
1687 4537 1946 4608 quosdam
1975 4536 2118 4607 sepi-

1725 332 1769 385 Μ
1781 373 1792 385 .
1839 331 1879 383 Λ
1891 330 2041 386 Uini
2055 331 2110 384 ,ιι
2150 328 2547 386 CASSIODORI

2137 457 2370 522 Aquam
2397 453 2536 508 ultra
2562 461 2917 524 prazsumcre,
2969 449 3067 505 sed
3117 449 3357 505 inviolati
3405 447 3550 502 alvei
3606 452 3823 501 [raetiis

3708 325 3823 382 669

2213 545 2429 598 navium
2458 544 2791 612 relinquatur
2818 541 3134 596 excursibus
3158 541 3210 594 1³.
3240 539 3456 596 Scimus
3483 540 3635 594 enim
3685 539 3822 593 reti-

2210 634 2329 701 bus,
2364 651 2472 689 non
2499 635 2717 704 sepibus
2745 649 2864 689 esse
2903 633 3237 703 piscantium.
3267 633 3398 687 Nam
3427 632 3560 686 hinc
3589 641 3820 701 quoque

2210 726 2544 782 detestabilis
2570 726 2796 782 aviditas
2840 725 3106 796 proditur,
3149 734 3207 779 ut
3248 725 3349 781 sibi
3390 731 3610 779 tantum
3657 723 3815 778 festi-

2211 826 2304 873 net
2331 817 2626 883 includere,
2649 825 2906 886 quantum
2937 815 3006 870 ad
3027 816 3226 870 multos
3255 823 3472 886 poterat
3494 815 3811 886 pervenire.

2751 965 3083 1023 EPISTOLA
3117 963 3260 1022 XXI.

2391 1099 2628 1141 CAPUANO
2658 1099 2781 1140 VIBO
2809 1097 3068 1138 SBNATORI
3097 1097 3465 1139 THEODOBICUS
3499 1098 3632 1138 REX.

2215 1197 2396 1252 Multis
2428 1196 2668 1250 laudibus
2695 1197 2843 1250 illum
2889 1196 3067 1260 evehit,
3115 1195 3310 1265 ipsique
3360 1196 3698 1249 decuriatum
3738 1214 3812 1250 reo

2287 1279 2488 1323 cturam
2525 1269 2759 1339 confert;
2788 1276 2835 1321 et
2864 1283 2979 1338 qua:
3005 1268 3072 1320 sit
3101 1267 3209 1321 hac
3237 1267 3466 1337 dignitas
3503 1270 3747 1336 exponit.

2287 1401 2342 1456 Si
2373 1411 2426 1456 te
2457 1401 2685 1455 tironem
2717 1407 2899 1454 nostra
2920 1399 3124 1469 judicia
3145 1399 3495 1468 delegissent,
3523 1399 3573 1454 si
3599 1400 3668 1453 ad
3691 1417 3807 1456 exa-

2218 1495 2377 1550 minis
2427 1495 2679 1548 trutinam
2727 1493 2966 1547 venisses
3016 1491 3359 1560 incognitus,
3418 1492 3815 1548 mstimaremus

2219 1585 2569 1653 monendum,
2620 1585 2768 1655 quali
2816 1592 2868 1640 te
2897 1583 3200 1654 prudentia,
3230 1599 3337 1653 quo
3368 1583 3575 1639 decore
3627 1593 3817 1640 tracta-

2219 1692 2338 1742 res;
2370 1675 2464 1732 sed
2495 1675 2737 1730 omnium
2759 1674 2997 1730 crcderis
3026 1675 3440 1744 intelligentiam
3473 1675 3690 1730 habere
3717 1676 3817 1730 vir-

2223 1778 2412 1826 tutum.
2435 1770 2526 1841 qui
2554 1768 2794 1824 exerceri
2822 1768 3066 1824 meruisti
3097 1769 3283 1824 militia
3307 1769 3646 1824 litterarum.
3669 1768 3818 1824 ἐξεύ-

2221 1876 2336 1917 mas
2382 1861 2526 1917 enim
2572 1877 2677 1933 qua
2721 1869 2775 1916 te
2819 1860 3021 1916 debeas
3063 1861 3328 1917 modestia
3378 1862 3697 1929 continere,
3737 1866 3816 1932 qui

2221 1954 2380 2010 alieni
2410 1953 2613 2024 negotii
2656 1952 2801 2008 visus
2830 1967 2888 2008 es
2916 1961 3042 2008 vota
3072 1953 3363 2022 peregisse.
3397 1952 3537 2006 Nam
3568 1953 3621 2007 si
3655 1962 3710 2008 te
3744 1955 3817 2022 ju-

2219 2044 2353 2100 dicis
2381 2043 2615 2114 suspicio
2640 2058 2778 2098 smva
2808 2041 2858 2116 [J
2866 2060 2946 2097 ur.
2971 2058 3164 2109 scaeva,
3194 2043 3248 2097 id
3277 2053 3353 2098 est
3373 2043 3599 2100 sinistra
3632 2051 3693 2100 et
3717 2060 3813 2115 pa-

2220 2133 2397 2207 versa]
2431 2135 2711 2205 tetigisset,
2766 2134 3037 2192 laudando
3073 2135 3335 2204 justitiam
3384 2137 3497 2192 leni
3551 2153 3625 2192 ac
3662 2154 3814 2208 pene-

2221 2229 2402 2284 trabili
2443 2227 2689 2285 remedio
2736 2229 2854 2298 ejus
2900 2229 3138 2284 animum
3166 2230 3480 2300 corrigebas
3527 2230 3817 2287 :obtiness

2219 2323 2370 2378 suavi
2396 2323 2747 2394 persuasione
2783 2325 2927 2388 quod
2955 2323 3221 2393 superiori
3259 2338 3370 2378 non
3415 2325 3701 2393 potuisses
3727 2325 3812 2379 im-

2219 2429 2443 2485 ponere.
2477 2414 2607 2482 Quis
2636 2429 2765 2485 ergo
2795 2414 3004 2470 dubitet
3041 2414 3133 2469 illa
3178 2421 3232 2470 te
3259 2414 3506 2484 diligere,
3549 2431 3676 2485 qua:
3701 2433 3812 2472 coa-

2218 2516 2328 2564 stat
2355 2522 2491 2564 voce
2535 2507 2748 2578 publica
2792 2507 3052 2563 suasisse!
3103 2505 3350 2563 Professa
3408 2508 3556 2562 bona
3586 2525 3701 2564 non
3727 2511 3811 2564 ha-

2219 2601 2418 2657 bentur
2444 2602 2722 2672 ambigua;
2755 2616 2855 2657 nec
2870 2583 3181 2670 cujusquam
3205 2601 3504 2671 acquiescit
3528 2603 3810 2670 ingenim,

2219 2697 2310 2752 ubi
2337 2695 2482 2768 quod
2515 2696 2626 2766 ipse
2655 2695 2832 2766 potuit
2857 2694 3113 2751 emeritus
3136 2695 3413 2765 prosequi,
3457 2695 3531 2750 ab
3561 2695 3685 2749 aliis
3710 2705 3808 2749 tan-

2219 2804 2381 2862 quam
2419 2787 2568 2844 rudis
2595 2787 2840 2843 videatur
2867 2785 3102 2842 edoceri.
3155 2785 3356 2842 Prolati
3398 2783 3719 2841 documenti
3755 2791 3807 2840 li-

2219 2881 2349 2950 dem
2374 2881 2492 2936 ﬁeri
2516 2880 2758 2950 legitima
2783 2894 2918 2935 voce
2955 2879 3220 2950 poscebas
3247 2896 3262 2934 :
3288 2881 3633 2948 examinans,
3664 2879 3706 2938 si
3735 2896 3806 2943 re

2219 2974 2457 3030 tinerent
2477 2973 2842 3042 incorruptam
2872 2971 3070 3026 scrinia
3103 2971 3408 3028 veritatem.
3439 2971 3638 3038 Judex,
3679 2991 3805 3031 nunc

2219 3067 2436 3136 exhibe,
2464 3066 2608 3136 quod
2636 3075 2688 3120 te
2719 3065 2936 3120 volebas
2981 3063 3123 3135 apud
3151 3065 3289 3122 alios
3317 3065 3572 3121 obtinere
3603 3079 3650 3122 ε.
3682 3070 3802 3137 Age,

2221 3173 2289 3213 ne
2319 3166 2410 3213 tua
2440 3158 2536 3213 tibi
2565 3156 2851 3226 objiciatur
2876 3156 3079 3221 oratio,
3131 3155 3257 3224 quia
3289 3156 3499 3225 pondus
3528 3166 3614 3213 est
3641 3158 3777 3228 pado

2219 3251 2295 3306 ris
2323 3250 2646 3320 gravissimi,
2678 3248 2899 3319 propria
2929 3263 3064 3303 voce
3093 3247 3366 3303 convinci.
3420 3248 3588 3305 Sume
3632 3252 3797 3320 igitur,

2218 3349 2442 3397 auctore
2492 3340 2646 3408 Deo,
2704 3346 2978 3394 recturam
3025 3337 3366 3393 decuriarum
3393 3377 3410 3404 ,
3453 3340 3790 3397 humanorun

2217 3445 2436 3492 actuum
2474 3433 2814 3489 verissimum
2856 3440 3089 3498 testem,
3147 3431 3482 3487 securitatem
3523 3434 3793 3507 possideri.

2218 3528 2372 3592 tium,
2405 3526 2635 3598 publica:
2663 3525 2788 3582 lidei
2817 3526 3312 3596 splendidissimum
3344 3527 3614 3597 templum.
3650 3528 3804 3586 Unde

2219 3628 2426 3675 tantum
2455 3619 2552 3675 tibi
2594 3617 2767 3674 laudis
2795 3618 3115 3689 acquiritur,
3162 3626 3487 3688 quantorum
3518 3617 3546 3656 ά
3577 3620 3689 3676 illic
3709 3621 3800 3675 uti-

2219 3714 2340 3770 litas
2364 3714 2676 3782 incorrupta
2705 3718 2970 3766 servatur.
3002 3709 3161 3765 Vivat
3201 3709 3296 3765 tibi
3327 3711 3608 3780 perpetuis
3649 3726 3804 3768 saecl-

2218 3805 2285 3861 lis
2304 3803 2680 3860 decedentium
2704 3803 2987 3868 voluntas;
3036 3810 3316 3858 transeant
3361 3803 3417 3857 in
3446 3811 3702 3874 posteros
3722 3805 3800 3874 ju-

2218 3897 2358 3955 dicia
2387 3906 2705 3968 parentum;
2734 3895 2948 3952 scriniis
2975 3895 3082 3950 tuis
3110 3903 3356 3952 servetur
3373 3896 3618 3951 omnium
3641 3899 3800 3967 quies.

2220 3989 2324 4044 Alii
2358 3990 2590 4044 honores
2636 3986 2872 4042 habeant
2917 3993 2973 4041 et
3018 3985 3284 4042 terribiles
3324 3985 3539 4042 fasces:
3573 3987 3669 4042 tibi
3693 3989 3803 4043 vita

2220 4081 2467 4137 humanae
2509 4077 2800 4149 gratissimi
2842 4077 3096 4134 videntur
3137 4078 3373 4134 militare
3399 4080 3691 4147 custodes;
3739 4080 3803 4135 ibi

2221 4175 2365 4230 enim
2391 4171 2759 4228 absolutiones
2783 4177 2909 4227 sunt
2951 4171 3250 4237 hominum,
3300 4171 3478 4226 vincla
3504 4187 3800 4241 causarum,

2221 4273 2411 4322 catena
2437 4264 2632 4330 litium,
2661 4277 2848 4319 carcer
2877 4261 3094 4317 furoris.
3126 4261 3205 4317 De
3253 4277 3361 4332 quo
3399 4262 3585 4317 verius
3612 4263 3802 4317 diceret

2219 4363 2372 4412 vates
2400 4354 2719 4409 Mantuanus
2764 4371 2777 4407 :
2839 4371 2857 4406 ι
2890 4352 3224 4408 Clauduntur
3270 4353 3377 4408 litis
3423 4360 3616 4423 portae,
3669 4352 3802 4409 furor

2221 4446 2418 4516 impius
2444 4445 2588 4500 intus
2617 4443 2873 4510 inclusus,
2906 4443 3087 4498 fremit
3114 4443 3364 4499 horridus
3384 4459 3481 4498 ore
3509 4454 3753 4500 cruento.
3778 4463 3796 4497 ι

2221 4537 2533 4594 Decuriales
2577 4535 2738 4606 igitur
2759 4572 2776 4600 ,
2827 4534 3011 4590 habita
3059 4535 3375 4590 meritorum
3434 4536 3800 4602 aestimatione,

528 4635 632 4693 bus
659 4651 874 4690 cursum
902 4633 1154 4700 ﬂuminis,
1186 4643 1448 4705 quantum
1473 4635 1540 4690 ad
1568 4633 1854 4703 navigandi
1881 4631 2118 4688 studium
2149 4649 2199 4720 η
2223 4632 2443 4701 deligito
2468 4649 2481 4684 :
2505 4630 2630 4720 quia
2659 4645 2768 4685 non
2796 4629 2956 4685 decet
2983 4636 3147 4684 tanta:
3176 4628 3323 4684 urbis
3351 4629 3646 4698 appellare,
3673 4628 3801 4700 quod

530 4727 807 4801 pertinet,
856 4728 1128 4784 incidisse.
1181 4727 1334 4796 Quod
1383 4734 1436 4783 te
1479 4726 1729 4782 volumus
1778 4724 2119 4781 ordinatione

529 4820 799 4890 magniﬁci
845 4821 946 4894 viri
984 4821 1308 4878 Abundantii
1353 4819 1592 4893 praefecti
1638 4819 1893 4890 prtetorio
1941 4817 2119 4875 modis

529 4915 780 4972 omnibus
797 4921 1106 4986 amputare;
1131 4931 1230 4972 nec
1253 4915 1358 4972 tale
1382 4913 1581 4985 aliquid
1603 4912 1924 4986 permittatis
1938 4927 2120 4982 quem-

540 5171 572 5187 ,_
603 5096 720 5172 εἰ.
770 5109 881 5171 non
927 5110 1138 5183 omnes,
1189 5107 1282 5187 δα
1311 5110 1567 5181 barbaris,
1618 5113 1682 5171 D.
1734 5111 1806 5170 de
1853 5125 1915 5169 re
1959 5109 2114 5166 milit.

493 5242 496 5245 .
528 5183 768 5244 Foauan.

605 5257 631 5298 δ
659 5255 905 5327 Retibus,
955 5275 1067 5315 non
1106 5257 1320 5326 sepibus
1363 5271 1483 5312 esse
1529 5256 1867 5327 piscandum,
1898 5251 2116 5307 (lumina

571 5330 808 5399 urganda
830 5326 951 5387 esse
977 5338 1034 5385 et
1063 5327 1454 5399 jurisconsulti
1482 5327 1803 5399 praecipiunt
1841 5326 2114 5399 l_ib.__xLut,

530 5342 808 5454 Burganda
830 5345 951 5387 esse
977 5342 1034 5385 et
1063 5342 1436 5399 Jlll‘lSCOnSlHlt
1482 5342 1803 5449 prooemium.
1841 5342 1933 5379 ιιι).
1967 5342 2114 5385 xun,

584 5403 707 5472 .tit.
738 5415 812 5472 ne
848 5400 978 5472 quid
1023 5400 1077 5456 in
1107 5398 1332 5472 ﬂumine
1370 5398 1478 5472 pub
1505 5414 1556 5472 ._;
1605 5398 1641 5450 Ι.
1694 5413 1787 5472 un.
1838 5395 2026 5472 C._lib.
2061 5409 2116 5472 ιι,

531 5472 619 5526 tit.
646 5469 736 5538 29,
783 5464 1255 5527 de'Alexandrinis
1298 5464 1642 5523 Primatibus.
1685 5466 1943 5533 Congruit
1993 5464 2118 5518 huic

531 5540 656 5600 loco
697 5541 840 5612 quod
870 5542 991 5598 Aul.
1033 5557 1248 5612 quoque
1272 5538 1474 5612 Gellius
1511 5538 1584 5612 Ain
1632 5545 1874 5612 veterum
1923 5542 2118 5612 panto-

534 5628 655 5669 rum
682 5605 889 5678 edictis,
921 5605 1342 5680 quid'signiﬁcet
1381 5608 1597 5663 ﬂumina
1638 5606 1861 5662 retanda
1909 5605 2123 5680 publica

535 5685 814 5751 redempta
855 5674 1080 5746 habere,
1126 5674 1516 5751 interpretatur
1557 5691 1786 5751 purgare
1827 5677 2039 5751 arctis,
2071 5674 2123 5728 id

535 5769 620 5811 εει
649 5747 926 5808 arboribus
957 5769 1076 5822 quat:
1104 5762 1196 5806 aut
1224 5747 1291 5805 ex
1333 5750 1463 5818 ripis
1486 5747 1762 5822 ﬂuminum
1802 5747 2121 5810 eminerent,

535 5835 626 5882 aut
659 5825 712 5878 in
745 5823 909 5878 alveis
937 5819 1126 5877 eorum
1158 5829 1464 5884 exstarent;
1505 5819 1770 5888 appellata
1797 5826 1974 5888 autem
2006 5830 2126 5870 esse

534 5894 751 5969 quasi}
773 5891 997 5960 retibus,
1025 5892 1167 5961 quod
1190 5887 1762 5963 p'rtctereuntesnaves
1781 5887 2126 5959 impedirent,

2226 4723 2334 4780 vile
2367 4728 2469 4778 est.
2501 4718 2720 4790 Maioris
2764 4720 2930 4775 etiam
2977 4727 3108 4776 natu
3157 4721 3480 4792 utere(cum
3529 4721 3691 4776 luerit
3715 4736 3800 4776 ne-

2227 4813 2401 4884 cesse)
2451 4813 2740 4878 sententia,
2781 4812 2952 4868 factus
2998 4818 3083 4866 tot
3125 4813 3367 4881 patribus
3402 4813 3608 4877 senior,
3655 4814 3800 4867 tantis

2226 4905 2530 4963 tacentibus
2557 4919 2664 4960 vox
2693 4913 2930 4960 senatus.
2967 4903 3106 4960 Vide
3135 4904 3262 4974 quid
3291 4904 3568 4972 dignitatis
3596 4920 3800 4974 accepe.

2229 5105 2464 5231 ituquasii
2493 5105 2784 5162 irretirent.
2814 5101 2941 5161 Haec
2970 5104 3060 5160 ille
3107 5104 3202 5160 lib.
3230 5119 3307 5173 xl,
3355 5118 3477 5176 cap.
3518 5103 3612 5170 Π,
3657 5103 3797 5161 Noct.

2326 5196 2392 5231 Ic.
2466 5193 2589 5231 ORN.

2229 5181 2392 5234 Attic.
2422 5181 2589 5233 FonN.

2304 5262 2325 5288 ε
2376 5247 2675 5303 Notandum
2719 5254 2802 5300 est
2847 5245 3134 5314 collegium
3181 5246 3532 5301 decurialium
3591 5248 3644 5301 in
3683 5246 3798 5301 urbe

2229 5319 2400 5376 Roma
2442 5316 2624 5385 fuisse,
2673 5318 2762 5386 qui
2803 5317 2859 5371 S.
2909 5317 2970 5370 (ἶ.
3021 5325 3161 5382 acta,
3205 5318 3557 5373 auctoritates
3599 5327 3799 5373 senatus

2228 5389 2606 5460 excipiebant,
2637 5388 3112 5460 perscribebant,
3170 5388 3549 5460 complebant,
3622 5389 3798 5442 scrinia

2229 5457 2448 5516 senatus
2477 5457 2783 5522 servabant,
2829 5459 2928 5511 viri
2977 5457 3242 5512 scribendi
3284 5459 3608 5526 dicendique
3635 5460 3796 5528 periti,

2229 5534 2424 5601 quibus
2452 5528 2660 5601 praefuit
2683 5537 2880 5601 rector,
2909 5542 3066 5601 quem
3086 5528 3320 5601 judicem
3345 5537 3538 5601 auctor
3555 5530 3794 5601 appellat,

2270 5598 2482 5656 uoniam
2501 5599 2777 5668 judirabat
2807 5599 2948 5654 inter
2969 5598 3266 5653 decuriales
3287 5609 3341 5653 et
3369 5599 3530 5665 alios;
3561 5601 3681 5654 ideo
3705 5599 3794 5660 Li,

2278 5713 2290 5726 .
2326 5672 2393 5728 de
2427 5670 2809 5734 Decurialibus,
2844 5670 2918 5723 ait
2945 5684 3066 5723 cum
3096 5670 3186 5737 qui
3227 5670 3354 5724 velit
3382 5686 3506 5726 cum
3556 5672 3795 5724 dccuriali

2232 5758 2388 5811 agere
2419 5743 2485 5795 de
2516 5739 2808 5794 auferendo
2839 5740 3138 5810 privilegio.
3174 5741 3363 5807 etjure
3390 5743 3558 5796 veteri
3589 5755 3794 5795 conces-

2194 5867 2197 5870 _
2242 5810 2312 5877 ευ,
2339 5813 2569 5879 jndirem
2599 5810 2827 5864 decuriae
2856 5812 3003 5865 adirc
3033 5812 3248 5865 debere.
3281 5811 3465 5867 Bnoss.

2304 5886 2327 5920 ά
2361 5884 2486 5952 Alii,
2509 5883 2749 5954 quoniam
2770 5899 2964 5938 eortina.
2989 5882 3117 5938 (Sor.
3135 5880 3316 5951 Gam.,
3337 5891 3583 5951 meantum
3609 5896 3786 5939 eorum
