3958 6450
484 335 589 391 663

1019 457 1350 517 EPISTOLA
1389 455 1551 512 XXV.

691 591 942 632 υεωωε
974 592 1095 631 νιιιο
1124 591 1329 631 ευιιιῐκι
1358 582 1720 628 τηεουοιιιευε
1747 582 1873 623 REX.

489 689 736 751 Concedit
782 692 857 747 illi
906 694 960 747 in
998 701 1297 764 perpetuum
1346 686 1753 744 Mediolanensis
1795 684 2082 739 tribunatus

1187 778 1385 817 curam.

565 878 759 936 Fessos
784 894 956 936 annos
984 876 1351 933 muniﬁcentia
1380 883 1564 931 nostra
1594 872 1925 935 corroborat,
1958 867 2085 923 dum

487 984 703 1030 aetatem
732 974 1009 1029 occiduam
1040 970 1275 1042 penuria:
1304 984 1412 1022 non
1440 966 1569 1021 facit
1596 965 1916 1020 detrimenta
1960 976 2086 1016 sen-

488 1067 612 1123 tire.
659 1064 925 1121 Juvenum
954 1064 1218 1134 siquidem
1249 1062 1418 1115 virtus
1446 1056 1863 1129 praesumptione
1891 1051 2089 1108 laboris

488 1157 799 1212 animatur:
832 1155 947 1209 sola
994 1169 1180 1208 senum
1209 1152 1319 1205 vita
1348 1157 1430 1204 est
1471 1147 1666 1216 quietis
1710 1144 1975 1199 invenisse
2004 1156 2089 1197 re-

491 1247 694 1303 media.
738 1246 913 1315 Atque
953 1244 1077 1299 ideo
1118 1252 1205 1297 tua
1243 1240 1635 1312 supplicatione
1664 1236 1925 1308 permoti,
1951 1234 2090 1288 desi-

490 1337 639 1406 gnati
660 1336 960 1391 tribunatus
989 1343 1011 1371 ³
1038 1348 1222 1389 curam
1260 1332 1312 1386 in
1363 1327 1745 1385 Mcdiolanensi
1792 1326 1926 1380 urbe
1971 1325 2093 1379 dili-

490 1426 800 1497 gentissime
814 1426 1191 1495 peragendam,
1205 1423 1271 1477 ad
1290 1432 1338 1477 te
1361 1422 1695 1477 decrevimus
1711 1418 1999 1491 pertinere,
2018 1418 2092 1472 ita

492 1530 581 1587 ut,
613 1520 756 1591 quod
777 1530 859 1575 est
888 1521 939 1574 in
967 1518 1192 1589 reipubl.
1219 1517 1405 1571 militia
1436 1531 1653 1579 novum,
1678 1514 1849 1568 donec
1870 1510 2092 1578 vixeris,

492 1625 765 1680 nunquam
796 1610 890 1665 tibi
937 1624 1304 1665 successorem
1347 1606 1547 1661 tribuat
1588 1606 1902 1675 cujusquam
1946 1603 2095 1673 plec—

493 1705 655 1760 tenda
684 1704 1061 1775 przesumptio;
1093 1710 1355 1772 quatenus
1382 1702 1434 1755 in
1465 1700 1780 1755 exliibendis
1804 1696 2095 1767 voluptati-

491 1794 593 1853 bus
620 1796 781 1851 oflicii
808 1796 969 1865 hujus
998 1810 1125 1849 cura
1156 1792 1580 1849 mansuetudinis
1609 1798 1804 1846 nostra:
1836 1787 2094 1843 beneﬁcio

491 1888 689 1959 iugiter
733 1886 1061 1959 perfruaris,
1095 1886 1297 1941 habens
1346 1887 1399 1940 in
1455 1893 1715 1953 utroque,
1747 1880 1892 1950 quod
1943 1889 2091 1933 tuam

492 1983 806 2037 consoletur
834 1987 1066 2045 aetatem,
1096 1978 1201 2033 loci
1231 1976 1572 2033 commodum
1601 1982 1655 2029 et
1679 1972 1920 2028 laetitiam
1947 1970 2092 2025 volu-

491 2080 723 2145 pmmm.

929 2187 1041 2256 33
1077 2180 1412 2237 EPISTOLA
1451 2179 1637 2235 xxvi.

495 2289 766 2331 UNIVERSIS
791 2289 978 2331 GOTIIIS
1007 2290 1109 2328 PER
1139 2288 1365 2327 PICENUM
1397 2288 1463 2325 ET
1494 2283 1723 2325 SAMNIUM
1753 2280 2094 2323 CONSTITUTIS

1039 2378 1404 2420 TIIEODORICL’S
1432 2378 1557 2416 REX.

496 2459 747 2528 Prwcipit
776 2468 831 2511 ut
876 2474 971 2513 vm
1000 2458 1177 2511 iduum
1205 2455 1481 2528 Juniarnm
1519 2454 1587 2528 ad
1633 2454 1805 2506 aulam
1833 2454 1961 2528 sine
1988 2450 2093 2503 ullo

572 2524 965 2598 prouincialium
1008 2529 1229 2594 damno,
1273 2526 1469 2598 regalia
1518 2526 1654 2578 dona
1708 2524 1962 2593 accepturi
2012 2538 2095 2576 ve-

574 2602 698 2653 nian
709 2609 744 2652 t.

568 2689 821 2757 Quamvis
850 2689 1214 2745 muniﬁcentia
1262 2696 1445 2744 nostra
1491 2687 1560 2742 sit
1604 2686 1852 2741 omnibus
1898 2684 2095 2755 ubique

498 2782 832 2854 gratissima,
872 2782 1043 2837 multo
1091 2789 1269 2837 tamen
1317 2780 1620 2849 acceptiora
1666 2776 1932 2832 credimus
1978 2790 2095 2846 quae

496 2876 667 2932 nostri
709 2875 991 2946 praesentia
1032 2873 1416 2928 conferuntur:
1449 2871 1573 2940 quia
1620 2869 1822 2937 majora
1864 2866 1931 2921 de
1967 2881 2097 2922 con-

497 2976 686 3038 spectu
716 2968 969 3037 principis
998 2966 1179 3037 populi
1203 2972 1441 3031 sumunt,
1467 2978 1627 3031 quam
1648 2962 1714 3016 de
1739 2960 1985 3029 largitate
2003 2959 2097 3013 be-

496 3059 689 3116 neficia
719 3066 1143 3128 consequuntur.
1186 3057 1318 3111 Nam
1350 3070 1487 3126 pene
1528 3054 1720 3109 similis
1750 3060 1830 3107 est
1857 3058 2095 3117 mortuo,

498 3153 591 3222 qui
619 3167 649 3207 a
677 3167 775 3207 suo
802 3152 1113 3207 dominante
1137 3151 1400 3215 nescitur;
1427 3162 1527 3202 nec
1554 3146 1652 3202 sub
1682 3145 1864 3215 aliquo
1892 3143 2099 3198 honore

498 3243 649 3309 vivit,
672 3258 831 3311 quem
873 3243 1013 3311 regis
1063 3242 1145 3298 sui
1195 3240 1383 3295 notitia
1427 3253 1535 3292 non
1578 3236 1832 3292 defendit.
1862 3233 1930 3289 Et
1971 3234 2092 3289 ideo
2122 3240 2168 3303 ί]

496 3333 749 3405 praesenti
770 3334 1005 3400 jussione
1034 3331 1348 3386 mandamus
1386 3337 1446 3383 ut
1490 3337 1681 3383 octavo
1713 3326 1896 3381 iduum
1920 3324 2094 3380 Iunia-

499 3437 621 3477 rum
649 3422 755 3486 die,
785 3422 897 3476 Deo
926 3422 1238 3485 auxiliante,
1269 3420 1334 3474 ad
1364 3418 1703 3490 przesentiam
1727 3427 1965 3472 nostram
1998 3431 2093 3471 ve-

500 3514 622 3569 nire
648 3512 907 3579 debeatis,
935 3513 1026 3581 qui
1052 3512 1364 3567 solemniter
1383 3511 1581 3581 regalia
1607 3509 1748 3564 dona
1774 3507 2044 3577 suscipitis
2068 3505 2093 3545 δ

500 3606 550 3663 si
592 3605 776 3660 venire
814 3606 1059 3675 protinus
1086 3605 1367 3659 festinatis.
1408 3603 1540 3657 Illud
1584 3611 1764 3658 tamen
1793 3601 2095 3658 necessario

500 3702 910 3752 commonentes
928 3734 943 3759 ,
970 3703 1030 3748 ut
1062 3694 1392 3749 venientium
1422 3692 1595 3749 nullus
1620 3693 1902 3763 provenire
1930 3691 2100 3762 possit

501 3802 775 3853 excessus,
809 3802 909 3842 nec
937 3801 1306 3857 possessorum
1336 3794 1566 3855 segetes,
1599 3793 1691 3839 aut
1721 3792 1873 3855 prata
1916 3792 2097 3838 vaste-

500 3879 574 3936 tis
608 3890 629 3917 ε
649 3896 662 3909 ·
689 3878 784 3937 sed
811 3880 911 3935 sub
939 3879 1085 3935 omni
1113 3878 1445 3935 continentia
1472 3886 1824 3950 properantes
1842 3918 1857 3945 ,
1890 3876 1959 3932 de
2001 3891 2098 3933 cu-

575 4141 606 4172 α
632 4130 695 4187 D.
710 4130 737 4186 J
744 4140 880 4188 uret.
898 4133 1170 4189 existimat
1183 4133 1297 4188 haec
1311 4131 1653 4199 intelligenda
1668 4144 1785 4186 esse
1804 4130 1871 4187 de
1887 4116 2101 4189 tribuno

503 4202 859 4274 voluptatum,
887 4204 1039 4273 cujus
1060 4205 1262 4259 mentio
1290 4214 1374 4259 est
1410 4202 1547 4258 infra
1576 4202 1671 4258 lib.
1701 4217 1774 4267 vi,
1799 4203 1899 4258 for.
1933 4201 2020 4271 19,
2050 4212 2107 4261 et

503 4273 597 4327 lib.
627 4291 719 4327 vn.
742 4274 844 4327 for.
878 4273 964 4327 10.

502 4273 597 4331 lib.
627 4273 719 4338 vu,
742 4274 844 4329 for.
878 4273 964 4327 10.

578 4345 606 4383 δ
624 4345 770 4415 ίνὶίιε
795 4344 1201 4415 Luitprandum,
1217 4344 1309 4415 lib.
1326 4360 1399 4410 vr,
1415 4359 1533 4413 cap.
1549 4343 1600 4415 5,
1614 4342 1941 4415 Hzccautem
1964 4345 2107 4401 dona

506 4413 933 4483 conferebantur
972 4416 1209 4470 calendis
1256 4414 1542 4468 Ianuariis.
1582 4413 1869 4483 Nieephor.
1912 4415 2003 4469 lib.
2052 4434 2104 4481 x,
2158 4434 2159 4437 ‘

507 4499 628 4555 cap.
662 4484 759 4549 23;
790 4482 1004 4539 Sozom.
1031 4486 1124 4540 lib.
1169 4502 1201 4539 v
1249 4500 1367 4554 cap.
1404 4484 1504 4550 l7;
1533 4484 1781 4607 Ambrgs.
1817 4500 1979 4539 serm.
2012 4486 2100 4540 14.

1744 4571 1901 4607 uner.

1744 4571 1901 4609 URET.

498 4622 502 4631 '
584 4635 607 4664 ε
640 4623 919 4679 Transitus
950 4626 1176 4679 militum
1207 4625 1278 4679 sit
1306 4625 1596 4687 innocens,
1628 4640 1763 4679 neve
1808 4624 1986 4694 fruges
2014 4626 2104 4679 lae-

509 4694 827 4763 datJIaque
848 4695 989 4763 quod
1021 4695 1219 4764 dejure
1247 4696 1522 4749 servitutis
1550 4695 1716 4748 hastae
1745 4704 1904 4749 rectm
1933 4696 2108 4751 illmsis

508 4766 775 4821 fructibus
814 4764 1046 4835 ferendae
1094 4782 1126 4819 a
1164 4766 1331 4819 Paulo
1378 4765 1633 4835 scriptum
1672 4773 1785 4830 est,
1825 4765 1861 4818 l.
1914 4766 1977 4829 7,
2017 4766 2108 4835 qui

464 4868 475 4885 ›
508 4836 663 4904 sella,
694 4835 757 4889 D.
801 4834 869 4889 de
897 4849 1035 4889 serv.
1069 4845 1201 4889 rust.
1233 4835 1398 4905 prccd.
1419 4877 1433 4901 ,
1458 4833 1672 4905 quidam
1704 4843 1931 4889 tractum
1962 4852 1991 4889 a
2020 4833 2110 4890 re-

510 4908 665 4977 gibus
712 4906 1087 4975 suspicantur,
1117 4906 1207 4974 qui
1238 4904 1447 4977 extero
1497 4904 1756 4977 exercitui
1804 4920 2111 4977 commeare

512 4974 732 5033 ditionis
760 4974 869 5031 suae
898 4978 1171 5043 regionem
1202 4991 1298 5044 per
1327 4975 1558 5042 aliquam
1590 4975 1923 5041 permittunt.
1963 4974 2111 5032 Unde

510 5046 787 5118 Lysander
806 5047 1080 5118 Laconum
1095 5044 1204 5100 dux
1224 5045 1365 5115 apud
1387 5044 1729 5099 Plutarchum
1753 5044 1937 5118 videns
1958 5045 2113 5101 Βωο-

512 5115 600 5173 tos
632 5119 847 5172 incerta:
877 5115 1019 5181 fidei,
1048 5132 1167 5172 cum
1196 5132 1293 5186 per
1318 5132 1503 5170 eorum
1526 5130 1684 5181 agros
1705 5116 1973 5181 transiret,
2003 5118 2109 5171 sci-

514 5190 738 5243 scitatus
755 5197 836 5242 est
857 5196 1037 5243 utrum
1067 5188 1230 5241 rectis
1257 5203 1322 5240 an
1354 5187 1618 5240 inclinatis
1645 5186 1813 5240 hastis
1836 5188 2108 5241 transiret.

516 5257 623 5313 Sed
652 5273 752 5325 ego
775 5265 957 5327 putem
988 5258 1427 5325 jurisconsultum
1459 5256 1527 5311 de
1568 5258 1775 5325 privato
1819 5256 1970 5325 jure,
2000 5272 2109 5311 non

515 5327 864 5395 imperatorio
910 5329 1176 5394 sensisse,
1218 5328 1253 5382 l.
1297 5327 1392 5387 15;
1428 5329 1553 5381 item
1586 5328 1866 5398 quaeritur,
1901 5328 1928 5398 §
1959 5344 2110 5382 exer-

518 5398 651 5460 citu;
682 5399 718 5451 l.
746 5398 833 5463 15,
858 5398 1240 5463 exconducto,
1274 5398 1467 5467 versic.
1502 5396 1769 5451 exercitus
1798 5396 2110 5467 pneteriens

517 5482 620 5539 per
644 5467 936 5539 lasciviam,
962 5468 1023 5522 Ι).
1052 5469 1212 5523 locat.
1240 5467 1383 5521 Idem
1407 5466 1735 5521 Justinianus
1760 5466 1954 5539 nevell.
1986 5469 2108 5533 150,

518 5536 641 5616 Erret
660 5538 890 5616 «396693
914 5547 1240 5616 erga-rimam
1256 5538 1623 5616 constituerat
1648 5536 1838 5616 :_cujus
1861 5540 2110 5616 auspiciis

521 5605 810 5675 ac'legib'us
838 5605 1122 5662 Belisarius
1156 5608 1295 5662 rexit
1328 5608 1643 5661 exercitum.
1668 5605 1798 5658 Nam
1821 5623 1940 5661 eum
1963 5605 2099 5663 mili-

522 5684 636 5731 tum
658 5677 870 5744 quidam
896 5678 948 5729 in
970 5692 1127 5746 agros
1146 5678 1525 5741 discurrentes,
1541 5676 1745 5730 fructus
1765 5678 2109 5745 attingerent,

524 5760 621 5801 eos
652 5747 939 5813 ignominia
969 5756 1182 5803 notatos
1218 5762 1549 5811 convocans,
1580 5747 1658 5799 sic
1699 5755 1776 5799 est
1808 5749 2107 5804 allocutus:

525 5816 644 5888 _Vim
669 5816 888 5888 afferre,
922 5826 975 5870 et
1002 5833 1069 5872 ex
1090 5818 1278 5888 alienis
1307 5817 1452 5885 pasci
1476 5826 1630 5888 turpe
1658 5831 1873 5888 semper
1892 5834 1957 5873 ac
1983 5836 2112 5888 pro-

523 5886 747 5944 brosum
774 5885 1002 5952 videtur,
1028 5887 1173 5955 quod
1200 5886 1455 5955 injustum
1483 5886 1537 5942 in
1555 5887 1673 5958 ipso
1699 5885 1921 5945 feratur.
1954 5885 2111 5949 Auct.

1730 339 1800 393 ul.
1844 335 2123 393 AURELII
2162 328 2555 391 CASSIODORI

2113 456 2165 515 Α
2190 448 2386 506 stodita
2424 445 2702 517 disciplina
2748 450 2897 513 grata
2944 442 3099 501 nobis
3143 454 3263 497 esse
3306 444 3488 495 vestra
3538 435 3790 492 occm-sio

2184 542 2358 612 possit
2383 558 2395 594 :
2428 540 2552 609 quia
2594 538 2716 593 ideo
2744 536 3099 593 exercituales
3124 543 3398 604 gratanter
3423 530 3674 587 subimus
3696 544 3790 584 ex-

2184 646 2403 705 pensas,
2432 639 2494 687 ut
2516 632 2584 686 ab
2605 630 2823 685 armatis
2850 628 3189 684 custodiatur
3210 627 3409 683 intacta
3438 622 3692 680 civilius.

2138 4668 2190 4727 D

3688 318 3795 377 σει

2696 762 3029 820 EPISTOLA
3065 762 3273 819 XXVII.

2518 873 2714 915 GUDUIII
2743 872 2919 913 SAJONI
2949 870 3308 911 TBEODORICUS
3337 870 3465 909 REX.

2190 950 2425 1022 Imperat
2465 951 2784 1006 millenarios
2823 950 3103 1022 provincia:
3131 946 3311 1022 Piceni
3337 958 3386 1000 et
3414 948 3787 1022 Samniticum-

2261 1019 2469 1078 moneat
2498 1030 2551 1074 ut
2579 1022 2648 1075 ad
2677 1022 2851 1073 aulam
2894 1029 3000 1072 tum
3035 1019 3329 1071 donativum
3378 1021 3664 1086 accepturi,
3691 1026 3786 1070 tum

2267 1105 2524 1165 gestarum
2553 1096 2606 1147 in
2654 1091 2786 1146 bello
2834 1106 3006 1144 rerum
3052 1091 3300 1144 rationem
3343 1088 3604 1142 reddituri
3648 1091 3785 1141 citius

2264 1173 2555 1236 properent.

2264 1256 2667 1313 Consuetudine
2714 1256 3049 1311 liberalitatis
3097 1256 3257 1323 regia:
3300 1270 3715 1309 commonemur
3744 1264 3786 1307 ut

2194 1352 2386 1412 Gothis
2416 1351 2612 1405 nostris
2650 1350 2941 1405 debeamus
2973 1349 3232 1404 solemnia
3264 1349 3402 1402 dona
3435 1348 3627 1416 largiri
3657 1346 3706 1402 ά.
3736 1347 3789 1400 Et

2196 1445 2319 1501 ideo
2338 1444 2554 1499 devotio
2573 1452 2662 1497 tua
2692 1443 3021 1497 millenarios
3047 1441 3337 1511 provincia:
3359 1440 3540 1495 Piceni
3567 1450 3625 1495 et
3648 1440 3786 1495 Sam-

2199 1537 2270 1590 nii
2293 1537 2409 1590 sine
2438 1535 2611 1603 aliqua
2643 1534 2897 1589 dilatione
2926 1539 3287 1595 commoneat,
3320 1539 3379 1585 ut
3403 1547 3504 1586 eos
3533 1532 3631 1600 qui
3655 1535 3788 1587 annis

2201 1628 2422 1698 singulis
2461 1634 2658 1682 nostra:
2684 1626 3105 1681 mansuetudinis
3132 1626 3347 1695 prmmia
3370 1635 3785 1693 consequuntur,

2199 1730 2298 1793 pro
2327 1721 2637 1792 accipiendo
2692 1720 2946 1775 donativo
2973 1719 3040 1774 ad
3080 1719 3393 1773 comitatum
3420 1717 3592 1773 faciat
3622 1734 3789 1773 ineun-

2129 1848 2170 1906 Β
2200 1825 2410 1872 ctanter
2457 1828 2780 1878 occurrere;
2830 1820 3096 1882 quatenus
3134 1810 3223 1878 qui
3266 1809 3403 1863 bene
3433 1809 3599 1862 nobis
3628 1809 3788 1863 meriti

2196 1905 2423 1973 fuerint,
2485 1905 2689 1974 majore
2736 1902 3101 1957 muniﬁcentia
3146 1902 3503 1970 gratulentur.
3556 1900 3787 1971 Inculpa-

2193 1997 2373 2053 biliter
2400 1996 2543 2051 enim
2588 2010 2808 2051 necesse
2843 2003 2926 2049 est
2968 1994 3113 2048 vivat
3153 1993 3243 2063 qui
3275 2008 3428 2047 suam
3457 1994 3788 2062 pmcsentiam

2194 2089 2346 2145 novit
2365 2087 2694 2158 principibus
2716 2086 3065 2142 offerendam.
3091 2084 3271 2140 Bonos
3297 2085 3443 2139 enim
3474 2085 3618 2150 laus,
3643 2086 3789 2140 malos

2196 2181 2413 2252 querela
2433 2181 2739 2237 comitatur.
2764 2180 2927 2235 Decet
2947 2180 3109 2233 etiam
3134 2194 3234 2235 nos
3256 2179 3355 2233 sub
3385 2179 3495 2233 hac
3523 2180 3787 2235 occasione

2195 2273 2523 2343 singulorum
2556 2272 2697 2327 facta
2727 2271 3040 2341 perquirere
3069 2280 3117 2338 ο,
3141 2280 3202 2325 ut
3246 2270 3379 2325 nulli
3408 2272 3589 2340 possit
3634 2271 3786 2340 perire

2196 2365 2342 2436 quod
2357 2365 2480 2419 fecit
2500 2366 2550 2419 in
2570 2364 2686 2419 acie
2702 2362 2721 2402 ί
2733 2404 2744 2417 .
2765 2362 2895 2418 Nam
2913 2363 2956 2417 si
2970 2377 3181 2432 semper
3192 2362 3705 2417 consuetudinarias
3721 2379 3786 2417 res

2198 2466 2471 2528 exspectet
2494 2457 2781 2520 exercitus,
2798 2456 3047 2509 virtutem
3072 2470 3177 2509 non
3204 2462 3387 2524 potest
3413 2470 3607 2508 amare
3633 2455 3787 2523 negle-

2197 2562 2334 2606 Ctus.
2383 2549 2645 2619 Trepidus
2695 2548 2865 2604 discat
2902 2547 2969 2602 ad
2994 2546 3226 2615 judicem
3254 2546 3466 2610 venire,
3493 2548 3589 2616 qui
3620 2562 3678 2599 se
3700 2562 3786 2600 nou

2198 2643 2439 2698 meminit
2467 2642 2721 2698 audacter
2749 2641 2947 2711 aliquid
2970 2640 3175 2709 egisse;
3204 2648 3259 2693 ut
3286 2638 3482 2694 melius
3513 2639 3682 2709 possit
3710 2638 3787 2693 lio-

2198 2733 2367 2788 stibus
2392 2732 2655 2786 violentus
2678 2732 2974 2799 insurgere,
2998 2728 3092 2800 qui
3125 2736 3324 2783 nostras
3348 2727 3547 2783 maluit
3575 2728 3785 2799 imputa-

2200 2825 2359 2880 tionis
2386 2824 2606 2879 vulnera
2636 2822 2923 2879 declinare.

2694 2943 3025 3010 EPISTOLA
3066 2950 3303 3009 XXVIII.

2421 3086 2611 3126 (SABINO
2644 3086 2765 3123 γιιυ)
2791 3085 3036 3123 ιιιυδτῐιι
3066 3080 3438 3121 τηεουοιιιωε
3467 3080 3599 3119 REI.

2205 3163 2363 3221 Illum
2394 3163 2611 3218 accersit
2643 3161 2710 3213 ad
2740 3161 3037 3213 comitatum
3068 3175 3249 3223 suum,
3276 3167 3331 3210 ut
3358 3165 3479 3228 pote
3502 3158 3665 3211 virum
3682 3155 3788 3211 illu-

2622 3241 2777 3287 strcm
2794 3230 2988 3303 sibique
3018 3230 3381 3284 necessarium.

2268 3327 2477 3399 Habent
2502 3326 2604 3379 hoc
2630 3324 2922 3393 gloriosum
2941 3320 3304 3391 prmjudicium
3330 3320 3593 3374 bonarum
3609 3319 3792 3375 merita

2197 3434 2572 3492 personarum,
2586 3417 2767 3470 utotio
2783 3425 3089 3485 torpescere
3109 3429 3217 3468 non
3238 3414 3479 3467 sinantur
3489 3413 3581 3483 qui
3608 3413 3795 3483 probis

2200 3510 2498 3567 actionibus
2528 3510 2870 3564 innotescunt
2902 3526 2914 3561 :
2945 3515 3001 3561 et
3045 3506 3167 3561 ideo
3192 3514 3302 3559 tam
3333 3504 3592 3561 desiderio
3612 3514 3794 3561 vestro

2199 3602 2613 3665 satisfacientes,
2638 3616 2798 3669 quam
2830 3599 2974 3668 quod
3001 3614 3096 3654 vos
3119 3599 3459 3655 necessarios
3486 3614 3610 3653 esse
3636 3599 3795 3654 credi-

2200 3693 2392 3759 dimus,
2404 3692 2565 3761 jussis
2586 3691 2936 3762 praesentibus
2962 3705 3254 3745 evocamus
3272 3707 3286 3755 ;
3306 3699 3575 3761 quatenus
3596 3697 3651 3745 et
3680 3690 3795 3745 viris

2202 3783 2469 3837 nobilibus
2515 3781 2770 3849 obsequia
2811 3788 2996 3835 nostra
3032 3779 3385 3844 decorentur,
3422 3788 3629 3851 etquae
3657 3782 3793 3835 utilia

2203 3876 2360 3935 nobis
2379 3875 2669 3941 credimus,
2700 3889 2798 3946 per
2827 3882 2881 3929 te
2908 3873 3163 3945 expedire
3192 3873 3478 3943 possimus.

2209 4130 2443 4202 Procop.
2464 4128 2558 4185 lib.
2585 4144 2639 4185 Iv
2663 4129 2730 4185 de
2763 4128 2912 4185 Bello
2949 4128 3261 4186 Vandalico.
3292 4128 3482 4256 Infuli.
3510 4147 3609 4199 xu,
3640 4148 3725 4205 ep.
3750 4131 3794 4185 5.

3464 4218 3663 4256 ORNER.

3464 4218 3663 4259 ORNER.

2284 4272 2310 4313 ά
2343 4274 2772 4345 Solemniajona
2794 4281 2844 4327 et
2883 4289 3060 4327 annua
3088 4288 3332 4339 munera,
3359 4271 3497 4327 infra
3548 4275 3707 4345 epist.
3740 4272 3801 4327 Β

2213 4346 2372 4415 hujus
2390 4345 2493 4415 lib.
2523 4360 2578 4399 v.
2610 4343 2850 4415 Fornuea.

2291 4413 2313 4455 δ
2346 4414 2491 4487 Idem
2539 4413 2727 4469 tribuit
2758 4414 3065 4471 Alexandro
3105 4416 3382 4469 Mammeze
3408 4413 3521 4471 filio
3566 4414 3800 4487 Lampri-

2216 4486 2353 4541 dius.
2382 4485 2622 4540 FonNI-zn.

2289 4556 2308 4594 ί
2343 4555 2507 4624 Regia
2549 4571 2797 4628 munera,
2830 4557 2945 4610 luce
2985 4556 3265 4628 donativa,
3297 4564 3494 4628 praster
3546 4558 3802 4628 stipendia

2213 4637 2489 4691 consueta,
2509 4626 2837 4681 militibusin
2867 4629 3143 4697 prtemium
3174 4626 3500 4683 fortitudinis
3524 4626 3799 4692 cedebant,

2215 4712 2316 4768 nec
2347 4706 2551 4768 temere
2574 4738 2587 4761 ,
2617 4711 2791 4765 neque
2835 4698 3033 4768 passim
3079 4697 3326 4753 omnibus
3354 4698 3488 4753 citra
3527 4699 3798 4754 delictum.

2214 4766 2336 4839 Fuit
2360 4767 2459 4839 su_b
2487 4766 3049 4839 lustinianoiquaistor
3068 4768 3407 4839 praemiorum
3438 4770 3697 4837 Agathias
3717 4771 3798 4822 lib.

2214 4852 2270 4891 ιιι
2296 4837 2363 4917 de
2410 4836 2558 4917 Iiello
2592 4837 2752 4892 Goth.
2778 4836 2848 4917 in
2871 4836 3132 4917 exercitu,
3166 4838 3358 4906 inquit,
3391 4836 3804 4917 n_ec’ducis,_nec

2213 4904 2453 4980 pnefeeti
2507 4922 2729 4980 munere
2773 4904 3125 4978 fungebatur;
3170 4904 3270 4980 nec
3340 4904 3496 4964 miles
3573 4912 3800 4980 quidem.

2216 4977 2461 5043 Qumstor
2481 4977 2715 5045 alioquin
2736 5019 2749 5042 ,
2785 4988 2838 5033 et
2863 4977 3021 5048 regia:
3050 4979 3290 5049 pecuniae
3312 4989 3526 5049 custos,
3559 4977 3704 5034 haud
3733 4990 3804 5033 ta-

2216 5063 2340 5100 men
2379 5062 2569 5119 earum
2593 5063 2710 5117 quze
2740 5050 2996 5104 militibus
3038 5047 3090 5103 in
3121 5047 3449 5118 stipendium
3496 5052 3803 5119 pendeban-

2219 5126 2343 5190 tur;
2367 5132 2491 5172 nam
2524 5117 2678 5190 alteri
2702 5127 2821 5173 erat
2847 5120 2961 5174 haec
3008 5135 3132 5175 cura
3173 5117 3532 5184 demandata;
3564 5121 3664 5177 sed
3697 5135 3804 5190 quae

2218 5203 2286 5260 ex
2333 5188 2668 5260 imperatoris
2715 5190 2906 5244 :erario
2936 5191 2999 5260 ad
3031 5191 3359 5257 exercitum,
3383 5191 3465 5244 his
3496 5202 3551 5246 et
3580 5194 3634 5246 in
3674 5188 3803 5260 pen-

2217 5259 2385 5311 mium
2411 5257 2774 5329 mittebantur,
2791 5261 2880 5328 qui
2905 5259 3109 5327 insigne
3131 5261 3347 5329 aliquod
3370 5261 3577 5316 facinus
3595 5264 3645 5315 in
3670 5257 3803 5315 bello

2214 5329 2525 5403 gessissent.
2551 5327 2666 5394 Qua
2683 5346 2749 5384 ex
2767 5327 2825 5403 re
2855 5346 2961 5385 non
2976 5327 3236 5385 obscurus
3255 5329 3300 5382 is
3325 5340 3457 5394 erat,
3473 5332 3567 5387 sed
3596 5348 3802 5403 pracpo-

2215 5405 2335 5452 tens
2348 5398 2537 5464 factus,
2550 5406 2710 5469 atque
2726 5399 2859 5454 adeo
2877 5410 2933 5455 ut
2950 5417 3269 5455 arcanorum
3282 5411 3423 5455 esset
3434 5403 3577 5457 inter
3590 5398 3803 5457 cancros

2218 5472 2504 5541 particeps,
2530 5470 2603 5522 ita
2628 5470 2977 5541 utﬁrmitatis
3003 5480 3114 5525 tum
3132 5472 3419 5541 plurimum
3439 5483 3495 5528 et
3520 5473 3641 5528 fidei
3666 5473 3803 5541 prin-

2218 5539 2577 5613 cipumdicta
2620 5539 2931 5613 viderentur
2970 5539 3195 5607 habere,
3231 5558 3353 5598 cum
3386 5543 3459 5597 illi
3492 5539 3799 5613 placerent:

2216 5612 2359 5682 quod
2408 5611 2508 5682 hic,
2538 5609 2892 5682 Cassiodorus
2930 5626 3144 5682 quoque
3191 5609 3531 5669 s’ubindicar'e
3576 5614 3799 5675 videtur,

2215 5681 2338 5734 dum
2371 5682 2444 5734 ait
2471 5680 2798 5745 singulorum
2832 5680 2964 5736 facta
2985 5726 2999 5749 ,
3031 5680 3158 5743 etc”
3191 5684 3340 5751 quasi
3364 5694 3507 5739 essot
3537 5685 3588 5738 in
3620 5683 3801 5737 castris

2216 5752 2429 5820 quidam
2461 5751 2770 5819 explorator
2800 5752 3070 5807 industria:
3109 5764 3163 5807 ct
3194 5754 3515 5808 fortitudinis
3545 5755 3799 5821 cujusque

2215 5822 2475 5902 militum,
2519 5821 2671 5902 cujus
2713 5824 3042 5902 renuntiatio
3091 5824 3231 5902 apud
3278 5826 3571 5902 principem
3605 5824 3802 5879 valeret

2218 5892 2288 5947 ad
2316 5892 2498 5947 militis
2526 5892 2728 5948 strenui
2754 5892 3295 5952 commendationem.
3324 5892 3493 5954 Fami.
