3958 6462
155 338 274 398 665

722 457 1051 516 EPISTOLA
1093 455 1283 512 XXIX.

417 590 590 630 NEUDI
620 589 741 630 ΠΕΟ
767 589 1012 630 ILLUSTRI
1041 582 1406 627 TIIEODORICUS
1434 582 1562 622 REX.

160 685 321 744 Iubet
366 696 433 741 ut
478 705 586 743 non
632 688 870 742 trahatur
900 684 1096 740 Ocerus
1135 700 1302 739 caecus
1334 684 1388 736 in
1417 681 1730 743 seruitutem,
1753 675 1799 731 si

397 759 710 829 probavisse
737 775 789 813 se
817 774 929 813 esse
950 759 1230 828 ingenuum
1260 753 1566 826 reperiatur.

233 870 423 926 Movit
479 888 586 928 nos
614 871 828 943 quidem
857 869 1016 925 Oceri
1056 867 1172 923 fusa
1201 865 1464 938 precatio,
1505 861 1602 918 sed
1629 859 1801 930 magis

161 965 652 1021 miserabiliorem
675 963 907 1020 reddidit
949 962 1123 1017 virum
1149 959 1366 1015 luminis
1407 957 1489 1012 sui
1516 955 1802 1025 ademptus

159 1063 434 1124 ornatus,
469 1056 602 1162 quia
632 1069 856 1110 necesse
889 1061 975 1109 est
1002 1061 1062 1108 ut
1084 1050 1313 1124 amplius
1341 1054 1657 1120 permoveat
1685 1045 1801 1100 visa

161 1165 336 1222 quam
370 1147 568 1204 audita
585 1149 884 1205 calamitas.
913 1147 958 1203 Is
979 1147 1121 1202 enim
1145 1152 1403 1217 perpetua
1427 1149 1584 1197 nocte
1613 1154 1802 1215 super-

161 1251 276 1296 stes
309 1242 385 1296 ad
416 1242 668 1298 remedia
694 1250 876 1297 nostra
905 1248 1134 1296 mutuati
1173 1239 1391 1293 luminis
1418 1232 1682 1291 beneficio
1723 1232 1801 1288 fe-

163 1332 444 1400 stinavit;
484 1341 546 1388 ut
574 1348 734 1402 quem
763 1333 946 1388 videre
969 1347 1074 1388 non
1101 1337 1316 1402 poterat
1339 1328 1530 1382 saltem
1564 1324 1802 1381 clemen-

165 1424 256 1478 tite
289 1427 583 1480 suavitate
613 1426 856 1481 sentiret.
891 1423 1230 1497 89Clamat
1273 1423 1416 1478 enim
1457 1419 1556 1475 sibi
1584 1417 1798 1481 Gudila,

165 1516 258 1572 vel
292 1514 543 1588 Oppane
570 1518 898 1587 incognitam
939 1533 1038 1572 suo
1069 1515 1251 1586 generi
1283 1512 1648 1569 conditionem
1683 1523 1801 1564 ser-

167 1607 369 1663 vitutis
393 1610 629 1680 imponi,
661 1625 784 1665 cum
813 1609 1018 1681 pridem
1045 1608 1144 1664 sub
1170 1608 1419 1663 libertate
1444 1612 1661 1660 nostros
1686 1601 1803 1656 fue-

168 1702 241 1758 rit
271 1713 514 1760 secutus
539 1705 830 1760 exercitus.
862 1703 1037 1758 Mirati
1066 1718 1251 1758 sumus
1286 1701 1450 1756 talem
1478 1700 1533 1754 in
1576 1696 1804 1752 famula-

169 1800 286 1846 tum
323 1795 512 1862 trabi,
544 1795 634 1866 qui
663 1809 693 1848 a
719 1809 853 1850 vero
881 1793 1102 1848 domino
1137 1792 1408 1847 debuisset
1435 1788 1656 1860 expelli.
1687 1787 1799 1843 No-

171 1900 270 1939 vus
297 1885 552 1940 ambitus
581 1893 662 1940 est
685 1885 844 1940 talem
869 1884 1081 1957 [Juret.,
1111 1880 1333 1954 caecum]
1351 1895 1616 1952 quaerere,
1637 1893 1801 1949 quem

169 1977 357 2047 possis
381 1977 648 2044 horrere;
681 1991 1002 2047 servumque
1049 1975 1246 2040 dicere,
1282 1975 1369 2028 cui
1396 1973 1594 2028 debeas
1623 1970 1805 2026 divina

161 2068 632 2124 consideratione
678 2067 902 2123 servire.
959 2067 1233 2137 Adjiciens
1281 2067 1445 2121 etiam
1494 2061 1805 2134 bujusmodi

161 2158 497 2213 calumnias
524 2157 726 2232 Pythia:
747 2158 958 2223 comitis
976 2159 1261 2214 celebratae
1282 2156 1548 2228 opinionis
1576 2155 1677 2209 viri
1704 2147 1806 2208 sibi

161 2249 598 2304 examinatione
629 2251 925 2306 submotas.
956 2250 1107 2304 Nunc
1136 2259 1314 2304 autem
1341 2248 1667 2303 inﬁrmitatis
1695 2260 1805 2300 sum

165 2341 325 2396 mole
378 2357 775 2412 compressum,
821 2357 983 2397 manu
1024 2342 1300 2397 vindicare
1330 2339 1661 2412 non‘posse,
1685 2353 1805 2408 quae

168 2440 425 2505 patrona
456 2430 683 2488 fortibus
711 2435 972 2504 probatur
996 2434 1271 2488 assistere.
1311 2431 1416 2487 Sed
1446 2448 1546 2487 nos
1574 2445 1804 2499 quorum

169 2532 262 2581 est
292 2526 582 2597 proprium
604 2527 746 2582 inter
766 2543 923 2598 pares
949 2542 1013 2583 ac
1042 2526 1286 2598 dispares
1305 2525 1622 2596 :equabilem
1647 2522 1805 2593 justi-

171 2615 318 2670 tiam
345 2617 646 2682 custodire,
671 2619 920 2688 praesenti
939 2617 1181 2688 jussione
1200 2617 1564 2683 decernimus,
1591 2623 1649 2668 ut
1679 2615 1723 2669 si
1752 2613 1804 2668 in

173 2705 393 2777 judicio
422 2723 585 2779 supra
615 2711 896 2766 memorati
917 2710 1188 2780 quondam
1219 2709 1424 2781 Pythice
1452 2723 1512 2763 se
1552 2706 1804 2777 probavit

173 2797 511 2868 ingenuum,
542 2802 933 2858 calumniantes
959 2803 1203 2872 protinus
1225 2801 1550 2868 amoveatis;
1583 2815 1686 2854 nec
1712 2815 1807 2854 au-

174 2893 358 2950 deant
408 2897 637 2954 ulterius
682 2900 1093 2958 necessitatibus
1138 2899 1330 2954 alienis
1378 2897 1640 2964 illudere,
1669 2911 1807 2966 quos

175 2987 365 3045 semel
387 2990 673 3046 convictos
701 2991 956 3046 decuerat
985 3007 1081 3046 sua
1119 3000 1246 3046 vota
1275 2991 1553 3046 damnare.

730 3120 1066 3176 EPISTULA
1104 3119 1275 3175 XXX.

443 3248 602 3290 GUDUI
638 3251 762 3291 VIBO
799 3253 1006 3293 SUBLIII
1046 3252 1410 3294 THEODORICUS
1447 3253 1574 3294 REX.

195 3342 463 3413 Prwcipit
488 3354 604 3419 ut_a
641 3345 851 3419 Costula
884 3356 1037 3419 atque
1075 3349 1232 3403 Daila
1260 3347 1546 3404 Gothorum
1569 3347 1806 3404 libertate

421 3415 763 3486 gaudentibus
802 3415 962 3472 onera
991 3421 1198 3474 servilia
1230 3430 1586 3476 amoveantur.

269 3529 429 3596 Quos
467 3529 630 3586 duces
685 3532 949 3600 eligimus,
984 3533 1061 3588 eis
1089 3533 1247 3587 simul
1278 3541 1334 3588 et
1374 3533 1641 3604 mquitatis
1683 3549 1802 3590 mo-

199 3629 390 3678 menta
449 3622 574 3691 jure
615 3622 929 3692 delegamus
984 3643 996 3679 :
1040 3627 1164 3696 quia
1223 3642 1332 3680 non
1383 3635 1591 3680 tantum
1643 3627 1806 3681 armis

202 3721 474 3783 quantum
519 3713 732 3782 judiciis
783 3731 880 3771 nos
919 3716 1061 3771 etlici
1109 3718 1352 3787 cupimus
1393 3717 1670 3772 clariores.
1695 3715 1804 3772 Co-

203 3806 347 3861 stula
377 3805 545 3875 igitur
581 3815 744 3876 atque
773 3808 923 3863 Daila
963 3825 1107 3872 cum,
1154 3810 1268 3866 Deo
1312 3810 1568 3880 pr0pitio,
1600 3807 1806 3865 Gotho-

205 3911 324 3951 rum
356 3905 672 3954 nostrorum
701 3898 949 3954 libertate
979 3899 1250 3968 laetentur,
1269 3917 1436 3956 onera
1461 3902 1562 3958 sibi
1592 3901 1806 3967 servilia

205 4001 237 4041 a
259 3987 735 4042 vobiscausantur
758 3987 984 4058 injungi,
1017 4004 1136 4058 qum
1160 4006 1260 4046 nec
1290 3992 1435 4061 ipsos
1463 3991 1657 4046 deceat
1683 4006 1809 4061 per-

207 4078 343 4148 peti,
376 4092 486 4134 nec
529 4080 783 4149 cuiquam
834 4081 1276 4137 irrationabiliter
1328 4081 1406 4137 fas
1455 4084 1526 4138 sit
1577 4083 1803 4154 imponi.

207 4169 366 4236 Quod
395 4170 444 4226 si
476 4170 550 4225 ita
579 4178 788 4240 gestum
815 4186 934 4228 esse
981 4175 1286 4241 cognoscis,
1314 4173 1432 4228 sine
1469 4174 1645 4242 aliqua
1674 4172 1809 4228 dila-

108 4261 118 4272 ‘
211 4261 360 4317 tione
388 4261 560 4316 facias
581 4263 852 4318 amoveri:
871 4279 940 4318 ne
969 4265 1037 4319 ad
1067 4280 1166 4320 nos
1196 4263 1392 4320 exinde
1421 4265 1647 4319 ulterius
1675 4280 1808 4335 que-

211 4351 324 4406 rela
355 4359 669 4421 revocetur,
699 4361 754 4407 et
787 4353 1006 4424 incipiat
1053 4355 1230 4422 gravis
1271 4369 1389 4410 esse
1417 4355 1596 4410 animo
1619 4362 1808 4410 nostro

214 4442 270 4497 in
320 4443 521 4500 ducem
574 4445 818 4498 revoluta
870 4446 1134 4514 causatio,
1166 4460 1326 4515 quem
1369 4446 1540 4516 magis
1594 4453 1811 4517 oportet

216 4534 342 4591 talia
365 4549 631 4608 peragere
660 4550 780 4606 quae
800 4551 900 4590 nos
920 4535 1152 4591 delectet
1179 4536 1384 4591 audire.

724 4669 1059 4728 EPISTOLA
1095 4670 1268 4726 XXXI

385 4798 671 4840 DECORA'I‘O
708 4799 832 4840 νικο
869 4800 1082 4841 DEVOTO
1122 4798 1488 4840 THEODORICUS
1525 4799 1657 4839 REX.

225 4893 466 4952 Decernit
508 4897 819 4971 utAMarcus
869 4899 1162 4971 presbyter,
1213 4899 1451 4955 Andreas
1493 4908 1544 4956 et
1583 4902 1673 4956 atii
1716 4918 1807 4957 co-

209 4992 218 5064 i
291 4978 483 5039 gantur
515 4969 598 5051 ad.
630 4970 902 5051 pecuniam
946 4969 1069 5025 ﬁsco
1117 4971 1444 5040 solvendam,
1472 4974 1518 5028 si
1554 4972 1804 5030 debitores

209 5047 218 5109 ξ
291 5055 400 5094 esse
433 5047 739 5094 constiterit.

293 5146 530 5206 Thomas
561 5151 642 5204 vir
670 5151 998 5210 clarissimus
1027 5155 1168 5210 inter
1191 5155 1442 5228 Apuliam
1478 5159 1812 5216 Calabriam-

228 5251 329 5308 que
349 5241 657 5312 provincias
686 5243 754 5300 de
782 5245 1067 5315 siliquatici
1094 5250 1248 5305 titulo
1279 5251 1632 5309 indictionum
1661 5262 1813 5310 octa-

229 5343 325 5397 vae,
357 5348 536 5402 nonm,
572 5334 894 5404 undecimae,
916 5338 1122 5407 primae,
1148 5341 1397 5397 secundm
1419 5349 1475 5398 et
1500 5343 1699 5414 quintae
1714 5345 1812 5400 de-

231 5423 396 5496 cimas,
429 5442 561 5498 quas
589 5428 658 5484 ad
679 5426 1098 5486 conductionem
1119 5445 1271 5486 suam
1301 5425 1640 5502 pertinuisse.
1658 5450 1810 5493 com-

299 5629 405 5686 ιιι.
437 5649 529 5690 un.
555 5634 617 5690 C.
642 5633 854 5708 Ibeod.
889 5635 957 5691 de
986 5635 1198 5691 emend.
1231 5636 1484 5708 propinq.
1534 5635 1809 5695 Matronas

234 5709 510 5768 prostratae
552 5706 840 5778 pudicitia},
893 5708 1085 5778 quibus
1115 5706 1405 5763 accusamr
1446 5706 1687 5776 publicus
1715 5709 1810 5766 de-

236 5781 390 5845 esset,
423 5783 481 5828 ut
501 5777 785 5845 propinqui
808 5793 958 5832 more
988 5779 1251 5844 majorum
1283 5779 1349 5833 de
1378 5781 1651 5834 communi
1683 5796 1809 5836 sen-

237 5842 397 5922 tentia
411 5842 958 5922 _coct'ccren_tuau_ctor
986 5842 1088 5904 fuit
1115 5849 1378 5906 Tiberius.
1423 5849 1714 5907 Suetonius
1752 5853 1808 5907 iu

235 5915 392 5980 ipsius
411 5915 534 5974 Vita
553 5932 674 5988 cap.
703 5917 793 5973 55.
824 5917 1058 5975 Fumea.

1502 319 1860 379 VAIIIARUM
1899 318 2105 377 LIBER
2145 323 2206 378 V.

1825 3208 1874 3272 C

3379 330 3485 393 666

1825 449 1882 510 Α
1904 451 2191 511 memorat,
2221 444 2509 502 nonnullos
2532 444 2824 503 maximam
2845 446 3087 520 pecunia:
3130 449 3489 520 quantitatem

1900 540 2138 596 retinere
2167 538 2260 612 [Π.
2291 538 2440 594 Grut.
2472 547 2522 595 et
2550 539 2694 611 Cuj.,
2745 542 2978 610 debere;
3011 545 3104 599 alii
3128 587 3144 614 ,
3181 545 3488 622 redhibere]

1903 632 2275 702 conqueritur.
2307 631 2375 687 Et
2403 633 2530 703 quia
2579 633 2868 689 utilitatem
2913 635 3187 706 publicam
3235 638 3489 696 diuturna

1902 740 2011 781 non
2041 724 2292 780 convenit
2314 724 2680 781 luditicatione
2727 725 2953 792 diti'erri,
2977 728 3100 785 ideo
3134 729 3354 788 devotio
3395 740 3490 789 tua

1901 816 2191 889 praesentia
2219 815 2439 873 decreta
2468 818 2790 889 suscipiens,
2819 817 3059 876 Marcum
3094 825 3486 897 presbyterum,

1901 910 2173 966 Andream
2195 950 2212 976 ,
2255 917 2311 967 et
2350 909 2705 980 Simeonium,
2732 911 2817 967 vel
2841 912 3080 982 reliquos
3132 930 3270 987 quos
3310 919 3492 976 brevis

1902 1003 2091 1060 subter
2116 1018 2362 1060 annexus
2381 1003 2674 1076 eloquitur,
2706 1013 2918 1060 servata
2947 1004 3002 1061 in
3037 1007 3287 1064 omnibus
3315 1009 3490 1066 civili-

1903 1102 2015 1151 tate
2034 1096 2322 1152 conveniat
2354 1114 2368 1151 :
2399 1104 2459 1152 ut
2506 1097 2553 1153 si
2596 1113 2692 1154 eos
2717 1114 2824 1153 non
2857 1114 2958 1169 per
3009 1099 3358 1170 calumniam,
3397 1104 3493 1159 sed

1901 1188 2219 1246 manifestos
2239 1205 2427 1246 revera
2477 1191 2608 1249 tisco
2652 1193 2960 1248 constiterit
3003 1209 3125 1250 esse
3172 1195 3448 1252 debitores
3476 1239 3491 1265 ,

1901 1299 2168 1340 summam
2203 1299 2322 1354 quae
2341 1285 2736 1342 rationabiliter
2761 1287 3086 1356 postulatur,
3144 1288 3260 1344 sine
3316 1289 3494 1361 aliqua

1902 1375 2280 1432 imminutione
2299 1377 2632 1447 persolvant.
2673 1377 3072 1434 Providendum
3118 1387 3202 1434 est
3251 1381 3393 1435 enim
3425 1397 3494 1438 ne

1903 1467 2124 1538 spiritus
2144 1469 2540 1525 contumacium
2570 1485 2920 1540 personarum
2942 1471 3170 1541 publicis
3196 1474 3495 1530 rationibus

1903 1560 2123 1630 aliquod
2153 1562 2402 1617 videatur
2425 1561 2619 1618 atl‘erre
2646 1563 3008 1633 dispendium.
3040 1563 3143 1630 Qui
3155 1581 3288 1622 vero
3317 1568 3494 1624 minus

1903 1655 2169 1711 intentata
2199 1663 2558 1726 cognoscunt,
2590 1655 2658 1712 ad
2684 1655 2947 1726 judicium
2977 1669 3293 1728 competens
3315 1667 3369 1716 te
3396 1661 3495 1717 im-

1902 1747 2144 1803 minente
2199 1749 2560 1816 conveniant;
2612 1757 2672 1803 ut
2716 1749 2864 1820 quod
2917 1751 3158 1820 :equitati
3207 1753 3494 1822 congruit,

1836 1835 1878 1893 Β
1903 1853 2258 1917 utrarumque
2280 1847 2516 1916 partium
2539 1846 2869 1918 allegatione
2890 1849 3188 1919 recognita,
3218 1849 3382 1906 salvis
3419 1851 3496 1906 le—

1906 1937 2063 2006 gibus
2086 1938 2390 2010 impleatur.

2409 2067 2743 2127 EPISTOLA
2774 2054 2988 2128 XXXII.

2273 2195 2550 2237 BRANDILE
2591 2197 2960 2240 THEODORICUS
2996 2199 3122 2242 REX.

1905 2293 2164 2368 Admonet
2193 2303 2264 2368 ut
2309 2296 2541 2368 corrigat
2575 2294 2857 2350 Proculam
2898 2312 3113 2368 uxorem
3156 2312 3342 2364 suam,
3387 2311 3500 2368 qua

1979 2365 2286 2437 gravissime
2314 2366 2631 2434 percussisse
2659 2381 2874 2421 uxorem
2903 2365 3152 2422 Patzenis
3187 2365 3456 2423 dicebatur
3483 2385 3500 2424 .'

1976 2438 2023 2508 si
2047 2446 2220 2490 tamen
2240 2445 2544 2508 accusatam
2573 2437 2710 2508 falso
2736 2454 2852 2491 eam
2876 2454 2989 2491 esse
3019 2439 3301 2494 crediderit
3333 2439 3498 2494 Bran-

1977 2507 2123 2630 ἔξω,
2162 2507 2267 2561 vult
2316 2517 2373 2560 ut
2399 2507 2468 2560 ad
2505 2507 2684 2562 aulam
2724 2525 2841 2563 cum
2875 2525 3040 2565 uxore
3080 2510 3252 2566 ueniat
3292 2527 3499 2566 causam

2016 2588 2230 2630 returns.

2016 2588 2230 2632 tcturus.

1980 2694 2128 2750 Adiit
2154 2710 2256 2752 nos
2279 2695 2574 2752 innumeris
2595 2695 2806 2752 vicibus
2831 2695 3080 2754 Patzenis
3101 2699 3332 2770 repetita
3369 2713 3501 2755 con.

1907 2790 2122 2858 questio
2159 2807 2171 2841 :
2203 2789 2298 2857 qui
2344 2804 2468 2845 cum
2521 2797 2666 2846 esset
2706 2791 2760 2845 iu
2809 2792 3158 2862 expeditione
3193 2792 3502 2849 felicissima

1905 2881 2254 2946 constitutus,
2281 2896 2310 2935 a
2335 2879 2564 2936 Procula
2607 2883 2837 2952 conjuge
2865 2891 2958 2938 tua
2987 2899 3214 2940 uxorem
3243 2901 3395 2940 suam
3425 2902 3504 2940 as-

1907 2975 2082 3030 seruit
2109 2973 2247 3028 trina
2277 2973 2442 3029 fuisse
2471 2973 2618 3030 caede
2645 2975 2941 3030 laceratam
2967 2993 2979 3029 :
3013 2976 3088 3031 ita
3117 2985 3174 3031 ut
3199 2977 3318 3032 solo
3339 2977 3504 3032 bene-

1911 3065 2034 3122 ﬁcio
2063 3065 2458 3136 desperationis
2481 3065 2773 3131 evaderet,
2806 3083 2928 3123 cum
2969 3083 3078 3124 non
3117 3068 3290 3140 plagis
3336 3067 3504 3139 fessa,

1909 3159 2007 3216 sed
2031 3159 2142 3229 jam
2168 3159 2484 3216 crederetur
2519 3160 2808 3216 exstincta.
2857 3160 3009 3218 Hanc
3056 3177 3174 3230 nos,
3227 3163 3274 3220 si
3325 3171 3505 3220 tamen

1907 3265 2038 3306 vera
2067 3260 2170 3314 est,
2202 3250 2257 3304 in
2288 3249 2489 3305 femina
2537 3263 2700 3319 quam
2741 3251 2978 3307 maxime
3024 3252 3286 3309 mirantes
3331 3252 3507 3308 auda‘

1907 3343 2071 3411 ciam,
2111 3342 2341 3397 transire
2379 3357 2487 3396 non
2517 3343 2756 3412 patimur
2794 3343 3136 3415 impunitam.
3177 3345 3355 3416 Atque
3383 3345 3506 3402 ideo

1905 3433 2141 3490 decretis
2183 3440 2240 3490 te
2286 3435 2646 3506 praesentibus
2691 3435 3068 3507 admonemus,
3101 3445 3160 3492 ut
3209 3438 3255 3493 si
3305 3437 3505 3496 factum

1909 3525 2191 3581 evidenter
2235 3527 2506 3595 agnoscis,
2571 3528 2806 3584 delatam
2855 3531 3272 3602 querimoniam,
3314 3531 3506 3603 pudori

1907 3624 2001 3672 tuo
2057 3617 2347 3673 consulens
2371 3657 2386 3684 ,
2437 3619 2674 3674 maritali
2726 3619 3065 3678 districtione
3100 3632 3127 3660 ι
3167 3622 3503 3692 redarguas;

1909 3720 2181 3782 quatenus
2205 3728 2273 3767 ex
2301 3712 2494 3769 eadem
2541 3729 2706 3769 causa
2735 3714 2803 3768 ad
2835 3730 2935 3770 nos
2963 3715 3186 3785 querela
3224 3716 3368 3786 justa
3395 3733 3504 3774 non

1908 3803 2126 3870 redeat;
2159 3810 2216 3858 et
2242 3802 2454 3872 legibus
2509 3805 2727 3860 noveris
2775 3807 3014 3862 resecari
3043 3822 3228 3877 posse,
3274 3809 3421 3876 quod
3451 3817 3505 3864 te

1909 3904 2225 3965 oportuerat
2252 3896 2553 3953 domestica
2583 3898 2922 3955 districtione
2950 3902 3243 3968 corrigere.
3277 3901 3433 3968 Quod
3459 3903 3504 3958 si

1909 3985 2248 4043 mendacium
2279 3989 2450 4060 magis
2476 3989 2728 4060 petitoris
2768 4005 3029 4046 accusans
3059 4005 3276 4045 causam
3323 3991 3505 4048 dicere

1907 4078 2140 4136 fortasse
2159 4080 2416 4149 volueris,
2449 4083 2721 4138 summoto
2753 4082 3028 4137 dilationis
3072 4083 3376 4151 obstaculo,
3428 4084 3498 4140 ad

1911 4172 2228 4226 comitatum
2257 4181 2500 4227 nostrum
2535 4187 2657 4227 cum
2696 4171 3009 4242 supradicta
3039 4173 3270 4243 conjuge
3300 4181 3392 4230 tua
3422 4175 3505 4231 in-

1909 4271 2232 4318 cunctanter
2270 4277 2513 4329 occurre,
2547 4272 2844 4335 exceptura
2873 4271 2967 4320 aut
3017 4264 3085 4320 de
3128 4265 3312 4337 iniqua
3366 4284 3504 4339 prte-

1911 4357 2220 4427 sumptione
2263 4356 2577 4415 vindictam.
2629 4365 2724 4414 aut
2770 4359 2839 4416 de
2884 4360 3128 4418 mulieris
3157 4362 3524 4436 improbitate,

1910 4443 1940 4485 δ
1972 4447 2274 4503 victoriam.

1838 4599 1893 4660 1)
2411 4600 2743 4660 EPISTULA
2763 4604 2998 4666 XXXIII.

2185 4729 2524 4774 WILITANCHO
2559 4735 2682 4775 DUCI
2720 4736 3086 4792 THEODORICUS
3122 4739 3246 4782 REX.

1924 4826 2070 4885 Iubet
2094 4837 2171 4908 ut.
2172 4830 2416 4908 discutiat
2446 4849 2656 4908 causam
2675 4833 2963 4908 Brandilw,
2988 4836 3075 4908 qui
3094 4835 3348 4907 Reginam
3369 4854 3504 4894 uxo-

1988 4916 2100 4954 rem
2127 4900 2394 4975 Patzenis,
2430 4903 2548 4957 dum
2574 4905 2626 4957 in
2661 4900 3012 4975 expeditione'
3031 4900 3306 4962 Gallicana
3329 4925 3506 4964 versa-

1990 4979 2150 5038 retur,
2184 4974 2238 5026 in
2273 4976 2660 5028 matrimonium
2690 4974 2941 5043 duxerat;
2972 4986 3023 5031 et
3049 4978 3095 5032 si
3123 4980 3505 5036 accusationem

1990 5058 2163 5097 veram
2190 5046 2502 5117 cognoverit,
2543 5046 2807 5102 adulteros
2832 5049 3036 5118 puniat.

1987 5157 2180 5214 Gravis
2207 5167 2290 5214 est
2319 5158 2566 5214 Patzenis
2590 5161 2894 5217 clementiae
2916 5167 3115 5216 nostra:
3143 5160 3393 5217 sensibus
3421 5162 3506 5218 in-

1917 5251 2106 5307 timata
2157 5253 2474 5322 conquestio
2512 5271 2525 5307 :
2557 5254 2648 5322 qui
2701 5269 2758 5310 se
2807 5255 2863 5308 in
2909 5252 3252 5324 expeditione
3299 5254 3504 5314 Gallica

1917 5343 2232 5408 constituto,
2291 5343 2347 5399 in
2387 5359 2512 5400 eum
2551 5343 2863 5400 Brandilam
2909 5345 3226 5414 prosiluisse
3273 5354 3505 5405 testatur

1917 5451 2218 5505 excessum,
2246 5446 2308 5494 ut
2334 5429 2560 5495 uxOrem
2588 5437 2705 5508 ejus
2737 5437 2992 5508 Reginam
3036 5439 3258 5510 proprio
3288 5439 3504 5498 socian-

1991 5640 2291 5714 biFeminis
2314 5643 2381 5699 ad
2401 5645 2611 5714 scelera,
2629 5644 2772 5699 vires
2798 5658 2919 5700 esse
2948 5645 3022 5700 ait
3058 5646 3254 5702 Fabius
3283 5645 3506 5714 Quintil.

1920 5712 2150 5768 declam.
2185 5715 2237 5769 2.
2269 5713 2332 5768 L.
2356 5715 2454 5770 ult.
2479 5714 2540 5769 Ο.
2574 5713 2779 5769 Theod.
2812 5715 2876 5768 ad
2904 5715 3008 5785 leg.
3035 5717 3198 5772 Corn.
3224 5717 3291 5773 de
3307 5712 3505 5777 sicam

1919 5785 2117 5860 mitior
2135 5787 2276 5839 enim
2303 5785 2444 5839 circa
2474 5801 2567 5860 cas
2593 5785 2753 5839 debet
2781 5801 2900 5840 esse
2938 5789 3225 5854 sententia,
3249 5805 3382 5858 quas
3410 5807 3507 5860 pro

1918 5854 2236 5977 inﬁrmitate
2282 5871 2444 5913 sexus
2496 5856 2674 5912 minus
2720 5872 2944 5915 ausuras
2992 5875 3111 5919 esse
3170 5854 3506 5920 conﬁdimus.

1939 5937 2154 5977 ‘OIINER.

1939 5937 2154 5980 ἔὈΙιΝΕΗ.
