3958 6450
477 292 576 346 667

1675 271 1743 325 Μ.
1788 263 2059 321 ΛΙΙΒΕΙᾹΙ
2100 262 2495 321 CASSIODORI

3629 253 3736 305 668

478 408 598 461 dam
626 404 849 458 duceret
871 413 986 455 esse
1016 396 1294 466 coniugio;
1318 392 1448 449 etin
1472 387 1720 460 injuriam
1747 391 2051 439 nostrorum
2079 381 2128 441 Α
2161 379 2373 447 ignarus
2404 396 2416 430 :
2450 375 2741 466 obliviosus
2783 385 2904 428 cum
2931 367 3294 466 relinquitur,
3348 366 3595 466 trepidus
3619 380 3737 425 cum

479 508 776 567 temporum
802 492 1122 547 adulterium
1146 489 1393 545 simulata
1411 479 1736 540 matrimonii
1765 475 2051 543 fueritlege

480 588 818 644 commissum
850 594 895 639 ⁸.
920 583 1043 637 llaec
1071 598 1189 646 nos,
1212 580 1257 635 si
1284 594 1406 633 vera
1431 584 1574 640 sunt,
1595 572 1818 629 transire
1848 581 2051 635 nequa-

479 695 635 752 quam
668 678 898 748 patimur
934 674 1214 747 impunita.
1245 672 1377 725 Nam
1408 667 1624 740 quando
1654 663 1877 718 allectus
1911 667 2056 713 tutos

479 782 598 853 quis
627 780 841 846 habeat,
872 778 917 834 si
939 785 1065 831 tunc
1088 774 1279 832 sceleri
1316 768 1637 840 subjacebit,
1664 781 1786 822 cum
1811 779 1908 836 pro
1940 776 2057 817 om-

480 873 627 931 nium
668 872 841 927 salute
892 871 1003 941 90
1048 864 1400 939 pugnaverit?
1436 861 1721 933 Respicite,
1754 855 2056 928 impudica;

482 964 807 1035 gementimn
840 970 1105 1017 turturum
1132 960 1490 1015 castissimum
1533 970 1732 1025 genus;
1773 950 1916 1023 quod
1943 948 1988 1004 si
2029 962 2061 1003 a

484 1056 679 1125 copula
708 1069 805 1109 sua
857 1052 1016 1108 fuerit
1063 1066 1191 1107 casu
1236 1047 1600 1104 intercedente
1643 1044 1901 1108 divisum,
1933 1054 2061 1110 per-

489 1154 646 1214 petua
676 1160 733 1200 se
777 1144 1113 1199 abstinentia:
1142 1143 1257 1211 lege
1283 1139 1601 1207 constringit
1632 1155 1643 1190 :
1677 1135 1904 1205 gratiam
1932 1146 2062 1187 con-

489 1236 784 1308 iunctionis
812 1254 921 1293 non
952 1238 1169 1310 repetit,
1208 1250 1368 1304 quam
1398 1232 1642 1302 reliquit;
1676 1229 1834 1283 ﬁdem
1864 1231 2064 1293 servat,

491 1336 617 1392 dum
640 1335 849 1391 laudem
875 1333 1095 1404 pudoris
1116 1333 1353 1399 ignoret;
1386 1336 1441 1383 et
1460 1327 1701 1381 moribus
1729 1322 1946 1379 studere
1972 1319 2065 1376 de-

493 1430 863 1502 prehenditur,
890 1427 1035 1497 quod
1066 1425 1209 1481 nulla
1235 1422 1509 1479 viduitatis
1530 1417 1939 1475 conversatione
1960 1413 2069 1482 glo-

495 1521 681 1577 riatur.
739 1519 1020 1575 Mulierum
1074 1532 1153 1585 se,
1208 1515 1345 1587 proh
1402 1513 1586 1569 dolor!
1618 1520 1743 1565 vota
1790 1508 2071 1566 continere

498 1619 787 1679 nequeunt,
821 1608 1013 1678 quibus
1042 1608 1345 1663 castitatem
1395 1604 1535 1657 ratio
1564 1600 1869 1672 persuadet,
1912 1611 2071 1667 pmna

496 1701 627 1771 legis
650 1701 896 1772 imponit,
931 1708 1105 1755 terror
1144 1696 1403 1753 maritalis
1453 1700 1757 1763 extorquet.
1789 1690 2074 1745 Perierunt

2162 478 2393 525 tenetur.
2426 468 2595 521 Mutat
2621 464 2803 530 verba,
2830 462 3003 517 variat
3052 462 3369 523 constituta;
3406 477 3507 515 nec
3533 462 3587 514 in
3635 478 3739 516 una

2160 561 2286 615 dicti
2339 560 2419 613 sui
2473 558 2731 629 qualitate
2788 560 3093 619 contentus,
3147 553 3371 607 diversis
3419 554 3742 621 imaginibus

2162 652 2491 709 immutatur.
2524 650 2716 706 Merito
2746 648 3119 705 chammleonti
3148 647 3333 703 bestia:
3355 647 3739 709 conferendas,

2160 760 2278 814 quae
2304 758 2591 815 parvorum
2620 748 2931 812 serpentum
2976 739 3161 795 forma:
3208 738 3525 803 consimilis,
3582 754 3745 793 aureo

2162 846 2367 892 tantum
2396 836 2596 907 capite,
2626 842 2681 890 et
2709 834 2931 903 reliquis
2959 833 3218 889 membris
3264 833 3604 889 subalbentis
3622 847 3745 902 pra-

2161 930 2263 985 sini
2281 929 2465 985 colore
2492 926 2855 995 distinguitur.
2889 926 3015 981 Haec
3054 926 3268 995 quoties
3294 926 3564 980 humanos
3594 940 3745 995 θερε-

2164 1030 2281 1077 ctus
2314 1021 2615 1085 incurrerit,
2648 1020 2774 1074 dum
2795 1019 2847 1073 ei
2874 1017 3106 1087 fugiendi
3135 1017 3393 1073 velocitas
3421 1018 3742 1087 denegatur,

2167 1114 2325 1167 nimia
2380 1112 2660 1165 timiditate
2703 1107 2951 1175 confusa,
3009 1108 3222 1163 colores
3271 1124 3397 1163 suos
3454 1094 3747 1165 inultifaria

2166 1205 2424 1274 qualitate
2452 1209 2780 1265 commutat;
2814 1209 2872 1254 ut
2897 1199 3059 1254 modo
3088 1209 3300 1266 veneta,
3328 1200 3494 1255 modo
3524 1202 3749 1265 blattea,

2168 1298 2330 1354 modo
2357 1297 2589 1366 prasina,
2638 1295 2797 1349 modo
2837 1294 3009 1363 possit
3062 1308 3263 1365 cyanea
3309 1294 3559 1363 reperiri.
3606 1294 3750 1349 Unde

2170 1390 2365 1446 mirum
2394 1395 2477 1442 est
2505 1387 2559 1441 in
2581 1402 2686 1441 una
2716 1384 3001 1455 superﬁcie
3047 1392 3127 1439 tot
3170 1384 3386 1440 diversa
3410 1386 3746 1455 conspicere.

2172 1482 2341 1550 Quam
2371 1498 2479 1537 non
2528 1480 2795 1536 immerito
2845 1479 3056 1534 Pandia:
3107 1493 3329 1547 gemmae
3377 1479 3612 1534 dicimus
3642 1495 3750 1533 esse

2172 1574 2526 1638 consimilem,
2554 1573 2608 1628 in
2636 1588 2742 1643 qua
2772 1587 2910 1627 unus
2933 1586 2991 1626 se
3015 1569 3189 1639 fulgor
3218 1585 3323 1624 non
3352 1579 3538 1639 potest
3582 1573 3749 1625 conti-

2176 1684 2305 1724 nere
2332 1687 2346 1722 :
2372 1667 2591 1723 ﬂuctuat
2615 1666 2920 1735 aspectibus
2950 1664 3210 1728 tremulis,
3243 1666 3368 1717 dum
3402 1664 3542 1731 lapis
3575 1674 3752 1719 tenea-

498 1791 744 1864 profecto
775 1807 972 1857 mores,
1002 1792 1046 1846 si
1075 1806 1174 1845 nec
1200 1788 1303 1844 illis
1346 1786 1649 1857 comparari
1678 1790 1922 1855 possunt,
1952 1796 2072 1851 qum

2205 1776 2266 1816 ur
2291 1759 2597 1816 immobilis.
2628 1758 2760 1813 Nam
2787 1756 2928 1827 quod
2971 1754 3133 1811 modo
3155 1755 3376 1822 videris,
3430 1771 3560 1809 mox
3620 1758 3749 1810 aliud

498 1882 706 1937 ratione
725 1882 964 1937 carentia
995 1887 1380 1949 temperantur.
1415 1876 1481 1931 Et
1504 1877 1625 1932 ideo
1656 1875 1951 1931 sublimitas
1983 1882 2073 1927 tua

500 1971 772 2041 impetitos
803 1970 871 2024 ad
901 1985 1055 2025 suum
1094 1968 1255 2021 faciat
1301 1982 1527 2022 examen
1555 1980 1872 2030 occurrere;
1902 1974 1957 2019 et
1986 1978 2074 2018 re-

499 2074 616 2117 rum
639 2061 866 2115 veritate
902 2060 1162 2125 discussa,
1193 2060 1333 2114 sicut
1356 2058 1476 2127 jura
1508 2065 1695 2111 nostra
1740 2055 2074 2124 praecipiunt,

502 2154 557 2209 in
587 2152 860 2206 adulteros
897 2152 1212 2206 maritorum
1247 2151 1432 2204 favore
1480 2153 1754 2203 resecetur
1786 2164 1797 2198 :
1832 2146 1955 2214 quia
1986 2144 2081 2199 de-

504 2243 772 2299 fensorem
795 2244 999 2314 reipub.
1027 2244 1201 2299 redire
1216 2243 1526 2307 noluerunt,
1550 2240 1640 2311 qui
1664 2239 1923 2293 scelerata
1947 2254 2084 2307 prce-

507 2336 813 2405 sumptione
837 2335 1111 2405 conjuncti
1132 2343 1275 2390 sunt.
1307 2333 1571 2388 Confundi
1594 2333 1710 2387 sine
1738 2331 1899 2386 dubio
1942 2330 2083 2385 desi-

507 2428 834 2483 deraverunt
854 2428 1055 2489 omnia,
1080 2427 1170 2495 qui
1202 2432 1547 2479 tentaverunt
1586 2424 1791 2493 legibus
1846 2421 2079 2476 inimica.

509 2518 619 2575 Sed
643 2519 832 2573 melius
879 2527 961 2575 est
988 2534 1283 2589 paucorum
1311 2517 1510 2572 damno
1544 2516 1567 2554 δ
1617 2516 1881 2569 malorum
1912 2512 2083 2568 corri-

511 2620 667 2680 gatur
688 2611 946 2665 intentio:
978 2612 1101 2680 quia
1126 2625 1285 2665 omne
1309 2609 1729 2675 matrimonium,
1760 2606 1903 2676 quod
1927 2606 2083 2671 absit,

511 2702 771 2757 incertum
801 2702 1132 2770 relinquitur,
1165 2702 1208 2758 si
1233 2702 1285 2757 in
1317 2708 1464 2757 tanta
1492 2701 1791 2757 reverentia
1839 2700 1955 2755 sine
1986 2698 2088 2753 ali-

512 2808 619 2864 quo
643 2802 849 2849 terrore
871 2802 1142 2865 peccetur.

994 2923 1322 2982 EPISTULA
1361 2924 1598 2980 XXXIV.

516 3054 845 3097 Δηυκυλκτιο
882 3056 1173 3098 PREFEGTO
1213 3057 1498 3097 PRETORIO
1548 3055 1909 3096 τηεουοιιιςυθ
1963 3055 2090 3095 REX.

2176 1853 2271 1917 ibi,
2292 1852 2337 1907 si
2360 1850 2588 1920 amplius
2614 1847 2891 1910 intuearis,
2925 1844 3159 1900 advertis
3194 1845 3308 1899 :sic
3339 1853 3611 1897 mutatum
3649 1862 3749 1900 cre-

2178 1942 2283 2009 dis,
2311 1939 2456 2011 quod
2491 1937 2759 1994 neminem
2804 1935 3065 2004 eripuisse
3091 1934 3390 2002 cognoscis.
3423 1932 3522 1987 His
3549 1950 3753 2004 permu-

2179 2034 2473 2090 tationibus
2499 2030 2773 2087 aestimatis
2804 2044 2955 2083 mens
2982 2025 3231 2081 Frontosi
3256 2027 3527 2081 simillima
3560 2030 3753 2097 reperi-

2182 2135 2287 2191 tur,
2311 2140 2431 2195 qutc
2449 2124 2576 2179 dicti
2605 2123 2687 2177 sui
2712 2138 2817 2176 non
2844 2120 3003 2175 habet
3032 2119 3209 2185 fidem,
3229 2135 3345 2187 qua:
3369 2127 3450 2173 tot
3479 2122 3754 2175 varietates

2183 2218 2428 2273 continet
2454 2225 2585 2285 quot
2610 2215 2773 2269 verba
2796 2212 3080 2283 protulerit
3111 2228 3125 2263 :
3158 2210 3334 2267 Protei
3363 2212 3557 2267 fabulis
3601 2224 3623 2251 ο
3648 2215 3756 2281 jure

2184 2310 2493 2377 sociandus,
2524 2308 2612 2380 qui
2639 2308 2817 2363 subito
2847 2306 3291 2376 comprehensus,
3322 2308 3645 2363 substantia:
3660 2325 3755 2362 suae

2185 2404 2411 2458 formam
2441 2400 2767 2456 omnimodis
2815 2416 2921 2454 non
2966 2399 3222 2455 habebat.
3269 2399 3404 2453 Nam
3459 2406 3521 2453 ut
3568 2400 3756 2455 celaret

2188 2494 2480 2557 hominem,
2512 2501 2604 2547 aut
2640 2492 2725 2546 leo
2768 2490 3067 2554 frendebat,
3118 2498 3212 2545 aut
3258 2491 3519 2547 sibilabat
3557 2493 3753 2560 anguis,

2190 2595 2281 2641 aut
2306 2588 2357 2640 in
2386 2585 2554 2640 undas
2585 2584 2812 2653 liquidas
2850 2582 3176 2639 solvebatur.
3212 2580 3278 2636 Et
3303 2582 3430 2650 quia
3480 2581 3561 2636 sic
3608 2592 3753 2636 notus

2191 2686 2294 2744 est,
2338 2693 2461 2733 cum
2508 2675 2673 2731 facies
2721 2674 2787 2730 ad
2842 2682 2990 2729 tuum
3016 2673 3199 2729 venire
3225 2674 3510 2744 judicium,
3544 2672 3758 2743 primum

2193 2772 2356 2839 agito,
2388 2783 2455 2823 ne
2483 2767 2761 2837 promittat
2793 2784 2806 2820 :
2839 2781 2971 2821 cave
2997 2780 3064 2819 ne
3093 2765 3390 2821 constituat
3421 2782 3434 2817 :
3458 2765 3591 2833 quia
3620 2764 3761 2818 levis-

2194 2862 2315 2918 simi
2338 2860 2499 2915 animi
2525 2875 2642 2914 mos
2674 2866 2778 2924 est,
2812 2858 3051 2928 polliceri
3082 2857 3238 2913 facile
3261 2872 3380 2927 quas
3407 2872 3515 2910 non
3544 2858 3763 2926 disponit

2196 2954 2436 3024 implere.
2509 2950 2775 3021 Quidquid
2837 2958 3019 3005 autem
3074 2948 3387 3019 persolvere
3435 2948 3763 3003 considerata

2196 3044 2449 3113 mquitate
2477 3042 2733 3112 potuerit,
2765 3040 3088 3095 constrictus
3127 3039 3242 3093 sine
3292 3038 3469 3108 aliqua
3524 3037 3767 3092 dilatione

518 3154 702 3209 Sancit
722 3162 776 3207 ut
808 3154 1357 3228 Frontosumﬂabsque
1399 3173 1545 3210 mora
1576 3158 1754 3227 adigat
1782 3154 1852 3208 ad
1878 3156 2095 3209 solutio-
2119 3158 2166 3223 (ζ
2196 3135 2306 3205 iam
2336 3134 2525 3189 reddi“
2574 3152 2586 3187 τ
2632 3133 2756 3228 (illia
2786 3139 2909 3228 Ροδίς
2956 3137 3035 3186 ίοί
3075 3129 3345 3228 falsum“
3396 3131 3619 3228 alr-ﬁmi?-
3666 3144 3765 3185 sua?

588 3242 704 3297 nent
740 3228 969 3295 pecunia:
1012 3226 1450 3296 publicw,'quam
1506 3228 1797 3291 decaxerat,
1848 3235 1897 3280 et
1941 3243 2093 3297 quam

587 3296 842 3350 multoties
872 3297 1187 3351 redditurum
1216 3314 1270 3351 se
1298 3299 1629 3367 promiserat.

594 3405 939 3473 Frontosum,
975 3408 1057 3462 sui
1106 3408 1339 3462 nominis
1369 3416 1584 3476 testem,
1616 3408 1883 3478 frequenti
1940 3408 2096 3464 nobis

527 3497 887 3554 insinuatione
934 3508 1238 3568 suggestum
1293 3511 1376 3555 est
1432 3501 1672 3570 pecunia:
1728 3500 1956 3570 publicae
2002 3500 2099 3555 de-

529 3588 739 3644 coxisse
764 3605 870 3643 non
901 3591 1175 3645 minimam
1204 3594 1590 3662 quantitatem;
1631 3608 1791 3661 quem
1821 3609 1851 3647 a
1880 3593 2103 3649 diversis

531 3677 793 3747 iudicibus
836 3679 1059 3735 fecimus
1104 3680 1254 3749 juxta
1286 3683 1684 3738 examinatione
1724 3684 1959 3753 perquiri
1991 3702 2004 3737 :
2034 3700 2104 3741 ne

533 3769 777 3837 forsitan,
807 3779 866 3824 ut
894 3771 1115 3839 assolet,
1146 3788 1269 3827 eum
1298 3791 1407 3829 non
1428 3776 1647 3843 veritas,
1683 3778 1776 3830 sed
1820 3776 2103 3831 infamaret

536 3862 670 3935 [alii,
700 3861 1014 3933 inlirmaretj
1046 3864 1259 3919 invidia.
1296 3866 1389 3921 llle
1430 3868 1609 3921 omnia
1638 3866 1936 3933 confessus,
1978 3868 2103 3923 red-

537 3954 665 4009 dere
687 3970 744 4009 se
768 3970 926 4025 posse
949 3957 1245 4021 constituit,
1293 3959 1339 4013 si
1368 3960 1418 4013 ei
1446 3959 1605 4027 largae
1630 3960 1995 4029 praeberentur
2022 3961 2107 4015 in-

538 4045 959 4117 ducimzquibus
984 4046 1292 4117 frequenter
1342 4052 1597 4119 emensis,
1646 4052 1929 4107 immemor
1982 4067 2110 4123 pro-

540 4139 807 4195 missionis
847 4154 957 4195 sua:
996 4140 1061 4194 ad
1103 4141 1397 4197 constituta
1445 4157 1661 4212 semper
1693 4145 1986 4215 imparatus
2014 4159 2111 4200 oc-

540 4232 725 4287 currit.
754 4231 960 4303 Fugere
982 4233 1245 4302 siquidem
1270 4234 1506 4304 nescius,
1542 4235 1635 4292 sed
1666 4250 1778 4292 sua:
1804 4237 2115 4307 sponsionis

615 4424 640 4451 ιι
660 4414 796 4487 Qua}
826 4413 1022 4487 fuerint
1050 4415 1174 4470 olim
1207 4414 1453 4470 adulterii
1484 4431 1657 4487 pmnae
1678 4416 1868 4486 paucis
1894 4415 2122 4472 demon-

544 4485 747 4556 strabo.
770 4485 978 4538 Romuli
1000 4486 1135 4552 lege,
1167 4494 1410 4540 matrona
1434 4485 1549 4555 ejiis
1575 4485 1746 4556 culpae
1770 4502 1883 4553 rea,
1928 4488 2119 4541 marito

550 4554 811 4623 permissa
852 4556 1229 4623 cognatisque,
1261 4556 1329 4624 ii,
1358 4558 1436 4610 uti
1466 4554 1633 4611 visum
1650 4554 1680 4618 ,ἡ
1698 4557 2028 4612 mulctabant
2058 4574 2121 4612 ac

552 4624 846 4696 puniebant
883 4626 1042 4677 etiam
1083 4633 1257 4696 morte
1297 4644 1309 4677 :
1351 4628 1551 4696 etenim
1590 4627 1711 4693 jure
1740 4628 1877 4696 ipso,
1929 4628 2123 4681 mulier

549 4708 669 4760 qua:
694 4694 847 4760 juxta
876 4702 1111 4763 sacratas
1140 4693 1354 4748 Romuli
1385 4695 1530 4763 leges
1558 4693 1848 4763 nuptm-ita
1880 4698 1931 4749 in
1960 4713 2121 4751 manu

547 4754 669 4834 viri,
694 4754 758 4814 iit
784 4754 977 4834 proles
1007 4764 1056 4815 in
1083 4764 1270 4832 patris.
1312 4764 1367 4817 In
1389 4754 1499 4834 eas
1538 4754 1655 4834 quae
1686 4754 1853 4821 sacris
1881 4766 2123 4821 Baccha-

550 4832 757 4902 nalibus
781 4831 987 4885 incestu
1017 4831 1140 4897 usas,
1187 4833 1399 4902 cognati
1426 4831 1711 4902 maritique
1760 4836 1899 4889 intra
1933 4836 2125 4892 domos

548 4901 1055 4963 animadverterunt,
1071 4904 1220 4956 aiunt
1242 4901 1417 4958 Livius
1434 4912 1484 4957 et
1510 4901 1770 4959 Valerius.
1798 4905 1927 4959 Vide
1944 4905 2101 4960 Valer

548 4972 687 5026 Max.
723 4972 813 5025 lib.
846 4987 919 5039 vr,
952 4987 1069 5044 cap.
1103 4973 1155 5044 ξ.
1189 4972 1325 5026 Plin.
1358 4974 1449 5027 lib.
1482 4990 1589 5039 xiv,
1622 4988 1741 5044 cap.
1776 4974 1863 5029 15.
1899 4974 2120 5029 Tertull.

548 5044 600 5098 in
631 5044 856 5111 Apolog.
883 5057 1002 5111 cap.
1035 5042 1086 5096 6.
1120 5042 1385 5097 Praeterea
1415 5044 1670 5099 adulterae
1692 5042 1860 5099 domo
1898 5054 2123 5110 exactzc,

547 5123 599 5197 et
621 5114 746 5197 dote
776 5113 1014 5181 privatae,
1042 5112 1348 5197 ulthla‘utu‘s
1378 5114 1431 5195 in
1470 5113 1733 5197 Atnphitr.
1770 5115 1989 5197 indicat.
2017 5115 2123 5197 Ya-

548 5184 645 5237 ler.
678 5184 767 5237 lib.
792 5199 903 5247 vm,
921 5199 1045 5254 cap.
1071 5182 1157 5236 ll.
1188 5182 1341 5249 Quod
1369 5185 1413 5238 si
1448 5182 1636 5254 Διιιίπίιί
1661 5185 1980 5254 cognatique
2012 5185 2122 5239 dis-

548 5254 889 5325 simulabant,
920 5251 1021 5325 hoc
1044 5262 1125 5325 est
1155 5254 1171 5324 (
1198 5261 1258 5307 ut
1295 5268 1415 5307 cum
1447 5251 1596 5310 Livio
1635 5251 1864 5325 loquar)
1895 5251 2121 5311 idoneus

548 5324 602 5378 in
632 5325 841 5392 privato
864 5324 1106 5393 supplicii
1136 5331 1355 5378 exactor
1380 5339 1540 5379 nemo
1562 5333 1707 5379 erat:
1733 5340 1839 5379 non
1871 5340 1993 5379 raro
2024 5341 2124 5394 pu-

550 5394 692 5449 blico
727 5394 937 5462 judicio
967 5395 1424 5463 persequebantur
1456 5394 1508 5448 id
1539 5397 1740 5449 crimen
1780 5396 2123 5463 magistratus

550 5471 604 5518 et
644 5466 937 5533 praesertim
968 5462 1178 5519 aadiles’.
1230 5462 1424 5519 Postea
1462 5476 1645 5519 secuta
1690 5470 1773 5518 est
1820 5462 1907 5519 lex
1962 5462 2118 5530 Julia,

549 5549 707 5602 quam
738 5535 859 5587 tulit
898 5533 1185 5602 Augustus,
1225 5536 1315 5601 qui
1356 5534 1627 5589 adulteros
1664 5542 1837 5587 morte
1880 5541 1971 5587 aut
2001 5536 2123 5601 fuga

551 5604 778 5727 punivit,
808 5605 977 5687 ita‘ut
1005 5605 1232 5683 capitale
1274 5604 1476 5657 crimen
1507 5613 1669 5664 esset,
1702 5612 1759 5656 ut
1786 5618 1853 5657 ex
1880 5603 2121 5684 Arnobio

577 5671 651 5727 ib.
678 5688 750 5727 ιν.
783 5681 837 5726 et
877 5672 1109 5727 Salvran.
1156 5674 1246 5726 lib.
1274 5690 1343 5727 vr.
1375 5681 1603 5726 constat.
1656 5671 1825 5727 Onam
1875 5672 2121 5725 adulterii

577 5671 651 5728 ib.
678 5688 750 5739 ιν,
783 5681 837 5726 et
877 5671 1109 5727 Salvian.
1156 5674 1246 5726 lib.
1274 5690 1343 5737 vr,
1375 5681 1603 5726 constat.
1656 5671 1825 5738 Quam
1875 5672 2121 5725 adulterii

554 5755 769 5814 pinnam
795 5741 979 5814 tribuit
1000 5744 1204 5814 priscis_
1215 5742 1515 5814 Saxonibus
1537 5741 1841 5814 Bonifacius
1864 5742 2122 5811 archiepi-

553 5811 754 5882 scopus
792 5812 1015 5879 epistola
1058 5813 1127 5868 ad
1165 5811 1536 5868 Ethelbaldum
1580 5811 1869 5881 Anglorum
1915 5826 2116 5882 regem.

2202 3235 2454 3297 reputare
2501 3225 2718 3297 poterit,
2766 3225 2913 3295 quod
2956 3238 3015 3280 se
3067 3221 3379 3293 frequenter
3421 3222 3645 3277 illusisse
3682 3237 3769 3276 co-

2201 3319 2432 3390 gnoscit.

2694 3450 3027 3507 EPISTOLA
3064 3449 3275 3507 XXXV.

2307 3582 2519 3622 LUVIBIT
2558 3581 2739 3622 COMITI
2778 3583 2847 3622 ET
2885 3582 3115 3621 AIPELIO
3154 3582 3515 3623 THEODOBIGUS
3550 3584 3675 3623 REX.

2211 3678 2390 3734 Monet
2419 3694 2556 3751 seex
2588 3678 2849 3747 Hispania
2875 3680 3243 3751 frumentorum
3275 3681 3504 3748 copiam,
3539 3683 3607 3734 ad
3635 3700 3780 3751 pen-

2283 3752 2417 3803 riam
2444 3748 2794 3803 Romanorum
2813 3749 3179 3802 sublevandam
3208 3748 3379 3803 devehi
3403 3748 3657 3819 jussisae‘:
3681 3772 3781 3806 eam

2291 3831 2457 3873 tamen
2500 3821 2766 3872 nauclerus
2826 3819 2876 3871 in
2920 3820 3151 3888 Africam
3182 3820 3478 3887 deportasse
3529 3832 3580 3875 et
3623 3825 3779 3876 renati?

2284 3892 2451 3953 disse;
2501 3889 2680 3961 quibus
2735 3890 2849 3942 ideo
2898 3888 3039 3943 mille
3090 3890 3305 3960 triginta
3353 3899 3467 3945 octo
3508 3892 3779 3947 solidorum

2284 3963 2527 4016 mulctam
2556 3961 2790 4028 imponit.

2285 4051 2419 4108 Cum
2449 4068 2545 4122 pro
2572 4052 2761 4107 incerti
2794 4050 3051 4121 temporis
3080 4058 3279 4106 eventu
3332 4049 3609 4109 Romanas
3652 4054 3783 4109 aedes

2219 4144 2398 4215 inopia
2426 4142 2563 4198 facie
2593 4142 2848 4210 castigata
2887 4142 3144 4211 pulsaret,
3173 4149 3229 4195 et
3274 4143 3520 4210 quamvis
3549 4159 3691 4207 rara,
3719 4152 3785 4198 ta-

2220 4252 2346 4293 men
2378 4245 2488 4292 tam
2516 4235 2751 4306 pulchra:
2779 4234 2984 4290 civitati
3013 4233 3284 4290 videretur
3310 4250 3432 4292 esse
3462 4235 3786 4304 foedissima;

2226 4417 2284 4471 In
2314 4417 2553 4485 antiqua,
2582 4415 2772 4486 inquit,
2796 4414 3053 4486 Saxonia,
3086 4414 3174 4470 ubi
3202 4415 3347 4486 nulla
3394 4415 3597 4472 Christi
3624 4418 3789 4486 cogni-

2154 4522 2200 4581 υ
2228 4489 2320 4552 tio,
2354 4488 2399 4542 si
2431 4484 2670 4581 virgo‘in‘
2685 4494 2926 4539 materna
2956 4484 3141 4552 domo,
3170 4485 3256 4539 vel
3280 4488 3528 4581 maritata
3562 4488 3660 4541 sub
3682 4484 3791 4542 con-

2230 4558 2345 4581 2-.....
2379 4558 2443 4581 ΑΞ·
2475 4573 2516 4581 Α.
2543 4574 2571 4581 ..
2602 4565 2764 4581 ιΑ-ηιΛ
2819 4570 2976 4581 νήει-1..
3004 4555 3214 4581 ,ιι-ΛἏ-ιζῆ
3252 4563 3471 4581 ρι-Αλη..
3499 4566 3643 4581 Λα---
3700 4574 3771 4581 -..Α

2222 4558 2348 4627 juge
2378 4558 2448 4611 sit
2474 4556 2790 4620 adulterata,
2819 4570 2977 4609 manu
3004 4555 3217 4679 propria
3252 4557 3644 4623 strangulatam
3693 4574 3792 4611 crc-

2229 4638 2397 4679 mant.
2428 4634 2519 4679 aut
2540 4627 2750 4679 cingulo
2783 4635 2936 4679 tenus
2964 4626 3099 4679 vesti
3143 4640 3204 4679 us
3232 4627 3484 4679 abscissis
3526 4626 3787 4679 ﬂagellant

2229 4638 2397 4693 mant,
2428 4634 2519 4679 aut
2540 4627 2750 4693 cingulo
2783 4635 2936 4680 tenus
2964 4626 3204 4679 vestibus
3232 4627 3484 4680 abscissis
3526 4626 3787 4694 ﬂagellant

2230 4712 2346 4751 cam
2373 4706 2531 4751 easne
2560 4706 2838 4758 matronae,
2870 4704 2925 4749 et
2960 4694 3026 4749 de
3049 4694 3170 4749 villa
3221 4695 3271 4748 in
3296 4696 3476 4750 villam
3505 4698 3681 4751 missrc
3710 4716 3791 4747 or-

2230 4775 2453 4821 cnrrunt
2472 4780 2625 4837 nova:
2651 4766 3000 4833 flagellantes,
3017 4773 3073 4820 et
3091 4765 3319 4822 cultellis
3346 4776 3611 4837 pungunt,
3641 4769 3793 4821 donec

2230 4838 2553 4891 interimant.
2588 4836 2773 4890 Baoss.

2300 4905 2327 4944 δ
2350 4906 2904 4971 Statueruntveteres,
2928 4912 3147 4961 auctore
3172 4904 3222 4959 in
3239 4904 3553 4961 Cluentiana
3584 4907 3790 4961 Cicero-

2230 4992 2316 5041 ne,
2350 4985 2407 5031 ut
2434 4976 2477 5030 si
2508 4992 2537 5029 a
2569 4976 2748 5029 multis
2777 4984 2918 5031 esset
2941 4974 3199 5043 flagitium
3236 4977 3315 5029 rei
3346 4976 3594 5030 militaris
3624 4978 3793 5029 minus.

2229 5062 2369 5111 sum,
2426 5046 2705 5101 sortitione
2750 5046 2803 5100 in
2843 5047 3101 5116 quosdam
3146 5044 3664 5099 animadverteretur
3699 5066 3709 5096 :
3752 5056 3795 5097 ut

2231 5126 2405 5171 metus
2430 5116 2681 5185 videlicet
2708 5116 2772 5170 ad
2801 5131 3021 5183 omnes,
3071 5130 3229 5184 pmna
3260 5116 3328 5169 ad
3372 5130 3575 5184 paucos
3621 5130 3793 5185 pervr»

2234 5186 2388 5241 niret.
2414 5184 2548 5240 llinc
2568 5186 2871 5240 decimandi
2899 5194 3051 5240 ortus
3077 5200 3193 5239 mos
3217 5185 3332 5249 fuit,
3355 5185 3498 5253 quod
3531 5184 3795 5241 sumam

2232 5255 2501 5311 dicebant.
2527 5254 2708 5325 Livius
2736 5254 2825 5309 lib.
2858 5269 2895 5309 ιι
2917 5263 2971 5309 et
2994 5255 3088 5309 lib.
3125 5270 3319 5325 xxviii;
3346 5252 3600 5325 Polybius
3623 5255 3707 5309 lib.
3728 5271 3794 5315 vi;

2232 5324 2455 5382 Sucton.
2491 5335 2545 5381 et
2590 5324 2743 5379 Dion.
2780 5326 2831 5378 in
2876 5327 3148 5393 Augusto;
3190 5323 3457 5393 Xiphilin.
3496 5326 3548 5378 in
3603 5325 3794 5388 Galba;

2228 5396 2516 5466 Capitolio.
2550 5396 2603 5450 in
2630 5393 2806 5464 Opilio
2834 5394 3105 5466 Macrino;
3140 5393 3343 5449 Tertul.
3391 5394 3457 5449 ad
3481 5394 3758 5465 Scapulam
3783 5411 3793 5445 :

2228 5464 2542 5520 decimanda
2571 5466 2857 5533 Carthago.
2876 5464 3019 5518 Bene
3044 5465 3201 5533 igitur
3217 5480 3337 5518 cum
3362 5464 3658 5531 paucorum
3687 5480 3795 5532 sup-

2228 5537 2388 5605 plicio
2415 5536 2605 5603 reliqui
2635 5536 2847 5657 sa(piunt
2875 5535 3302 5603 cives,exemplo
3324 5535 3487 5588 alieni
3510 5536 3635 5589 mali
3664 5550 3795 5590 com-

2230 5606 2539 5657 monefacti.
2570 5605 2603 5657 l.
2648 5604 2671 5657 l
2721 5643 2736 5657 .
2777 5613 2869 5657 aut
2916 5602 3081 5657 facta.
3127 5604 3190 5657 D.
3219 5604 3287 5657 de
3334 5620 3505 5657 nam“
3560 5604 3679 5657 Gel.
3710 5603 3788 5657 lib.

2230 5602 2545 5675 inonefacti,
2570 5602 2736 5675 μω,
2777 5613 2869 5658 aut
2916 5602 3081 5671 facta,
3127 5604 3190 5660 Ι).
3219 5602 3287 5659 de
3334 5620 3505 5675 poem,
3560 5604 3679 5662 Gel.
3710 5603 3788 5658 lib.

2231 5690 2339 5741 xvr,
2370 5691 2486 5743 cap.
2514 5646 2595 5728 iri.
2623 5646 2855 5729 Fon’nsn.

2304 5758 2324 5785 ε
2358 5746 2487 5802 Vide
2513 5744 2790 5801 lloratium
2822 5745 2913 5802 lib.
2938 5761 2997 5815 ιι,
3020 5746 3169 5803 satir.
3202 5745 3255 5801 5.
3282 5744 3478 5804 Jonas.
