  <div class='ocr_page' id='page_1' title='image "/cluster/home/n/w/nwhite01/storage/ocr_20150623/69/hvd.32044015469349/342.png"; bbox 0 0 3958 6460; ppageno 0'>
   <div class='ocr_carea' id='block_1_1' title="bbox 226 329 353 384">
    <p class='ocr_par' dir='ltr' id='par_1_1' title="bbox 226 329 353 384">
     <span class='ocr_line' id='line_1_1' title="bbox 226 329 353 384; baseline 0.031 -4"><span class='ocrx_word' id='word_1_1' title='bbox 226 329 353 384; x_wconf 77' lang='grc'>669</span> 
     </span>
    </p>
   </div>
   <div class='ocr_carea' id='block_1_2' title="bbox 1557 325 2274 386">
    <p class='ocr_par' dir='ltr' id='par_1_2' title="bbox 1557 325 2274 386">
     <span class='ocr_line' id='line_1_2' title="bbox 1557 325 2274 386; baseline 0.001 0"><span class='ocrx_word' id='word_1_2' title='bbox 1557 326 1922 386; x_wconf 65' lang='grc' dir='ltr'><strong>νΑιιιΑηυΜ</strong></span> <span class='ocrx_word' id='word_1_3' title='bbox 1960 325 2165 382; x_wconf 75' lang='lat' dir='ltr'><strong>LIBER</strong></span> <span class='ocrx_word' id='word_1_4' title='bbox 2205 328 2274 386; x_wconf 70' lang='grc' dir='ltr'><strong>ν.</strong></span> 
     </span>
    </p>
   </div>
   <div class='ocr_carea' id='block_1_3' title="bbox 3417 344 3554 402">
    <p class='ocr_par' dir='ltr' id='par_1_3' title="bbox 3417 344 3554 402">
     <span class='ocr_line' id='line_1_3' title="bbox 3417 344 3554 402; baseline 0.015 -2"><span class='ocrx_word' id='word_1_5' title='bbox 3417 344 3554 402; x_wconf 68' lang='grc'><strong>,670</strong></span> 
     </span>
    </p>
   </div>
   <div class='ocr_carea' id='block_1_4' title="bbox 229 425 3549 525">
    <p class='ocr_par' dir='ltr' id='par_1_4' title="bbox 229 425 3549 525">
     <span class='ocr_line' id='line_1_4' title="bbox 229 425 3549 525; baseline 0.008 -30"><span class='ocrx_word' id='word_1_6' title='bbox 229 455 479 510; x_wconf 78' lang='lat' dir='ltr'><strong>aequum</strong></span> <span class='ocrx_word' id='word_1_7' title='bbox 524 444 880 515; x_wconf 87' lang='lat' dir='ltr'><strong>judicavimus</strong></span> <span class='ocrx_word' id='word_1_8' title='bbox 928 425 1206 519; x_wconf 33' lang='lat' dir='ltr'><strong>liispanire.</strong></span> <span class='ocrx_word' id='word_1_9' title='bbox 1250 448 1489 505; x_wconf 90' lang='lat' dir='ltr'><strong>triticeas</strong></span> <span class='ocrx_word' id='word_1_10' title='bbox 1537 449 1611 504; x_wconf 88' lang='lat' dir='ltr'><strong>illi</strong></span> <span class='ocrx_word' id='word_1_11' title='bbox 1668 449 1856 518; x_wconf 89' lang='lat' dir='ltr'><strong>copias</strong></span> <span class='ocrx_word' id='word_1_12' title='bbox 1882 451 1938 512; x_wconf 73' lang='grc' dir='ltr'><strong>Α</strong></span> <span class='ocrx_word' id='word_1_13' title='bbox 1960 448 2160 514; x_wconf 78' lang='lat' dir='ltr'><strong>lantur,</strong></span> <span class='ocrx_word' id='word_1_14' title='bbox 2191 451 2428 508; x_wconf 81' lang='lat' dir='ltr'><strong>maxime</strong></span> <span class='ocrx_word' id='word_1_15' title='bbox 2455 467 2579 509; x_wconf 86' lang='lat' dir='ltr'><strong>cum</strong></span> <span class='ocrx_word' id='word_1_16' title='bbox 2611 470 2712 525; x_wconf 81' lang='lat' dir='ltr'><strong>pro</strong></span> <span class='ocrx_word' id='word_1_17' title='bbox 2743 458 3003 514; x_wconf 83' lang='lat' dir='ltr'><strong>servanda</strong></span> <span class='ocrx_word' id='word_1_18' title='bbox 3033 460 3290 516; x_wconf 84' lang='lat' dir='ltr'><strong>eivilitate</strong></span> <span class='ocrx_word' id='word_1_19' title='bbox 3314 473 3418 518; x_wconf 80' lang='lat' dir='ltr'><strong>nec</strong></span> <span class='ocrx_word' id='word_1_20' title='bbox 3448 459 3549 520; x_wconf 82' lang='lat' dir='ltr'><strong>illis</strong></span> 
     </span>
    </p>
   </div>
   <div class='ocr_carea' id='block_1_5' title="bbox 232 531 1850 609">
    <p class='ocr_par' dir='ltr' id='par_1_5' title="bbox 232 531 1850 609">
     <span class='ocr_line' id='line_1_5' title="bbox 232 531 1850 609; baseline 0.004 -23"><span class='ocrx_word' id='word_1_21' title='bbox 232 531 551 602; x_wconf 80' lang='lat' dir='ltr'><strong>exhibere;</strong></span> <span class='ocrx_word' id='word_1_22' title='bbox 585 546 644 593; x_wconf 91' lang='lat' dir='ltr'><strong>ut</strong></span> <span class='ocrx_word' id='word_1_23' title='bbox 687 540 964 609; x_wconf 88' lang='lat' dir='ltr'><strong>antiquum</strong></span> <span class='ocrx_word' id='word_1_24' title='bbox 1006 540 1232 609; x_wconf 79' lang='lat' dir='ltr'><strong>vectigal</strong></span> <span class='ocrx_word' id='word_1_25' title='bbox 1282 541 1382 595; x_wconf 85' lang='lat' dir='ltr'><strong>sub</strong></span> <span class='ocrx_word' id='word_1_26' title='bbox 1433 541 1587 596; x_wconf 89' lang='lat' dir='ltr'><strong>nobis</strong></span> <span class='ocrx_word' id='word_1_27' title='bbox 1642 539 1850 595; x_wconf 80' lang='lat' dir='ltr'><strong>felicior</strong></span> 
     </span>
    </p>
   </div>
   <div class='ocr_carea' id='block_1_6' title="bbox 175 624 1856 702">
    <p class='ocr_par' dir='ltr' id='par_1_6' title="bbox 175 624 1856 702">
     <span class='ocr_line' id='line_1_6' title="bbox 175 624 1856 702; baseline 0.004 -24"><span class='ocrx_word' id='word_1_28' title='bbox 175 651 190 660; x_wconf 82' lang='lat'><strong>-</strong></span> <span class='ocrx_word' id='word_1_29' title='bbox 233 624 436 682; x_wconf 82' lang='lat' dir='ltr'><strong>Roma</strong></span> <span class='ocrx_word' id='word_1_30' title='bbox 472 630 756 700; x_wconf 80' lang='lat' dir='ltr'><strong>reciperet.</strong></span> <span class='ocrx_word' id='word_1_31' title='bbox 793 629 962 686; x_wconf 88' lang='lat' dir='ltr'><strong>Jussis</strong></span> <span class='ocrx_word' id='word_1_32' title='bbox 993 632 1257 702; x_wconf 86' lang='lat' dir='ltr'><strong>siquidem</strong></span> <span class='ocrx_word' id='word_1_33' title='bbox 1293 633 1493 688; x_wconf 76' lang='lat' dir='ltr'><strong>nostris</strong></span> <span class='ocrx_word' id='word_1_34' title='bbox 1513 632 1614 688; x_wconf 89' lang='lat' dir='ltr'><strong>viri</strong></span> <span class='ocrx_word' id='word_1_35' title='bbox 1640 638 1856 701; x_wconf 86' lang='lat' dir='ltr'><strong>specta-</strong></span> 
     </span>
    </p>
   </div>
   <div class='ocr_carea' id='block_1_7' title="bbox 232 714 1857 794">
    <p class='ocr_par' dir='ltr' id='par_1_7' title="bbox 232 714 1857 794">
     <span class='ocr_line' id='line_1_7' title="bbox 232 714 1857 794; baseline 0.004 -24"><span class='ocrx_word' id='word_1_36' title='bbox 232 714 377 774; x_wconf 84' lang='lat' dir='ltr'><strong>bilis</strong></span> <span class='ocrx_word' id='word_1_37' title='bbox 413 717 674 776; x_wconf 84' lang='lat' dir='ltr'><strong>Marciani</strong></span> <span class='ocrx_word' id='word_1_38' title='bbox 697 721 854 777; x_wconf 85' lang='lat' dir='ltr'><strong>laude</strong></span> <span class='ocrx_word' id='word_1_39' title='bbox 877 723 1034 794; x_wconf 86' lang='lat' dir='ltr'><strong>digna</strong></span> <span class='ocrx_word' id='word_1_40' title='bbox 1063 724 1284 779; x_wconf 79' lang='lat' dir='ltr'><strong>servivit</strong></span> <span class='ocrx_word' id='word_1_41' title='bbox 1319 724 1601 779; x_wconf 75' lang='lat' dir='ltr'><strong>industria.</strong></span> <span class='ocrx_word' id='word_1_42' title='bbox 1632 722 1737 778; x_wconf 88' lang='lat' dir='ltr'><strong>Sed</strong></span> <span class='ocrx_word' id='word_1_43' title='bbox 1768 738 1857 794; x_wconf 88' lang='lat' dir='ltr'><strong>pa-</strong></span> 
     </span>
    </p>
   </div>
   <div class='ocr_carea' id='block_1_8' title="bbox 234 813 1857 888">
    <p class='ocr_par' dir='ltr' id='par_1_8' title="bbox 234 813 1857 888">
     <span class='ocr_line' id='line_1_8' title="bbox 234 813 1857 888; baseline 0.003 -21"><span class='ocrx_word' id='word_1_44' title='bbox 234 823 376 868; x_wconf 86' lang='lat' dir='ltr'><strong>rum</strong></span> <span class='ocrx_word' id='word_1_45' title='bbox 415 813 710 884; x_wconf 80' lang='lat' dir='ltr'><strong>diligenter</strong></span> <span class='ocrx_word' id='word_1_46' title='bbox 755 817 972 887; x_wconf 86' lang='lat' dir='ltr'><strong>impleta</strong></span> <span class='ocrx_word' id='word_1_47' title='bbox 1020 827 1162 883; x_wconf 90' lang='lat' dir='ltr'><strong>sunt,</strong></span> <span class='ocrx_word' id='word_1_48' title='bbox 1220 833 1339 888; x_wconf 76' lang='lat' dir='ltr'><strong>qnte</strong></span> <span class='ocrx_word' id='word_1_49' title='bbox 1387 826 1602 874; x_wconf 92' lang='lat' dir='ltr'><strong>constat</strong></span> <span class='ocrx_word' id='word_1_50' title='bbox 1650 817 1857 888; x_wconf 85' lang='lat' dir='ltr'><strong>optime</strong></span> 
     </span>
    </p>
   </div>
   <div class='ocr_carea' id='block_1_9' title="bbox 233 903 1858 982">
    <p class='ocr_par' dir='ltr' id='par_1_9' title="bbox 233 903 1858 982">
     <span class='ocr_line' id='line_1_9' title="bbox 233 903 1858 982; baseline 0.003 -24"><span class='ocrx_word' id='word_1_51' title='bbox 233 903 426 961; x_wconf 83' lang='lat' dir='ltr'><strong>fuisse</strong></span> <span class='ocrx_word' id='word_1_52' title='bbox 457 917 766 977; x_wconf 79' lang='lat' dir='ltr'><strong>procurata.</strong></span> <span class='ocrx_word' id='word_1_53' title='bbox 811 907 874 963; x_wconf 77' lang='lat' dir='ltr'><strong>ili</strong></span> <span class='ocrx_word' id='word_1_54' title='bbox 906 911 1068 977; x_wconf 91' lang='lat' dir='ltr'><strong>enim,</strong></span> <span class='ocrx_word' id='word_1_55' title='bbox 1095 910 1186 982; x_wconf 90' lang='lat' dir='ltr'><strong>qui</strong></span> <span class='ocrx_word' id='word_1_56' title='bbox 1213 909 1481 980; x_wconf 85' lang='lat' dir='ltr'><strong>portanda</strong></span> <span class='ocrx_word' id='word_1_57' title='bbox 1526 911 1630 981; x_wconf 82' lang='lat'><strong>91</strong></span> <span class='ocrx_word' id='word_1_58' title='bbox 1675 923 1858 963; x_wconf 88' lang='lat' dir='ltr'><strong>susce-</strong></span> 
     </span>
    </p>
   </div>
   <div class='ocr_carea' id='block_1_10' title="bbox 235 1003 1857 1070">
    <p class='ocr_par' dir='ltr' id='par_1_10' title="bbox 235 1003 1857 1070">
     <span class='ocr_line' id='line_1_10' title="bbox 235 1003 1857 1070; baseline 0.002 -18"><span class='ocrx_word' id='word_1_59' title='bbox 235 1007 484 1070; x_wconf 82' lang='lat' dir='ltr'><strong>perant,</strong></span> <span class='ocrx_word' id='word_1_60' title='bbox 527 1016 802 1058; x_wconf 87' lang='lat' dir='ltr'><strong>morarum</strong></span> <span class='ocrx_word' id='word_1_61' title='bbox 852 1005 1009 1058; x_wconf 71' lang='lat' dir='ltr'><strong>tmdia</strong></span> <span class='ocrx_word' id='word_1_62' title='bbox 1063 1021 1170 1059; x_wconf 90' lang='lat' dir='ltr'><strong>non</strong></span> <span class='ocrx_word' id='word_1_63' title='bbox 1219 1005 1477 1069; x_wconf 90' lang='lat' dir='ltr'><strong>ferentes,</strong></span> <span class='ocrx_word' id='word_1_64' title='bbox 1529 1003 1857 1058; x_wconf 85' lang='lat' dir='ltr'><strong>destinatum</strong></span> 
     </span>
    </p>
   </div>
   <div class='ocr_carea' id='block_1_11' title="bbox 237 1087 1859 1166">
    <p class='ocr_par' dir='ltr' id='par_1_11' title="bbox 237 1087 1859 1166">
     <span class='ocr_line' id='line_1_11' title="bbox 237 1087 1859 1166; baseline 0.004 -24"><span class='ocrx_word' id='word_1_65' title='bbox 237 1087 595 1146; x_wconf 80' lang='lat' dir='ltr'><strong>frumentum</strong></span> <span class='ocrx_word' id='word_1_66' title='bbox 628 1094 680 1147; x_wconf 92' lang='lat' dir='ltr'><strong>in</strong></span> <span class='ocrx_word' id='word_1_67' title='bbox 712 1093 902 1149; x_wconf 63' lang='lat' dir='ltr'><strong>Africae</strong></span> <span class='ocrx_word' id='word_1_68' title='bbox 933 1096 1174 1166; x_wconf 85' lang='lat' dir='ltr'><strong>partibus</strong></span> <span class='ocrx_word' id='word_1_69' title='bbox 1201 1112 1299 1166; x_wconf 91' lang='lat' dir='ltr'><strong>pro</strong></span> <span class='ocrx_word' id='word_1_70' title='bbox 1329 1112 1427 1150; x_wconf 92' lang='lat' dir='ltr'><strong>suo</strong></span> <span class='ocrx_word' id='word_1_71' title='bbox 1456 1094 1704 1150; x_wconf 88' lang='lat' dir='ltr'><strong>dicuntur</strong></span> <span class='ocrx_word' id='word_1_72' title='bbox 1723 1111 1859 1150; x_wconf 83' lang='lat' dir='ltr'><strong>ven-</strong></span> 
     </span>
    </p>
   </div>
   <div class='ocr_carea' id='block_1_12' title="bbox 235 1180 1858 1257">
    <p class='ocr_par' dir='ltr' id='par_1_12' title="bbox 235 1180 1858 1257">
     <span class='ocr_line' id='line_1_12' title="bbox 235 1180 1858 1257; baseline 0.002 -23"><span class='ocrx_word' id='word_1_73' title='bbox 235 1180 466 1237; x_wconf 88' lang='lat' dir='ltr'><strong>didisse</strong></span> <span class='ocrx_word' id='word_1_74' title='bbox 493 1185 832 1254; x_wconf 90' lang='lat' dir='ltr'><strong>compendio.</strong></span> <span class='ocrx_word' id='word_1_75' title='bbox 861 1185 1016 1255; x_wconf 89' lang='lat' dir='ltr'><strong>Quod</strong></span> <span class='ocrx_word' id='word_1_76' title='bbox 1065 1187 1309 1257; x_wconf 82' lang='lat' dir='ltr'><strong>quamvis</strong></span> <span class='ocrx_word' id='word_1_77' title='bbox 1359 1187 1587 1241; x_wconf 92' lang='lat' dir='ltr'><strong>inultum</strong></span> <span class='ocrx_word' id='word_1_78' title='bbox 1636 1185 1858 1239; x_wconf 89' lang='lat' dir='ltr'><strong>minimc</strong></span> 
     </span>
    </p>
   </div>
   <div class='ocr_carea' id='block_1_13' title="bbox 235 1271 1858 1348">
    <p class='ocr_par' dir='ltr' id='par_1_13' title="bbox 235 1271 1858 1348">
     <span class='ocr_line' id='line_1_13' title="bbox 235 1271 1858 1348; baseline 0.005 -26"><span class='ocrx_word' id='word_1_79' title='bbox 235 1271 500 1327; x_wconf 81' lang='lat' dir='ltr'><strong>transire</strong></span> <span class='ocrx_word' id='word_1_80' title='bbox 547 1274 820 1330; x_wconf 85' lang='lat' dir='ltr'><strong>debuisset</strong></span> <span class='ocrx_word' id='word_1_81' title='bbox 871 1278 974 1346; x_wconf 93' lang='lat' dir='ltr'><strong>(ut</strong></span> <span class='ocrx_word' id='word_1_82' title='bbox 1027 1292 1181 1332; x_wconf 90' lang='lat' dir='ltr'><strong>amor</strong></span> <span class='ocrx_word' id='word_1_83' title='bbox 1219 1277 1422 1348; x_wconf 86' lang='lat' dir='ltr'><strong>proprii</strong></span> <span class='ocrx_word' id='word_1_84' title='bbox 1458 1277 1727 1332; x_wconf 88' lang='lat' dir='ltr'><strong>commodi</strong></span> <span class='ocrx_word' id='word_1_85' title='bbox 1776 1284 1858 1332; x_wconf 91' lang='lat' dir='ltr'><strong>tot</strong></span> 
     </span>
    </p>
   </div>
   <div class='ocr_carea' id='block_1_14' title="bbox 233 1363 1857 1438">
    <p class='ocr_par' dir='ltr' id='par_1_14' title="bbox 233 1363 1857 1438">
     <span class='ocr_line' id='line_1_14' title="bbox 233 1363 1857 1438; baseline 0.005 -24"><span class='ocrx_word' id='word_1_86' title='bbox 233 1363 591 1432; x_wconf 86' lang='lat' dir='ltr'><strong>populorum</strong></span> <span class='ocrx_word' id='word_1_87' title='bbox 645 1364 829 1436; x_wconf 86' lang='lat' dir='ltr'><strong>jejuna</strong></span> <span class='ocrx_word' id='word_1_88' title='bbox 883 1377 1010 1422; x_wconf 90' lang='lat' dir='ltr'><strong>vota</strong></span> <span class='ocrx_word' id='word_1_89' title='bbox 1055 1367 1454 1438; x_wconf 73' lang='lat' dir='ltr'><strong>suspendet-et),</strong></span> <span class='ocrx_word' id='word_1_90' title='bbox 1509 1378 1688 1423; x_wconf 90' lang='lat' dir='ltr'><strong>tamen</strong></span> <span class='ocrx_word' id='word_1_91' title='bbox 1732 1368 1857 1438; x_wconf 84' lang='lat' dir='ltr'><strong>quia</strong></span> 
     </span>
    </p>
   </div>
   <div class='ocr_carea' id='block_1_15' title="bbox 233 1453 1859 1530">
    <p class='ocr_par' dir='ltr' id='par_1_15' title="bbox 233 1453 1859 1530">
     <span class='ocr_line' id='line_1_15' title="bbox 233 1453 1859 1530; baseline 0.006 -26"><span class='ocrx_word' id='word_1_92' title='bbox 233 1453 413 1508; x_wconf 87' lang='lat' dir='ltr'><strong>nobis</strong></span> <span class='ocrx_word' id='word_1_93' title='bbox 440 1454 663 1509; x_wconf 87' lang='lat' dir='ltr'><strong>insitum</strong></span> <span class='ocrx_word' id='word_1_94' title='bbox 694 1465 777 1511; x_wconf 90' lang='lat' dir='ltr'><strong>est</strong></span> <span class='ocrx_word' id='word_1_95' title='bbox 823 1458 1009 1528; x_wconf 83' lang='lat' dir='ltr'><strong>culpas</strong></span> <span class='ocrx_word' id='word_1_96' title='bbox 1035 1459 1334 1525; x_wconf 91' lang='lat' dir='ltr'><strong>remittere,</strong></span> <span class='ocrx_word' id='word_1_97' title='bbox 1383 1475 1520 1529; x_wconf 91' lang='lat' dir='ltr'><strong>quas</strong></span> <span class='ocrx_word' id='word_1_98' title='bbox 1570 1475 1859 1530; x_wconf 89' lang='lat' dir='ltr'><strong>possumus</strong></span> 
     </span>
    </p>
   </div>
   <div class='ocr_carea' id='block_1_16' title="bbox 233 1546 1858 1621">
    <p class='ocr_par' dir='ltr' id='par_1_16' title="bbox 233 1546 1858 1621">
     <span class='ocr_line' id='line_1_16' title="bbox 233 1546 1858 1621; baseline 0.006 -23"><span class='ocrx_word' id='word_1_99' title='bbox 233 1555 417 1600; x_wconf 86' lang='lat' dir='ltr'><strong>cauta</strong></span> <span class='ocrx_word' id='word_1_100' title='bbox 449 1546 796 1604; x_wconf 88' lang='lat' dir='ltr'><strong>ordinatione</strong></span> <span class='ocrx_word' id='word_1_101' title='bbox 825 1551 1119 1621; x_wconf 77' lang='lat' dir='ltr'><strong>corrigere,</strong></span> <span class='ocrx_word' id='word_1_102' title='bbox 1152 1551 1414 1607; x_wconf 81' lang='lat' dir='ltr'><strong>Catelluni</strong></span> <span class='ocrx_word' id='word_1_103' title='bbox 1439 1560 1493 1607; x_wconf 90' lang='lat' dir='ltr'><strong>et</strong></span> <span class='ocrx_word' id='word_1_104' title='bbox 1521 1551 1858 1608; x_wconf 87' lang='lat' dir='ltr'><strong>Servandnm</strong></span> 
     </span>
    </p>
   </div>
   <div class='ocr_carea' id='block_1_17' title="bbox 231 1636 1849 1716">
    <p class='ocr_par' dir='ltr' id='par_1_17' title="bbox 231 1636 1849 1716">
     <span class='ocr_line' id='line_1_17' title="bbox 231 1636 1849 1716; baseline 0.006 -27"><span class='ocrx_word' id='word_1_105' title='bbox 231 1636 399 1693; x_wconf 85' lang='lat' dir='ltr'><strong>viros</strong></span> <span class='ocrx_word' id='word_1_106' title='bbox 423 1647 680 1696; x_wconf 79' lang='lat' dir='ltr'><strong>strenuos</strong></span> <span class='ocrx_word' id='word_1_107' title='bbox 720 1657 839 1698; x_wconf 88' lang='lat' dir='ltr'><strong>esse</strong></span> <span class='ocrx_word' id='word_1_108' title='bbox 866 1643 1188 1700; x_wconf 86' lang='lat' dir='ltr'><strong>credidimus</strong></span> <span class='ocrx_word' id='word_1_109' title='bbox 1226 1643 1559 1714; x_wconf 88' lang='lat' dir='ltr'><strong>dirigendos;</strong></span> <span class='ocrx_word' id='word_1_110' title='bbox 1610 1651 1670 1698; x_wconf 94' lang='lat' dir='ltr'><strong>ut</strong></span> <span class='ocrx_word' id='word_1_111' title='bbox 1720 1644 1849 1716; x_wconf 89' lang='lat' dir='ltr'><strong>quia</strong></span> 
     </span>
    </p>
   </div>
   <div class='ocr_carea' id='block_1_18' title="bbox 235 1731 1857 1803">
    <p class='ocr_par' dir='ltr' id='par_1_18' title="bbox 235 1731 1857 1803">
     <span class='ocr_line' id='line_1_18' title="bbox 235 1731 1857 1803; baseline 0.004 -20"><span class='ocrx_word' id='word_1_112' title='bbox 235 1731 506 1786; x_wconf 84' lang='lat' dir='ltr'><strong>naucleri</strong></span> <span class='ocrx_word' id='word_1_113' title='bbox 549 1731 812 1788; x_wconf 90' lang='lat' dir='ltr'><strong>ducentos</strong></span> <span class='ocrx_word' id='word_1_114' title='bbox 833 1736 1105 1801; x_wconf 77' lang='lat' dir='ltr'><strong>octoginta</strong></span> <span class='ocrx_word' id='word_1_115' title='bbox 1130 1735 1332 1790; x_wconf 91' lang='lat' dir='ltr'><strong>solidos</strong></span> <span class='ocrx_word' id='word_1_116' title='bbox 1363 1735 1414 1790; x_wconf 90' lang='lat' dir='ltr'><strong>in</strong></span> <span class='ocrx_word' id='word_1_117' title='bbox 1442 1735 1696 1803; x_wconf 88' lang='lat' dir='ltr'><strong>triticum,</strong></span> <span class='ocrx_word' id='word_1_118' title='bbox 1720 1745 1776 1790; x_wconf 91' lang='lat' dir='ltr'><strong>et</strong></span> <span class='ocrx_word' id='word_1_119' title='bbox 1802 1737 1857 1790; x_wconf 95' lang='lat' dir='ltr'><strong>in</strong></span> 
     </span>
    </p>
   </div>
   <div class='ocr_carea' id='block_1_19' title="bbox 1957 543 3552 622">
    <p class='ocr_par' dir='ltr' id='par_1_19' title="bbox 1957 543 3552 622">
     <span class='ocr_line' id='line_1_19' title="bbox 1957 543 3552 622; baseline 0.008 -26"><span class='ocrx_word' id='word_1_120' title='bbox 1957 550 2083 597; x_wconf 90' lang='lat' dir='ltr'><strong>sunt</strong></span> <span class='ocrx_word' id='word_1_121' title='bbox 2112 543 2356 612; x_wconf 89' lang='lat' dir='ltr'><strong>neganda</strong></span> <span class='ocrx_word' id='word_1_122' title='bbox 2397 545 2661 602; x_wconf 81' lang='lat' dir='ltr'><strong>beneﬁcia</strong></span> <span class='ocrx_word' id='word_1_123' title='bbox 2704 548 2948 618; x_wconf 79' lang='lat' dir='ltr'><strong>justitite,</strong></span> <span class='ocrx_word' id='word_1_124' title='bbox 2999 553 3090 622; x_wconf 90' lang='lat' dir='ltr'><strong>qui</strong></span> <span class='ocrx_word' id='word_1_125' title='bbox 3135 552 3312 609; x_wconf 86' lang='lat' dir='ltr'><strong>adhuc</strong></span> <span class='ocrx_word' id='word_1_126' title='bbox 3353 554 3407 608; x_wconf 84' lang='lat' dir='ltr'><strong>lu</strong></span> <span class='ocrx_word' id='word_1_127' title='bbox 3449 555 3552 608; x_wconf 69' lang='lat' dir='ltr'><strong>title</strong></span> 
     </span>
    </p>
   </div>
   <div class='ocr_carea' id='block_1_20' title="bbox 1958 639 3553 710">
    <p class='ocr_par' dir='ltr' id='par_1_20' title="bbox 1958 639 3553 710">
     <span class='ocr_line' id='line_1_20' title="bbox 1958 639 3553 710; baseline 0.007 -19"><span class='ocrx_word' id='word_1_128' title='bbox 1958 645 2361 704; x_wconf 87' lang='lat' dir='ltr'><strong>cognoscuntur</strong></span> <span class='ocrx_word' id='word_1_129' title='bbox 2403 651 2610 694; x_wconf 88' lang='lat' dir='ltr'><strong>errare.</strong></span> <span class='ocrx_word' id='word_1_130' title='bbox 2643 639 2819 710; x_wconf 84' lang='lat' dir='ltr'><strong>Atque</strong></span> <span class='ocrx_word' id='word_1_131' title='bbox 2851 642 2974 698; x_wconf 89' lang='lat' dir='ltr'><strong>ideo</strong></span> <span class='ocrx_word' id='word_1_132' title='bbox 3005 643 3218 700; x_wconf 86' lang='lat' dir='ltr'><strong>discant</strong></span> <span class='ocrx_word' id='word_1_133' title='bbox 3246 661 3426 701; x_wconf 84' lang='lat' dir='ltr'><strong>rerum</strong></span> <span class='ocrx_word' id='word_1_134' title='bbox 3454 648 3553 702; x_wconf 80' lang='lat' dir='ltr'><strong>bo-</strong></span> 
     </span>
    </p>
   </div>
   <div class='ocr_carea' id='block_1_21' title="bbox 1960 729 3549 808">
    <p class='ocr_par' dir='ltr' id='par_1_21' title="bbox 1960 729 3549 808">
     <span class='ocr_line' id='line_1_21' title="bbox 1960 729 3549 808; baseline 0.009 -28"><span class='ocrx_word' id='word_1_135' title='bbox 1960 741 2149 783; x_wconf 89' lang='lat' dir='ltr'><strong>narum</strong></span> <span class='ocrx_word' id='word_1_136' title='bbox 2170 729 2545 786; x_wconf 84' lang='lat' dir='ltr'><strong>suavissimum</strong></span> <span class='ocrx_word' id='word_1_137' title='bbox 2567 746 2852 802; x_wconf 86' lang='lat' dir='ltr'><strong>saporem;</strong></span> <span class='ocrx_word' id='word_1_138' title='bbox 2881 736 3055 803; x_wconf 90' lang='lat' dir='ltr'><strong>utqui</strong></span> <span class='ocrx_word' id='word_1_139' title='bbox 3083 737 3375 793; x_wconf 82' lang='lat' dir='ltr'><strong>humanam</strong></span> <span class='ocrx_word' id='word_1_140' title='bbox 3391 739 3549 808; x_wconf 85' lang='lat' dir='ltr'><strong>justi-</strong></span> 
     </span>
    </p>
   </div>
   <div class='ocr_carea' id='block_1_22' title="bbox 1960 819 3549 899">
    <p class='ocr_par' dir='ltr' id='par_1_22' title="bbox 1960 819 3549 899">
     <span class='ocr_line' id='line_1_22' title="bbox 1960 819 3549 899; baseline 0.008 -25"><span class='ocrx_word' id='word_1_141' title='bbox 1960 819 2089 874; x_wconf 88' lang='lat' dir='ltr'><strong>tiam</strong></span> <span class='ocrx_word' id='word_1_142' title='bbox 2141 822 2384 878; x_wconf 89' lang='lat' dir='ltr'><strong>nituntur</strong></span> <span class='ocrx_word' id='word_1_143' title='bbox 2419 837 2686 892; x_wconf 76' lang='lat' dir='ltr'><strong>quaerere,</strong></span> <span class='ocrx_word' id='word_1_144' title='bbox 2735 825 3016 882; x_wconf 89' lang='lat' dir='ltr'><strong>sollicitius</strong></span> <span class='ocrx_word' id='word_1_145' title='bbox 3065 827 3324 899; x_wconf 80' lang='lat' dir='ltr'><strong>incipiant</strong></span> <span class='ocrx_word' id='word_1_146' title='bbox 3371 831 3549 888; x_wconf 83' lang='lat' dir='ltr'><strong>divina</strong></span> 
     </span>
    </p>
   </div>
   <div class='ocr_carea' id='block_1_23' title="bbox 1954 911 3550 985">
    <p class='ocr_par' dir='ltr' id='par_1_23' title="bbox 1954 911 3550 985">
     <span class='ocr_line' id='line_1_23' title="bbox 1954 911 3550 985; baseline 0.008 -19"><span class='ocrx_word' id='word_1_147' title='bbox 1954 911 2156 981; x_wconf 90' lang='lat' dir='ltr'><strong>judicia</strong></span> <span class='ocrx_word' id='word_1_148' title='bbox 2185 915 2440 984; x_wconf 88' lang='lat' dir='ltr'><strong>cogitare.</strong></span> <span class='ocrx_word' id='word_1_149' title='bbox 2476 913 2709 970; x_wconf 90' lang='lat' dir='ltr'><strong>Proinde</strong></span> <span class='ocrx_word' id='word_1_150' title='bbox 2737 916 2994 985; x_wconf 84' lang='lat' dir='ltr'><strong>quoniam</strong></span> <span class='ocrx_word' id='word_1_151' title='bbox 3041 921 3422 976; x_wconf 90' lang='lat' dir='ltr'><strong>nonnullorttm</strong></span> <span class='ocrx_word' id='word_1_152' title='bbox 3453 937 3550 979; x_wconf 86' lang='lat' dir='ltr'><strong>vos</strong></span> 
     </span>
    </p>
   </div>
   <div class='ocr_carea' id='block_1_24' title="bbox 1959 1002 3550 1084">
    <p class='ocr_par' dir='ltr' id='par_1_24' title="bbox 1959 1002 3550 1084">
     <span class='ocr_line' id='line_1_24' title="bbox 1959 1002 3550 1084; baseline 0.008 -26"><span class='ocrx_word' id='word_1_153' title='bbox 1959 1002 2272 1075; x_wconf 90' lang='lat' dir='ltr'><strong>frequenter</strong></span> <span class='ocrx_word' id='word_1_154' title='bbox 2318 1007 2612 1062; x_wconf 88' lang='lat' dir='ltr'><strong>causamini</strong></span> <span class='ocrx_word' id='word_1_155' title='bbox 2661 1011 3082 1082; x_wconf 56' lang='lat' dir='ltr'><strong>praesumptione</strong></span> <span class='ocrx_word' id='word_1_156' title='bbox 3127 1011 3415 1082; x_wconf 87' lang='lat' dir='ltr'><strong>laceratos,</strong></span> <span class='ocrx_word' id='word_1_157' title='bbox 3473 1025 3550 1084; x_wconf 90' lang='lat' dir='ltr'><strong>et,</strong></span> 
     </span>
    </p>
   </div>
   <div class='ocr_carea' id='block_1_25' title="bbox 1959 1096 3552 1174">
    <p class='ocr_par' dir='ltr' id='par_1_25' title="bbox 1959 1096 3552 1174">
     <span class='ocr_line' id='line_1_25' title="bbox 1959 1096 3552 1174; baseline 0.007 -25"><span class='ocrx_word' id='word_1_158' title='bbox 1959 1110 2080 1165; x_wconf 78' lang='lat' dir='ltr'><strong>quae</strong></span> <span class='ocrx_word' id='word_1_159' title='bbox 2128 1096 2194 1151; x_wconf 90' lang='lat' dir='ltr'><strong>ad</strong></span> <span class='ocrx_word' id='word_1_160' title='bbox 2242 1096 2583 1169; x_wconf 84' lang='lat' dir='ltr'><strong>Synagogam</strong></span> <span class='ocrx_word' id='word_1_161' title='bbox 2626 1108 2867 1155; x_wconf 88' lang='lat' dir='ltr'><strong>vestram</strong></span> <span class='ocrx_word' id='word_1_162' title='bbox 2916 1102 3227 1171; x_wconf 88' lang='lat' dir='ltr'><strong>pertinent,</strong></span> <span class='ocrx_word' id='word_1_163' title='bbox 3262 1105 3552 1174; x_wconf 79' lang='lat' dir='ltr'><strong>perhibetis</strong></span> 
     </span>
    </p>
   </div>
   <div class='ocr_carea' id='block_1_26' title="bbox 1954 1187 3554 1260">
    <p class='ocr_par' dir='ltr' id='par_1_26' title="bbox 1954 1187 3554 1260">
     <span class='ocr_line' id='line_1_26' title="bbox 1954 1187 3554 1260; baseline 0.005 -19"><span class='ocrx_word' id='word_1_164' title='bbox 1954 1187 2077 1255; x_wconf 88' lang='lat' dir='ltr'><strong>jura</strong></span> <span class='ocrx_word' id='word_1_165' title='bbox 2117 1189 2376 1256; x_wconf 88' lang='lat' dir='ltr'><strong>rescindi;</strong></span> <span class='ocrx_word' id='word_1_166' title='bbox 2417 1191 2768 1260; x_wconf 89' lang='lat' dir='ltr'><strong>opitulabitur</strong></span> <span class='ocrx_word' id='word_1_167' title='bbox 2802 1191 2958 1248; x_wconf 87' lang='lat' dir='ltr'><strong>vobis</strong></span> <span class='ocrx_word' id='word_1_168' title='bbox 2995 1195 3417 1251; x_wconf 90' lang='lat' dir='ltr'><strong>mansuetudinis</strong></span> <span class='ocrx_word' id='word_1_169' title='bbox 3455 1213 3554 1250; x_wconf 87' lang='lat' dir='ltr'><strong>tto—</strong></span> 
     </span>
    </p>
   </div>
   <div class='ocr_carea' id='block_1_27' title="bbox 1959 1280 3548 1353">
    <p class='ocr_par' dir='ltr' id='par_1_27' title="bbox 1959 1280 3548 1353">
     <span class='ocr_line' id='line_1_27' title="bbox 1959 1280 3548 1353; baseline 0.006 -22"><span class='ocrx_word' id='word_1_170' title='bbox 1959 1286 2089 1333; x_wconf 66' lang='lat' dir='ltr'><strong>strae</strong></span> <span class='ocrx_word' id='word_1_171' title='bbox 2117 1280 2389 1348; x_wconf 83' lang='lat' dir='ltr'><strong>postulata</strong></span> <span class='ocrx_word' id='word_1_172' title='bbox 2414 1282 2605 1348; x_wconf 82' lang='lat' dir='ltr'><strong>tuitio;</strong></span> <span class='ocrx_word' id='word_1_173' title='bbox 2639 1291 2902 1352; x_wconf 85' lang='lat' dir='ltr'><strong>quatenus</strong></span> <span class='ocrx_word' id='word_1_174' title='bbox 2933 1284 3111 1342; x_wconf 90' lang='lat' dir='ltr'><strong>nullus</strong></span> <span class='ocrx_word' id='word_1_175' title='bbox 3137 1285 3548 1353; x_wconf 84' lang='lat' dir='ltr'><strong>ecclesiasticus,</strong></span> 
     </span>
    </p>
   </div>
   <div class='ocr_carea' id='block_1_28' title="bbox 1961 1369 3552 1446">
    <p class='ocr_par' dir='ltr' id='par_1_28' title="bbox 1961 1369 3552 1446">
     <span class='ocr_line' id='line_1_28' title="bbox 1961 1369 3552 1446; baseline 0.006 -25"><span class='ocrx_word' id='word_1_176' title='bbox 1961 1382 2081 1438; x_wconf 80' lang='lat' dir='ltr'><strong>quae</strong></span> <span class='ocrx_word' id='word_1_177' title='bbox 2111 1369 2408 1442; x_wconf 75' lang='lat' dir='ltr'><strong>Synagoga:</strong></span> <span class='ocrx_word' id='word_1_178' title='bbox 2435 1380 2630 1428; x_wconf 69' lang='lat' dir='ltr'><strong>vestrm</strong></span> <span class='ocrx_word' id='word_1_179' title='bbox 2653 1373 2775 1442; x_wconf 87' lang='lat' dir='ltr'><strong>jure</strong></span> <span class='ocrx_word' id='word_1_180' title='bbox 2804 1383 3153 1446; x_wconf 90' lang='lat' dir='ltr'><strong>competunt,</strong></span> <span class='ocrx_word' id='word_1_181' title='bbox 3183 1377 3443 1432; x_wconf 85' lang='lat' dir='ltr'><strong>violentia</strong></span> <span class='ocrx_word' id='word_1_182' title='bbox 3473 1378 3552 1432; x_wconf 89' lang='lat' dir='ltr'><strong>in-</strong></span> 
     </span>
    </p>
   </div>
   <div class='ocr_carea' id='block_1_29' title="bbox 1962 1459 3552 1538">
    <p class='ocr_par' dir='ltr' id='par_1_29' title="bbox 1962 1459 3552 1538">
     <span class='ocr_line' id='line_1_29' title="bbox 1962 1459 3552 1538; baseline 0.006 -27"><span class='ocrx_word' id='word_1_183' title='bbox 1962 1459 2275 1515; x_wconf 90' lang='lat' dir='ltr'><strong>tercedente</strong></span> <span class='ocrx_word' id='word_1_184' title='bbox 2304 1460 2584 1532; x_wconf 89' lang='lat' dir='ltr'><strong>pervadat,</strong></span> <span class='ocrx_word' id='word_1_185' title='bbox 2617 1477 2718 1519; x_wconf 90' lang='lat' dir='ltr'><strong>nec</strong></span> <span class='ocrx_word' id='word_1_186' title='bbox 2744 1465 2936 1521; x_wconf 86' lang='lat' dir='ltr'><strong>vestris</strong></span> <span class='ocrx_word' id='word_1_187' title='bbox 2963 1481 3022 1520; x_wconf 89' lang='lat' dir='ltr'><strong>se</strong></span> <span class='ocrx_word' id='word_1_188' title='bbox 3043 1467 3218 1524; x_wconf 89' lang='lat' dir='ltr'><strong>causis</strong></span> <span class='ocrx_word' id='word_1_189' title='bbox 3247 1467 3552 1538; x_wconf 88' lang='lat' dir='ltr'><strong>importuna</strong></span> 
     </span>
    </p>
   </div>
   <div class='ocr_carea' id='block_1_30' title="bbox 1962 1550 3550 1624">
    <p class='ocr_par' dir='ltr' id='par_1_30' title="bbox 1962 1550 3550 1624">
     <span class='ocr_line' id='line_1_30' title="bbox 1962 1550 3550 1624; baseline 0.006 -21"><span class='ocrx_word' id='word_1_190' title='bbox 1962 1550 2257 1605; x_wconf 87' lang='lat' dir='ltr'><strong>acerbitate</strong></span> <span class='ocrx_word' id='word_1_191' title='bbox 2302 1553 2655 1623; x_wconf 88' lang='lat' dir='ltr'><strong>permisceat;</strong></span> <span class='ocrx_word' id='word_1_192' title='bbox 2699 1555 2796 1609; x_wconf 89' lang='lat' dir='ltr'><strong>sed</strong></span> <span class='ocrx_word' id='word_1_193' title='bbox 2851 1561 2912 1609; x_wconf 91' lang='lat' dir='ltr'><strong>ut</strong></span> <span class='ocrx_word' id='word_1_194' title='bbox 2947 1555 3224 1624; x_wconf 81' lang='lat' dir='ltr'><strong>religionis</strong></span> <span class='ocrx_word' id='word_1_195' title='bbox 3247 1558 3432 1624; x_wconf 91' lang='lat' dir='ltr'><strong>cultu,</strong></span> <span class='ocrx_word' id='word_1_196' title='bbox 3476 1559 3550 1614; x_wconf 90' lang='lat' dir='ltr'><strong>ita</strong></span> 
     </span>
    </p>
   </div>
   <div class='ocr_carea' id='block_1_31' title="bbox 1962 1643 3549 1704">
    <p class='ocr_par' dir='ltr' id='par_1_31' title="bbox 1962 1643 3549 1704">
     <span class='ocr_line' id='line_1_31' title="bbox 1962 1643 3549 1704; baseline 0.003 -6"><span class='ocrx_word' id='word_1_197' title='bbox 1962 1650 2018 1698; x_wconf 91' lang='lat' dir='ltr'><strong>et</strong></span> <span class='ocrx_word' id='word_1_198' title='bbox 2046 1651 2266 1698; x_wconf 90' lang='lat' dir='ltr'><strong>actuum</strong></span> <span class='ocrx_word' id='word_1_199' title='bbox 2311 1643 2420 1699; x_wconf 90' lang='lat' dir='ltr'><strong>sint</strong></span> <span class='ocrx_word' id='word_1_200' title='bbox 2463 1645 2876 1702; x_wconf 88' lang='lat' dir='ltr'><strong>conversatione</strong></span> <span class='ocrx_word' id='word_1_201' title='bbox 2925 1646 3191 1703; x_wconf 83' lang='lat' dir='ltr'><strong>discreti:</strong></span> <span class='ocrx_word' id='word_1_202' title='bbox 3225 1649 3327 1703; x_wconf 90' lang='lat' dir='ltr'><strong>hac</strong></span> <span class='ocrx_word' id='word_1_203' title='bbox 3372 1657 3549 1704; x_wconf 90' lang='lat' dir='ltr'><strong>tatnen</strong></span> 
     </span>
    </p>
   </div>
   <div class='ocr_carea' id='block_1_32' title="bbox 1961 1733 3552 1804">
    <p class='ocr_par' dir='ltr' id='par_1_32' title="bbox 1961 1733 3552 1804">
     <span class='ocr_line' id='line_1_32' title="bbox 1961 1733 3552 1804; baseline 0.004 -16"><span class='ocrx_word' id='word_1_204' title='bbox 1961 1733 2334 1789; x_wconf 90' lang='lat' dir='ltr'><strong>moderatione</strong></span> <span class='ocrx_word' id='word_1_205' title='bbox 2362 1734 2678 1804; x_wconf 90' lang='lat' dir='ltr'><strong>principalis</strong></span> <span class='ocrx_word' id='word_1_206' title='bbox 2705 1736 2890 1792; x_wconf 85' lang='lat' dir='ltr'><strong>auxilii</strong></span> <span class='ocrx_word' id='word_1_207' title='bbox 2909 1736 3229 1792; x_wconf 78' lang='lat' dir='ltr'><strong>beneficium</strong></span> <span class='ocrx_word' id='word_1_208' title='bbox 3256 1740 3552 1794; x_wconf 89' lang='lat' dir='ltr'><strong>conceden-</strong></span> 
     </span>
    </p>
   </div>
   <div class='ocr_carea' id='block_1_33' title="bbox 235 1824 3549 1906">
    <p class='ocr_par' dir='ltr' id='par_1_33' title="bbox 235 1824 3549 1906">
     <span class='ocr_line' id='line_1_33' title="bbox 235 1824 3549 1906; baseline 0.002 -29"><span class='ocrx_word' id='word_1_209' title='bbox 235 1824 437 1879; x_wconf 89' lang='lat' dir='ltr'><strong>naulis</strong></span> <span class='ocrx_word' id='word_1_210' title='bbox 463 1826 836 1895; x_wconf 83' lang='lat' dir='ltr'><strong>septingentos</strong></span> <span class='ocrx_word' id='word_1_211' title='bbox 864 1828 1249 1898; x_wconf 81' lang='lat' dir='ltr'><strong>quinquaginta</strong></span> <span class='ocrx_word' id='word_1_212' title='bbox 1280 1835 1407 1882; x_wconf 91' lang='lat' dir='ltr'><strong>octo</strong></span> <span class='ocrx_word' id='word_1_213' title='bbox 1453 1827 1656 1882; x_wconf 90' lang='lat' dir='ltr'><strong>solidos</strong></span> <span class='ocrx_word' id='word_1_214' title='bbox 1701 1843 1855 1882; x_wconf 91' lang='lat' dir='ltr'><strong>aece-</strong></span> <span class='ocrx_word' id='word_1_215' title='bbox 1887 1845 1937 1906; x_wconf 81' lang='grc' dir='ltr'><strong>Β</strong></span> <span class='ocrx_word' id='word_1_216' title='bbox 1963 1831 2066 1891; x_wconf 82' lang='lat' dir='ltr'><strong>te‘s,</strong></span> <span class='ocrx_word' id='word_1_217' title='bbox 2091 1829 2150 1878; x_wconf 93' lang='lat' dir='ltr'><strong>ut</strong></span> <span class='ocrx_word' id='word_1_218' title='bbox 2177 1839 2280 1880; x_wconf 91' lang='lat' dir='ltr'><strong>nec</strong></span> <span class='ocrx_word' id='word_1_219' title='bbox 2305 1840 2404 1881; x_wconf 84' lang='lat' dir='ltr'><strong>vos</strong></span> <span class='ocrx_word' id='word_1_220' title='bbox 2424 1825 2567 1894; x_wconf 88' lang='lat' dir='ltr'><strong>quod</strong></span> <span class='ocrx_word' id='word_1_221' title='bbox 2595 1827 2663 1881; x_wconf 91' lang='lat' dir='ltr'><strong>ad</strong></span> <span class='ocrx_word' id='word_1_222' title='bbox 2691 1826 2927 1897; x_wconf 62' lang='lat' dir='ltr'><strong>praefatae</strong></span> <span class='ocrx_word' id='word_1_223' title='bbox 2956 1826 3212 1884; x_wconf 76' lang='lat' dir='ltr'><strong>Ecclesia:</strong></span> <span class='ocrx_word' id='word_1_224' title='bbox 3235 1828 3324 1900; x_wconf 86' lang='lat' dir='ltr'><strong>jus</strong></span> <span class='ocrx_word' id='word_1_225' title='bbox 3351 1830 3434 1882; x_wconf 90' lang='lat' dir='ltr'><strong>vel</strong></span> <span class='ocrx_word' id='word_1_226' title='bbox 3462 1844 3549 1885; x_wconf 87' lang='lat' dir='ltr'><strong>re-</strong></span> 
     </span>
    </p>
   </div>
   <div class='ocr_carea' id='block_1_34' title="bbox 234 1919 1858 1992">
    <p class='ocr_par' dir='ltr' id='par_1_34' title="bbox 234 1919 1858 1992">
     <span class='ocr_line' id='line_1_34' title="bbox 234 1919 1858 1992; baseline 0.004 -20"><span class='ocrx_word' id='word_1_227' title='bbox 234 1919 399 1989; x_wconf 85' lang='lat' dir='ltr'><strong>pisse</strong></span> <span class='ocrx_word' id='word_1_228' title='bbox 434 1920 811 1990; x_wconf 88' lang='lat' dir='ltr'><strong>perhibentur,</strong></span> <span class='ocrx_word' id='word_1_229' title='bbox 845 1922 890 1976; x_wconf 92' lang='lat' dir='ltr'><strong>si</strong></span> <span class='ocrx_word' id='word_1_230' title='bbox 928 1921 1069 1992; x_wconf 91' lang='lat' dir='ltr'><strong>apud</strong></span> <span class='ocrx_word' id='word_1_231' title='bbox 1099 1939 1197 1980; x_wconf 85' lang='lat' dir='ltr'><strong>vos</strong></span> <span class='ocrx_word' id='word_1_232' title='bbox 1237 1921 1363 1978; x_wconf 82' lang='lat' dir='ltr'><strong>facti</strong></span> <span class='ocrx_word' id='word_1_233' title='bbox 1394 1923 1593 1978; x_wconf 86' lang='lat' dir='ltr'><strong>veritas</strong></span> <span class='ocrx_word' id='word_1_234' title='bbox 1646 1922 1858 1979; x_wconf 90' lang='lat' dir='ltr'><strong>innote-</strong></span> 
     </span>
    </p>
   </div>
   <div class='ocr_carea' id='block_1_35' title="bbox 233 2011 1858 2079">
    <p class='ocr_par' dir='ltr' id='par_1_35' title="bbox 233 2011 1858 2079">
     <span class='ocr_line' id='line_1_35' title="bbox 233 2011 1858 2079; baseline 0.004 -15"><span class='ocrx_word' id='word_1_235' title='bbox 233 2011 375 2076; x_wconf 85' lang='lat' dir='ltr'><strong>scit,</strong></span> <span class='ocrx_word' id='word_1_236' title='bbox 426 2011 486 2065; x_wconf 90' lang='lat' dir='ltr'><strong>in</strong></span> <span class='ocrx_word' id='word_1_237' title='bbox 512 2027 778 2066; x_wconf 90' lang='lat' dir='ltr'><strong>summam</strong></span> <span class='ocrx_word' id='word_1_238' title='bbox 808 2013 1018 2070; x_wconf 89' lang='lat' dir='ltr'><strong>ratione</strong></span> <span class='ocrx_word' id='word_1_239' title='bbox 1059 2013 1308 2079; x_wconf 90' lang='lat' dir='ltr'><strong>collecta,</strong></span> <span class='ocrx_word' id='word_1_240' title='bbox 1361 2014 1428 2069; x_wconf 91' lang='lat' dir='ltr'><strong>ab</strong></span> <span class='ocrx_word' id='word_1_241' title='bbox 1466 2015 1545 2070; x_wconf 93' lang='lat' dir='ltr'><strong>eis</strong></span> <span class='ocrx_word' id='word_1_242' title='bbox 1574 2015 1719 2070; x_wconf 89' lang='lat' dir='ltr'><strong>mille</strong></span> <span class='ocrx_word' id='word_1_243' title='bbox 1763 2018 1858 2071; x_wconf 91' lang='lat' dir='ltr'><strong>tri-</strong></span> 
     </span>
    </p>
   </div>
   <div class='ocr_carea' id='block_1_36' title="bbox 234 2103 1858 2178">
    <p class='ocr_par' dir='ltr' id='par_1_36' title="bbox 234 2103 1858 2178">
     <span class='ocr_line' id='line_1_36' title="bbox 234 2103 1858 2178; baseline 0.004 -23"><span class='ocrx_word' id='word_1_244' title='bbox 234 2103 409 2171; x_wconf 87' lang='lat' dir='ltr'><strong>ginta</strong></span> <span class='ocrx_word' id='word_1_245' title='bbox 463 2111 588 2158; x_wconf 89' lang='lat' dir='ltr'><strong>octo</strong></span> <span class='ocrx_word' id='word_1_246' title='bbox 629 2103 925 2159; x_wconf 90' lang='lat' dir='ltr'><strong>solidorum</strong></span> <span class='ocrx_word' id='word_1_247' title='bbox 980 2106 1252 2174; x_wconf 87' lang='lat' dir='ltr'><strong>quantitas</strong></span> <span class='ocrx_word' id='word_1_248' title='bbox 1307 2105 1598 2172; x_wconf 83' lang='lat' dir='ltr'><strong>inferatur;</strong></span> <span class='ocrx_word' id='word_1_249' title='bbox 1651 2113 1710 2161; x_wconf 91' lang='lat' dir='ltr'><strong>ut</strong></span> <span class='ocrx_word' id='word_1_250' title='bbox 1766 2108 1858 2178; x_wconf 90' lang='lat' dir='ltr'><strong>qui</strong></span> 
     </span>
    </p>
   </div>
   <div class='ocr_carea' id='block_1_37' title="bbox 235 2194 1858 2263">
    <p class='ocr_par' dir='ltr' id='par_1_37' title="bbox 235 2194 1858 2263">
     <span class='ocr_line' id='line_1_37' title="bbox 235 2194 1858 2263; baseline 0.004 -15"><span class='ocrx_word' id='word_1_251' title='bbox 235 2194 556 2250; x_wconf 86' lang='lat' dir='ltr'><strong>vindictam</strong></span> <span class='ocrx_word' id='word_1_252' title='bbox 597 2195 923 2263; x_wconf 87' lang='lat' dir='ltr'><strong>remisimus,</strong></span> <span class='ocrx_word' id='word_1_253' title='bbox 959 2199 1155 2253; x_wconf 92' lang='lat' dir='ltr'><strong>damna</strong></span> <span class='ocrx_word' id='word_1_254' title='bbox 1181 2198 1400 2254; x_wconf 87' lang='lat' dir='ltr'><strong>minime</strong></span> <span class='ocrx_word' id='word_1_255' title='bbox 1455 2199 1768 2255; x_wconf 87' lang='lat' dir='ltr'><strong>sentiamus.</strong></span> <span class='ocrx_word' id='word_1_256' title='bbox 1801 2197 1858 2255; x_wconf 94' lang='lat' dir='ltr'><strong>In</strong></span> 
     </span>
    </p>
   </div>
   <div class='ocr_carea' id='block_1_38' title="bbox 239 2287 1858 2363">
    <p class='ocr_par' dir='ltr' id='par_1_38' title="bbox 239 2287 1858 2363">
     <span class='ocr_line' id='line_1_38' title="bbox 239 2287 1858 2363; baseline 0.007 -26"><span class='ocrx_word' id='word_1_257' title='bbox 239 2300 362 2355; x_wconf 87' lang='lat' dir='ltr'><strong>qua</strong></span> <span class='ocrx_word' id='word_1_258' title='bbox 390 2294 552 2356; x_wconf 85' lang='lat' dir='ltr'><strong>parte</strong></span> <span class='ocrx_word' id='word_1_259' title='bbox 582 2287 654 2344; x_wconf 89' lang='lat' dir='ltr'><strong>ita</strong></span> <span class='ocrx_word' id='word_1_260' title='bbox 683 2304 743 2345; x_wconf 91' lang='lat' dir='ltr'><strong>se</strong></span> <span class='ocrx_word' id='word_1_261' title='bbox 788 2289 1087 2346; x_wconf 87' lang='lat' dir='ltr'><strong>sublimitas</strong></span> <span class='ocrx_word' id='word_1_262' title='bbox 1115 2297 1293 2346; x_wconf 91' lang='lat' dir='ltr'><strong>vestra</strong></span> <span class='ocrx_word' id='word_1_263' title='bbox 1337 2290 1622 2360; x_wconf 83' lang='lat' dir='ltr'><strong>diligenter</strong></span> <span class='ocrx_word' id='word_1_264' title='bbox 1651 2293 1858 2363; x_wconf 89' lang='lat' dir='ltr'><strong>impen-</strong></span> 
     </span>
    </p>
   </div>
   <div class='ocr_carea' id='block_1_39' title="bbox 239 2377 1858 2456">
    <p class='ocr_par' dir='ltr' id='par_1_39' title="bbox 239 2377 1858 2456">
     <span class='ocr_line' id='line_1_39' title="bbox 239 2377 1858 2456; baseline 0.007 -25"><span class='ocrx_word' id='word_1_265' title='bbox 239 2377 370 2444; x_wconf 88' lang='lat' dir='ltr'><strong>dat,</strong></span> <span class='ocrx_word' id='word_1_266' title='bbox 407 2386 551 2435; x_wconf 89' lang='lat' dir='ltr'><strong>utet</strong></span> <span class='ocrx_word' id='word_1_267' title='bbox 574 2377 795 2451; x_wconf 74' lang='lat' dir='ltr'><strong>justitize</strong></span> <span class='ocrx_word' id='word_1_268' title='bbox 823 2389 879 2438; x_wconf 92' lang='lat' dir='ltr'><strong>et</strong></span> <span class='ocrx_word' id='word_1_269' title='bbox 921 2383 1151 2456; x_wconf 90' lang='lat' dir='ltr'><strong>publicis</strong></span> <span class='ocrx_word' id='word_1_270' title='bbox 1191 2383 1510 2440; x_wconf 89' lang='lat' dir='ltr'><strong>utilitatibus</strong></span> <span class='ocrx_word' id='word_1_271' title='bbox 1535 2383 1858 2442; x_wconf 86' lang='lat' dir='ltr'><strong>satisfecisse</strong></span> 
     </span>
    </p>
   </div>
   <div class='ocr_carea' id='block_1_40' title="bbox 239 2469 588 2528">
    <p class='ocr_par' dir='ltr' id='par_1_40' title="bbox 239 2469 588 2528">
     <span class='ocr_line' id='line_1_40' title="bbox 239 2469 588 2528; baseline 0.017 -5"><span class='ocrx_word' id='word_1_272' title='bbox 239 2469 512 2527; x_wconf 78' lang='lat' dir='ltr'><strong>videatur</strong></span> <span class='ocrx_word' id='word_1_273' title='bbox 540 2479 588 2528; x_wconf 75' lang='grc'><strong><em>⁸.</em></strong></span> 
     </span>
    </p>
   </div>
   <div class='ocr_carea' id='block_1_41' title="bbox 762 2585 1367 2646">
    <p class='ocr_par' dir='ltr' id='par_1_41' title="bbox 762 2585 1367 2646">
     <span class='ocr_line' id='line_1_41' title="bbox 762 2585 1367 2646; baseline 0.01 -6"><span class='ocrx_word' id='word_1_274' title='bbox 762 2585 1088 2644; x_wconf 85' lang='lat' dir='ltr'><strong>EPISTOLA</strong></span> <span class='ocrx_word' id='word_1_275' title='bbox 1128 2588 1367 2646; x_wconf 83' lang='lat' dir='ltr'><strong>XXXVI.</strong></span> 
     </span>
    </p>
   </div>
   <div class='ocr_carea' id='block_1_42' title="bbox 444 2693 1679 2740">
    <p class='ocr_par' dir='ltr' id='par_1_42' title="bbox 444 2693 1679 2740">
     <span class='ocr_line' id='line_1_42' title="bbox 444 2693 1679 2740; baseline 0.005 -6"><span class='ocrx_word' id='word_1_276' title='bbox 444 2693 734 2734; x_wconf 76' lang='lat' dir='ltr'><strong>STARCEDIO</strong></span> <span class='ocrx_word' id='word_1_277' title='bbox 764 2697 886 2736; x_wconf 76' lang='lat' dir='ltr'><strong>VIRO</strong></span> <span class='ocrx_word' id='word_1_278' title='bbox 915 2697 1122 2737; x_wconf 66' lang='lat' dir='ltr'><strong>SUBLIMI</strong></span> <span class='ocrx_word' id='word_1_279' title='bbox 1156 2699 1524 2740; x_wconf 76' lang='lat' dir='ltr'><strong>THEODORICUS</strong></span> <span class='ocrx_word' id='word_1_280' title='bbox 1552 2700 1679 2740; x_wconf 66' lang='lat' dir='ltr'><strong>REX.</strong></span> 
     </span>
    </p>
   </div>
   <div class='ocr_carea' id='block_1_43' title="bbox 247 2768 1860 2843">
    <p class='ocr_par' dir='ltr' id='par_1_43' title="bbox 247 2768 1860 2843">
     <span class='ocr_line' id='line_1_43' title="bbox 247 2768 1860 2843; baseline 0.003 -19"><span class='ocrx_word' id='word_1_281' title='bbox 247 2768 426 2824; x_wconf 84' lang='lat' dir='ltr'><strong>Illum</strong></span> <span class='ocrx_word' id='word_1_282' title='bbox 443 2769 504 2823; x_wconf 87' lang='lat' dir='ltr'><strong>ob</strong></span> <span class='ocrx_word' id='word_1_283' title='bbox 526 2770 870 2843; x_wconf 84' lang='lat' dir='ltr'><strong>membrorum</strong></span> <span class='ocrx_word' id='word_1_284' title='bbox 894 2772 1209 2826; x_wconf 78' lang='lat' dir='ltr'><strong>debilitatem</strong></span> <span class='ocrx_word' id='word_1_285' title='bbox 1227 2774 1290 2825; x_wconf 87' lang='lat' dir='ltr'><strong>ab</strong></span> <span class='ocrx_word' id='word_1_286' title='bbox 1319 2775 1646 2843; x_wconf 79' lang='lat' dir='ltr'><strong>expeditione</strong></span> <span class='ocrx_word' id='word_1_287' title='bbox 1677 2775 1860 2829; x_wconf 81' lang='lat' dir='ltr'><strong>bellica</strong></span> 
     </span>
    </p>
   </div>
   <div class='ocr_carea' id='block_1_44' title="bbox 325 2841 1860 2916">
    <p class='ocr_par' dir='ltr' id='par_1_44' title="bbox 325 2841 1860 2916">
     <span class='ocr_line' id='line_1_44' title="bbox 325 2841 1860 2916; baseline 0.003 -21"><span class='ocrx_word' id='word_1_288' title='bbox 325 2843 559 2916; x_wconf 72' lang='lat' dir='ltr'><strong>eximit;</strong></span> <span class='ocrx_word' id='word_1_289' title='bbox 607 2851 657 2894; x_wconf 82' lang='lat' dir='ltr'><strong>et</strong></span> <span class='ocrx_word' id='word_1_290' title='bbox 703 2841 1045 2916; x_wconf 55' lang='lat' dir='ltr'><strong>permittite:</strong></span> <span class='ocrx_word' id='word_1_291' title='bbox 1093 2843 1332 2916; x_wconf 76' lang='lat' dir='ltr'><strong>deinceps</strong></span> <span class='ocrx_word' id='word_1_292' title='bbox 1372 2841 1529 2899; x_wconf 66' lang='lat' dir='ltr'><strong>uitam</strong></span> <span class='ocrx_word' id='word_1_293' title='bbox 1570 2846 1860 2916; x_wconf 77' lang='lat' dir='ltr'><strong>remissam,</strong></span> 
     </span>
    </p>
   </div>
   <div class='ocr_carea' id='block_1_45' title="bbox 330 2913 1284 2984">
    <p class='ocr_par' dir='ltr' id='par_1_45' title="bbox 330 2913 1284 2984">
     <span class='ocr_line' id='line_1_45' title="bbox 330 2913 1284 2984; baseline 0.002 -19"><span class='ocrx_word' id='word_1_294' title='bbox 330 2913 572 2983; x_wconf 76' lang='lat' dir='ltr'><strong>privatus</strong></span> <span class='ocrx_word' id='word_1_295' title='bbox 604 2922 772 2966; x_wconf 80' lang='lat' dir='ltr'><strong>tamen</strong></span> <span class='ocrx_word' id='word_1_296' title='bbox 800 2913 1064 2980; x_wconf 75' lang='lat' dir='ltr'><strong>donativo,</strong></span> <span class='ocrx_word' id='word_1_297' title='bbox 1089 2914 1284 2984; x_wconf 60' lang='lat' dir='ltr'><strong>exigat.</strong></span> 
     </span>
    </p>
   </div>
   <div class='ocr_carea' id='block_1_46' title="bbox 329 3021 1863 3097">
    <p class='ocr_par' dir='ltr' id='par_1_46' title="bbox 329 3021 1863 3097">
     <span class='ocr_line' id='line_1_46' title="bbox 329 3021 1863 3097; baseline 0.004 -19"><span class='ocrx_word' id='word_1_298' title='bbox 329 3021 682 3078; x_wconf 88' lang='lat' dir='ltr'><strong>Continuatis</strong></span> <span class='ocrx_word' id='word_1_299' title='bbox 711 3022 984 3078; x_wconf 92' lang='lat' dir='ltr'><strong>laboribus</strong></span> <span class='ocrx_word' id='word_1_300' title='bbox 1013 3025 1260 3080; x_wconf 88' lang='lat' dir='ltr'><strong>attritum</strong></span> <span class='ocrx_word' id='word_1_301' title='bbox 1302 3041 1499 3097; x_wconf 91' lang='lat' dir='ltr'><strong>corpus</strong></span> <span class='ocrx_word' id='word_1_302' title='bbox 1523 3025 1863 3086; x_wconf 87' lang='lat' dir='ltr'><strong>debilitatem</strong></span> 
     </span>
    </p>
   </div>
   <div class='ocr_carea' id='block_1_47' title="bbox 254 3115 1858 3192">
    <p class='ocr_par' dir='ltr' id='par_1_47' title="bbox 254 3115 1858 3192">
     <span class='ocr_line' id='line_1_47' title="bbox 254 3115 1858 3192; baseline 0.005 -22"><span class='ocrx_word' id='word_1_303' title='bbox 254 3115 360 3171; x_wconf 88' lang='lat' dir='ltr'><strong>tibi</strong></span> <span class='ocrx_word' id='word_1_304' title='bbox 390 3115 632 3170; x_wconf 88' lang='lat' dir='ltr'><strong>causaris</strong></span> <span class='ocrx_word' id='word_1_305' title='bbox 663 3115 905 3170; x_wconf 85' lang='lat' dir='ltr'><strong>attulisse</strong></span> <span class='ocrx_word' id='word_1_306' title='bbox 930 3116 1326 3185; x_wconf 86' lang='lat' dir='ltr'><strong>membrorum;</strong></span> <span class='ocrx_word' id='word_1_307' title='bbox 1355 3127 1414 3174; x_wconf 91' lang='lat' dir='ltr'><strong>ut</strong></span> <span class='ocrx_word' id='word_1_308' title='bbox 1436 3121 1528 3192; x_wconf 91' lang='lat' dir='ltr'><strong>qui</strong></span> <span class='ocrx_word' id='word_1_309' title='bbox 1551 3131 1676 3177; x_wconf 91' lang='lat' dir='ltr'><strong>ante</strong></span> <span class='ocrx_word' id='word_1_310' title='bbox 1699 3121 1858 3178; x_wconf 89' lang='lat' dir='ltr'><strong>belli-</strong></span> 
     </span>
    </p>
   </div>
   <div class='ocr_carea' id='block_1_48' title="bbox 255 3206 1944 3303">
    <p class='ocr_par' dir='ltr' id='par_1_48' title="bbox 255 3206 1944 3303">
     <span class='ocr_line' id='line_1_48' title="bbox 255 3206 1944 3303; baseline 0.006 -40"><span class='ocrx_word' id='word_1_311' title='bbox 255 3206 344 3263; x_wconf 88' lang='lat' dir='ltr'><strong>cis</strong></span> <span class='ocrx_word' id='word_1_312' title='bbox 377 3206 561 3262; x_wconf 89' lang='lat' dir='ltr'><strong>fueras</strong></span> <span class='ocrx_word' id='word_1_313' title='bbox 606 3215 762 3278; x_wconf 90' lang='lat' dir='ltr'><strong>aptus</strong></span> <span class='ocrx_word' id='word_1_314' title='bbox 800 3207 1116 3276; x_wconf 77' lang='lat' dir='ltr'><strong>insignibus,</strong></span> <span class='ocrx_word' id='word_1_315' title='bbox 1148 3225 1291 3266; x_wconf 91' lang='lat' dir='ltr'><strong>nunc</strong></span> <span class='ocrx_word' id='word_1_316' title='bbox 1315 3211 1401 3268; x_wconf 90' lang='lat' dir='ltr'><strong>vel</strong></span> <span class='ocrx_word' id='word_1_317' title='bbox 1431 3211 1497 3268; x_wconf 90' lang='lat' dir='ltr'><strong>ad</strong></span> <span class='ocrx_word' id='word_1_318' title='bbox 1525 3215 1755 3271; x_wconf 88' lang='lat' dir='ltr'><strong>otiosam</strong></span> <span class='ocrx_word' id='word_1_319' title='bbox 1783 3217 1865 3272; x_wconf 92' lang='lat' dir='ltr'><strong>vi-</strong></span> <span class='ocrx_word' id='word_1_320' title='bbox 1895 3238 1944 3303; x_wconf 71' lang='grc' dir='ltr'>ο</span> 
     </span>
    </p>
   </div>
   <div class='ocr_carea' id='block_1_49' title="bbox 257 3299 1864 3383">
    <p class='ocr_par' dir='ltr' id='par_1_49' title="bbox 257 3299 1864 3383">
     <span class='ocr_line' id='line_1_49' title="bbox 257 3299 1864 3383; baseline 0.009 -30"><span class='ocrx_word' id='word_1_321' title='bbox 257 3307 380 3354; x_wconf 92' lang='lat' dir='ltr'><strong>tam</strong></span> <span class='ocrx_word' id='word_1_322' title='bbox 412 3299 503 3356; x_wconf 84' lang='lat' dir='ltr'><strong>vix</strong></span> <span class='ocrx_word' id='word_1_323' title='bbox 531 3299 753 3356; x_wconf 90' lang='lat' dir='ltr'><strong>idoneus</strong></span> <span class='ocrx_word' id='word_1_324' title='bbox 781 3301 1132 3372; x_wconf 87' lang='lat' dir='ltr'><strong>approberis:</strong></span> <span class='ocrx_word' id='word_1_325' title='bbox 1164 3314 1424 3376; x_wconf 87' lang='lat' dir='ltr'><strong>expetens</strong></span> <span class='ocrx_word' id='word_1_326' title='bbox 1468 3317 1524 3363; x_wconf 89' lang='lat' dir='ltr'><strong>ut</strong></span> <span class='ocrx_word' id='word_1_327' title='bbox 1552 3311 1619 3365; x_wconf 91' lang='lat' dir='ltr'><strong>ad</strong></span> <span class='ocrx_word' id='word_1_328' title='bbox 1641 3313 1864 3383; x_wconf 82' lang='lat' dir='ltr'><strong>expedi-</strong></span> 
     </span>
    </p>
   </div>
   <div class='ocr_carea' id='block_1_50' title="bbox 257 3389 1863 3472">
    <p class='ocr_par' dir='ltr' id='par_1_50' title="bbox 257 3389 1863 3472">
     <span class='ocr_line' id='line_1_50' title="bbox 257 3389 1863 3472; baseline 0.009 -26"><span class='ocrx_word' id='word_1_329' title='bbox 257 3391 451 3453; x_wconf 81' lang='lat' dir='ltr'><strong>tiones</strong></span> <span class='ocrx_word' id='word_1_330' title='bbox 498 3389 834 3448; x_wconf 88' lang='lat' dir='ltr'><strong>felieissimas</strong></span> <span class='ocrx_word' id='word_1_331' title='bbox 863 3409 970 3448; x_wconf 91' lang='lat' dir='ltr'><strong>non</strong></span> <span class='ocrx_word' id='word_1_332' title='bbox 999 3393 1212 3464; x_wconf 90' lang='lat' dir='ltr'><strong>cogaris</strong></span> <span class='ocrx_word' id='word_1_333' title='bbox 1235 3435 1250 3460; x_wconf 93' lang='lat'><strong>,</strong></span> <span class='ocrx_word' id='word_1_334' title='bbox 1302 3412 1332 3452; x_wconf 89' lang='lat' dir='ltr'><strong>a</strong></span> <span class='ocrx_word' id='word_1_335' title='bbox 1361 3398 1556 3470; x_wconf 90' lang='lat' dir='ltr'><strong>quibus</strong></span> <span class='ocrx_word' id='word_1_336' title='bbox 1579 3417 1687 3457; x_wconf 94' lang='lat' dir='ltr'><strong>non</strong></span> <span class='ocrx_word' id='word_1_337' title='bbox 1711 3413 1863 3472; x_wconf 87' lang='lat' dir='ltr'><strong>voto,</strong></span> 
     </span>
    </p>
   </div>
   <div class='ocr_carea' id='block_1_51' title="bbox 257 3482 1866 3564">
    <p class='ocr_par' dir='ltr' id='par_1_51' title="bbox 257 3482 1866 3564">
     <span class='ocr_line' id='line_1_51' title="bbox 257 3482 1866 3564; baseline 0.008 -25"><span class='ocrx_word' id='word_1_338' title='bbox 257 3483 364 3540; x_wconf 88' lang='lat' dir='ltr'><strong>sed</strong></span> <span class='ocrx_word' id='word_1_339' title='bbox 387 3482 713 3539; x_wconf 83' lang='lat' dir='ltr'><strong>necessitate</strong></span> <span class='ocrx_word' id='word_1_340' title='bbox 736 3484 1067 3540; x_wconf 88' lang='lat' dir='ltr'><strong>subduceris.</strong></span> <span class='ocrx_word' id='word_1_341' title='bbox 1099 3487 1276 3557; x_wconf 88' lang='lat' dir='ltr'><strong>Atque</strong></span> <span class='ocrx_word' id='word_1_342' title='bbox 1302 3489 1428 3546; x_wconf 92' lang='lat' dir='ltr'><strong>ideo</strong></span> <span class='ocrx_word' id='word_1_343' title='bbox 1456 3491 1866 3564; x_wconf 85' lang='lat' dir='ltr'><strong>allegationibus</strong></span> 
     </span>
    </p>
   </div>
   <div class='ocr_carea' id='block_1_52' title="bbox 257 3575 1862 3654">
    <p class='ocr_par' dir='ltr' id='par_1_52' title="bbox 257 3575 1862 3654">
     <span class='ocr_line' id='line_1_52' title="bbox 257 3575 1862 3654; baseline 0.007 -22"><span class='ocrx_word' id='word_1_344' title='bbox 257 3578 376 3632; x_wconf 89' lang='lat' dir='ltr'><strong>tuis</strong></span> <span class='ocrx_word' id='word_1_345' title='bbox 408 3575 608 3633; x_wconf 89' lang='lat' dir='ltr'><strong>diutius</strong></span> <span class='ocrx_word' id='word_1_346' title='bbox 636 3578 966 3650; x_wconf 90' lang='lat' dir='ltr'><strong>perquisitis,</strong></span> <span class='ocrx_word' id='word_1_347' title='bbox 998 3587 1052 3634; x_wconf 92' lang='lat' dir='ltr'><strong>et</strong></span> <span class='ocrx_word' id='word_1_348' title='bbox 1080 3581 1149 3635; x_wconf 92' lang='lat' dir='ltr'><strong>ad</strong></span> <span class='ocrx_word' id='word_1_349' title='bbox 1173 3597 1352 3637; x_wconf 90' lang='lat' dir='ltr'><strong>rerum</strong></span> <span class='ocrx_word' id='word_1_350' title='bbox 1399 3583 1558 3640; x_wconf 76' lang='lat' dir='ltr'><strong>fidem</strong></span> <span class='ocrx_word' id='word_1_351' title='bbox 1598 3585 1862 3654; x_wconf 86' lang='lat' dir='ltr'><strong>deductis,</strong></span> 
     </span>
    </p>
   </div>
   <div class='ocr_carea' id='block_1_53' title="bbox 262 3668 1865 3749">
    <p class='ocr_par' dir='ltr' id='par_1_53' title="bbox 262 3668 1865 3749">
     <span class='ocr_line' id='line_1_53' title="bbox 262 3668 1865 3749; baseline 0.008 -28"><span class='ocrx_word' id='word_1_352' title='bbox 262 3669 445 3723; x_wconf 74' lang='lat' dir='ltr'><strong>otin-n</strong></span> <span class='ocrx_word' id='word_1_353' title='bbox 472 3668 569 3723; x_wconf 87' lang='lat' dir='ltr'><strong>tibi</strong></span> <span class='ocrx_word' id='word_1_354' title='bbox 610 3683 717 3724; x_wconf 76' lang='lat' dir='ltr'><strong>non</strong></span> <span class='ocrx_word' id='word_1_355' title='bbox 748 3669 985 3738; x_wconf 82' lang='lat' dir='ltr'><strong>ignobile</strong></span> <span class='ocrx_word' id='word_1_356' title='bbox 1014 3669 1132 3743; x_wconf 66' lang='lat' dir='ltr'><strong>[Gn</strong></span> <span class='ocrx_word' id='word_1_357' title='bbox 1157 3682 1206 3725; x_wconf 84' lang='lat' dir='ltr'><strong>et</strong></span> <span class='ocrx_word' id='word_1_358' title='bbox 1234 3669 1352 3744; x_wconf 84' lang='lat' dir='ltr'><strong>Cuj.</strong></span> <span class='ocrx_word' id='word_1_359' title='bbox 1384 3675 1705 3749; x_wconf 89' lang='lat' dir='ltr'><strong>ignorabile]</strong></span> <span class='ocrx_word' id='word_1_360' title='bbox 1729 3695 1865 3749; x_wconf 72' lang='lat' dir='ltr'><strong>pne-</strong></span> 
     </span>
    </p>
   </div>
   <div class='ocr_carea' id='block_1_54' title="bbox 260 3761 1864 3844">
    <p class='ocr_par' dir='ltr' id='par_1_54' title="bbox 260 3761 1864 3844">
     <span class='ocr_line' id='line_1_54' title="bbox 260 3761 1864 3844; baseline 0.007 -28"><span class='ocrx_word' id='word_1_361' title='bbox 260 3761 413 3816; x_wconf 80' lang='lat' dir='ltr'><strong>senti</strong></span> <span class='ocrx_word' id='word_1_362' title='bbox 434 3761 678 3830; x_wconf 86' lang='lat' dir='ltr'><strong>jussione</strong></span> <span class='ocrx_word' id='word_1_363' title='bbox 702 3761 996 3831; x_wconf 84' lang='lat' dir='ltr'><strong>largimur:</strong></span> <span class='ocrx_word' id='word_1_364' title='bbox 1029 3763 1156 3832; x_wconf 89' lang='lat' dir='ltr'><strong>quia</strong></span> <span class='ocrx_word' id='word_1_365' title='bbox 1186 3781 1294 3820; x_wconf 93' lang='lat' dir='ltr'><strong>non</strong></span> <span class='ocrx_word' id='word_1_366' title='bbox 1321 3775 1406 3821; x_wconf 91' lang='lat' dir='ltr'><strong>est</strong></span> <span class='ocrx_word' id='word_1_367' title='bbox 1435 3767 1657 3839; x_wconf 72' lang='lat' dir='ltr'><strong>ignavia:</strong></span> <span class='ocrx_word' id='word_1_368' title='bbox 1685 3772 1864 3844; x_wconf 90' lang='lat' dir='ltr'><strong>culpa,</strong></span> 
     </span>
    </p>
   </div>
   <div class='ocr_carea' id='block_1_55' title="bbox 263 3854 1868 3923">
    <p class='ocr_par' dir='ltr' id='par_1_55' title="bbox 263 3854 1868 3923">
     <span class='ocr_line' id='line_1_55' title="bbox 263 3854 1868 3923; baseline 0.01 -17"><span class='ocrx_word' id='word_1_369' title='bbox 263 3867 434 3922; x_wconf 90' lang='lat' dir='ltr'><strong>quem</strong></span> <span class='ocrx_word' id='word_1_370' title='bbox 459 3859 686 3908; x_wconf 81' lang='lat' dir='ltr'><strong>excusat</strong></span> <span class='ocrx_word' id='word_1_371' title='bbox 709 3854 1013 3910; x_wconf 88' lang='lat' dir='ltr'><strong>miseranda</strong></span> <span class='ocrx_word' id='word_1_372' title='bbox 1035 3857 1334 3913; x_wconf 88' lang='lat' dir='ltr'><strong>calamitas.</strong></span> <span class='ocrx_word' id='word_1_373' title='bbox 1361 3859 1467 3916; x_wconf 90' lang='lat' dir='ltr'><strong>Sed</strong></span> <span class='ocrx_word' id='word_1_374' title='bbox 1492 3863 1631 3918; x_wconf 92' lang='lat' dir='ltr'><strong>sicut</strong></span> <span class='ocrx_word' id='word_1_375' title='bbox 1659 3865 1753 3920; x_wconf 91' lang='lat' dir='ltr'><strong>tibi</strong></span> <span class='ocrx_word' id='word_1_376' title='bbox 1781 3882 1868 3923; x_wconf 91' lang='lat' dir='ltr'><strong>re-</strong></span> 
     </span>
    </p>
   </div>
   <div class='ocr_carea' id='block_1_56' title="bbox 262 3944 1866 4028">
    <p class='ocr_par' dir='ltr' id='par_1_56' title="bbox 262 3944 1866 4028">
     <span class='ocr_line' id='line_1_56' title="bbox 262 3944 1866 4028; baseline 0.009 -28"><span class='ocrx_word' id='word_1_377' title='bbox 262 3945 497 4001; x_wconf 83' lang='lat' dir='ltr'><strong>missam</strong></span> <span class='ocrx_word' id='word_1_378' title='bbox 531 3944 694 4000; x_wconf 91' lang='lat' dir='ltr'><strong>vitam</strong></span> <span class='ocrx_word' id='word_1_379' title='bbox 730 3947 1105 4017; x_wconf 82' lang='lat' dir='ltr'><strong>concedimus,</strong></span> <span class='ocrx_word' id='word_1_380' title='bbox 1138 3949 1211 4004; x_wconf 89' lang='lat' dir='ltr'><strong>ita</strong></span> <span class='ocrx_word' id='word_1_381' title='bbox 1242 3958 1296 4004; x_wconf 90' lang='lat' dir='ltr'><strong>te</strong></span> <span class='ocrx_word' id='word_1_382' title='bbox 1323 3950 1581 4010; x_wconf 87' lang='lat' dir='ltr'><strong>donativo</strong></span> <span class='ocrx_word' id='word_1_383' title='bbox 1611 3959 1866 4028; x_wconf 79' lang='lat' dir='ltr'><strong>praesenti</strong></span> 
     </span>
    </p>
   </div>
   <div class='ocr_carea' id='block_1_57' title="bbox 264 4035 1864 4116">
    <p class='ocr_par' dir='ltr' id='par_1_57' title="bbox 264 4035 1864 4116">
     <span class='ocr_line' id='line_1_57' title="bbox 264 4035 1864 4116; baseline 0.009 -26"><span class='ocrx_word' id='word_1_384' title='bbox 264 4035 600 4092; x_wconf 88' lang='lat' dir='ltr'><strong>auctoritate</strong></span> <span class='ocrx_word' id='word_1_385' title='bbox 621 4037 894 4107; x_wconf 88' lang='lat' dir='ltr'><strong>privamus</strong></span> <span class='ocrx_word' id='word_1_386' title='bbox 924 4055 936 4091; x_wconf 92' lang='lat'>:</span> <span class='ocrx_word' id='word_1_387' title='bbox 969 4039 1094 4108; x_wconf 91' lang='lat' dir='ltr'><strong>quia</strong></span> <span class='ocrx_word' id='word_1_388' title='bbox 1120 4055 1228 4096; x_wconf 91' lang='lat' dir='ltr'><strong>non</strong></span> <span class='ocrx_word' id='word_1_389' title='bbox 1260 4049 1343 4098; x_wconf 92' lang='lat' dir='ltr'><strong>est</strong></span> <span class='ocrx_word' id='word_1_390' title='bbox 1367 4059 1580 4116; x_wconf 68' lang='lat' dir='ltr'><strong>aequum</strong></span> <span class='ocrx_word' id='word_1_391' title='bbox 1613 4055 1668 4101; x_wconf 88' lang='lat' dir='ltr'><strong>ut</strong></span> <span class='ocrx_word' id='word_1_392' title='bbox 1688 4089 1703 4115; x_wconf 97' lang='lat'><strong>,</strong></span> <span class='ocrx_word' id='word_1_393' title='bbox 1740 4065 1864 4104; x_wconf 89' lang='lat' dir='ltr'><strong>cum</strong></span> 
     </span>
    </p>
   </div>
   <div class='ocr_carea' id='block_1_58' title="bbox 263 4125 1867 4200">
    <p class='ocr_par' dir='ltr' id='par_1_58' title="bbox 263 4125 1867 4200">
     <span class='ocr_line' id='line_1_58' title="bbox 263 4125 1867 4200; baseline 0.009 -20"><span class='ocrx_word' id='word_1_394' title='bbox 263 4125 334 4183; x_wconf 88' lang='lat' dir='ltr'><strong>de</strong></span> <span class='ocrx_word' id='word_1_395' title='bbox 371 4135 474 4184; x_wconf 92' lang='lat' dir='ltr'><strong>tuo</strong></span> <span class='ocrx_word' id='word_1_396' title='bbox 506 4127 852 4197; x_wconf 85' lang='lat' dir='ltr'><strong>cognoscaris</strong></span> <span class='ocrx_word' id='word_1_397' title='bbox 899 4129 1157 4200; x_wconf 90' lang='lat' dir='ltr'><strong>idoneus,</strong></span> <span class='ocrx_word' id='word_1_398' title='bbox 1188 4149 1306 4189; x_wconf 90' lang='lat' dir='ltr'><strong>rem</strong></span> <span class='ocrx_word' id='word_1_399' title='bbox 1336 4134 1694 4193; x_wconf 90' lang='lat' dir='ltr'><strong>laborantium</strong></span> <span class='ocrx_word' id='word_1_400' title='bbox 1723 4141 1867 4196; x_wconf 84' lang='lat' dir='ltr'><strong>acci-</strong></span> 
     </span>
    </p>
   </div>
   <div class='ocr_carea' id='block_1_59' title="bbox 263 4217 1864 4296">
    <p class='ocr_par' dir='ltr' id='par_1_59' title="bbox 263 4217 1864 4296">
     <span class='ocr_line' id='line_1_59' title="bbox 263 4217 1864 4296; baseline 0.009 -22"><span class='ocrx_word' id='word_1_401' title='bbox 263 4236 400 4291; x_wconf 88' lang='lat' dir='ltr'><strong>pere</strong></span> <span class='ocrx_word' id='word_1_402' title='bbox 427 4221 635 4276; x_wconf 89' lang='lat' dir='ltr'><strong>debeas</strong></span> <span class='ocrx_word' id='word_1_403' title='bbox 649 4217 871 4277; x_wconf 90' lang='lat' dir='ltr'><strong>otiosus.</strong></span> <span class='ocrx_word' id='word_1_404' title='bbox 888 4221 1092 4279; x_wconf 89' lang='lat' dir='ltr'><strong>Fruere</strong></span> <span class='ocrx_word' id='word_1_405' title='bbox 1122 4225 1285 4294; x_wconf 85' lang='lat' dir='ltr'><strong>igitur</strong></span> <span class='ocrx_word' id='word_1_406' title='bbox 1304 4241 1494 4284; x_wconf 90' lang='lat' dir='ltr'><strong>secura</strong></span> <span class='ocrx_word' id='word_1_407' title='bbox 1516 4230 1643 4296; x_wconf 90' lang='lat' dir='ltr'><strong>vita,</strong></span> <span class='ocrx_word' id='word_1_408' title='bbox 1670 4232 1864 4288; x_wconf 89' lang='lat' dir='ltr'><strong>adver-</strong></span> 
     </span>
    </p>
   </div>
   <div class='ocr_carea' id='block_1_60' title="bbox 262 4312 1866 4396">
    <p class='ocr_par' dir='ltr' id='par_1_60' title="bbox 262 4312 1866 4396">
     <span class='ocr_line' id='line_1_60' title="bbox 262 4312 1866 4396; baseline 0.008 -29"><span class='ocrx_word' id='word_1_409' title='bbox 262 4325 456 4368; x_wconf 76' lang='lat' dir='ltr'><strong>sorum</strong></span> <span class='ocrx_word' id='word_1_410' title='bbox 486 4312 689 4369; x_wconf 86' lang='lat' dir='ltr'><strong>insidiis</strong></span> <span class='ocrx_word' id='word_1_411' title='bbox 708 4323 895 4370; x_wconf 91' lang='lat' dir='ltr'><strong>nostro</strong></span> <span class='ocrx_word' id='word_1_412' title='bbox 917 4317 1213 4374; x_wconf 89' lang='lat' dir='ltr'><strong>munimine</strong></span> <span class='ocrx_word' id='word_1_413' title='bbox 1237 4319 1514 4378; x_wconf 85' lang='lat' dir='ltr'><strong>liberatus.</strong></span> <span class='ocrx_word' id='word_1_414' title='bbox 1540 4321 1649 4378; x_wconf 85' lang='lat' dir='ltr'><strong>Nec</strong></span> <span class='ocrx_word' id='word_1_415' title='bbox 1670 4323 1866 4396; x_wconf 90' lang='lat' dir='ltr'><strong>aliquis</strong></span> 
     </span>
    </p>
   </div>
   <div class='ocr_carea' id='block_1_61' title="bbox 263 4405 1864 4484">
    <p class='ocr_par' dir='ltr' id='par_1_61' title="bbox 263 4405 1864 4484">
     <span class='ocr_line' id='line_1_61' title="bbox 263 4405 1864 4484; baseline 0.009 -25"><span class='ocrx_word' id='word_1_416' title='bbox 263 4405 364 4459; x_wconf 89' lang='lat' dir='ltr'><strong>tibi</strong></span> <span class='ocrx_word' id='word_1_417' title='bbox 421 4405 712 4475; x_wconf 85' lang='lat' dir='ltr'><strong>imputabit</strong></span> <span class='ocrx_word' id='word_1_418' title='bbox 759 4405 1050 4463; x_wconf 89' lang='lat' dir='ltr'><strong>desertoris</strong></span> <span class='ocrx_word' id='word_1_419' title='bbox 1103 4411 1476 4481; x_wconf 89' lang='lat' dir='ltr'><strong>opprobrium,</strong></span> <span class='ocrx_word' id='word_1_420' title='bbox 1525 4416 1742 4484; x_wconf 86' lang='lat' dir='ltr'><strong>quando</strong></span> <span class='ocrx_word' id='word_1_421' title='bbox 1789 4419 1864 4474; x_wconf 91' lang='lat' dir='ltr'><strong>illi</strong></span> 
     </span>
    </p>
   </div>
   <div class='ocr_carea' id='block_1_62' title="bbox 266 4497 1865 4577">
    <p class='ocr_par' dir='ltr' id='par_1_62' title="bbox 266 4497 1865 4577">
     <span class='ocr_line' id='line_1_62' title="bbox 266 4497 1865 4577; baseline 0.01 -27"><span class='ocrx_word' id='word_1_422' title='bbox 266 4512 406 4566; x_wconf 87' lang='lat' dir='ltr'><strong>quos</strong></span> <span class='ocrx_word' id='word_1_423' title='bbox 455 4497 801 4566; x_wconf 89' lang='lat' dir='ltr'><strong>contigerita</strong></span> <span class='ocrx_word' id='word_1_424' title='bbox 848 4499 1035 4555; x_wconf 87' lang='lat' dir='ltr'><strong>militia</strong></span> <span class='ocrx_word' id='word_1_425' title='bbox 1068 4502 1239 4557; x_wconf 91' lang='lat' dir='ltr'><strong>morbi</strong></span> <span class='ocrx_word' id='word_1_426' title='bbox 1266 4519 1428 4560; x_wconf 88' lang='lat' dir='ltr'><strong>causa</strong></span> <span class='ocrx_word' id='word_1_427' title='bbox 1472 4507 1750 4577; x_wconf 89' lang='lat' dir='ltr'><strong>suspendi,</strong></span> <span class='ocrx_word' id='word_1_428' title='bbox 1797 4525 1865 4566; x_wconf 88' lang='lat' dir='ltr'><strong>ex</strong></span> 
     </span>
    </p>
   </div>
   <div class='ocr_carea' id='block_1_63' title="bbox 267 4589 1942 4676">
    <p class='ocr_par' dir='ltr' id='par_1_63' title="bbox 267 4589 1942 4676">
     <span class='ocr_line' id='line_1_63' title="bbox 267 4589 1942 4676; baseline 0.01 -33"><span class='ocrx_word' id='word_1_429' title='bbox 267 4589 550 4659; x_wconf 87' lang='lat' dir='ltr'><strong>prioribus</strong></span> <span class='ocrx_word' id='word_1_430' title='bbox 603 4589 758 4645; x_wconf 87' lang='lat' dir='ltr'><strong>factis</strong></span> <span class='ocrx_word' id='word_1_431' title='bbox 811 4590 1044 4646; x_wconf 88' lang='lat' dir='ltr'><strong>habendi</strong></span> <span class='ocrx_word' id='word_1_432' title='bbox 1091 4601 1217 4648; x_wconf 83' lang='lat' dir='ltr'><strong>sunt</strong></span> <span class='ocrx_word' id='word_1_433' title='bbox 1250 4594 1374 4664; x_wconf 88' lang='lat' dir='ltr'><strong>jure</strong></span> <span class='ocrx_word' id='word_1_434' title='bbox 1421 4598 1723 4655; x_wconf 90' lang='lat' dir='ltr'><strong>reverendi.</strong></span> <span class='ocrx_word' id='word_1_435' title='bbox 1755 4599 1942 4676; x_wconf 75' lang='lat' dir='ltr'><strong>Necj)</strong></span> 
     </span>
    </p>
   </div>
   <div class='ocr_carea' id='block_1_64' title="bbox 267 4679 1865 4764">
    <p class='ocr_par' dir='ltr' id='par_1_64' title="bbox 267 4679 1865 4764">
     <span class='ocr_line' id='line_1_64' title="bbox 267 4679 1865 4764; baseline 0.011 -30"><span class='ocrx_word' id='word_1_436' title='bbox 267 4681 411 4736; x_wconf 88' lang='lat' dir='ltr'><strong>enim</strong></span> <span class='ocrx_word' id='word_1_437' title='bbox 448 4679 639 4749; x_wconf 87' lang='lat' dir='ltr'><strong>dignus</strong></span> <span class='ocrx_word' id='word_1_438' title='bbox 669 4688 751 4735; x_wconf 90' lang='lat' dir='ltr'><strong>est</strong></span> <span class='ocrx_word' id='word_1_439' title='bbox 773 4696 802 4736; x_wconf 90' lang='lat' dir='ltr'><strong>a</strong></span> <span class='ocrx_word' id='word_1_440' title='bbox 832 4696 1105 4752; x_wconf 90' lang='lat' dir='ltr'><strong>quoquam</strong></span> <span class='ocrx_word' id='word_1_441' title='bbox 1134 4685 1411 4757; x_wconf 83' lang='lat' dir='ltr'><strong>redargui,</strong></span> <span class='ocrx_word' id='word_1_442' title='bbox 1445 4688 1538 4760; x_wconf 92' lang='lat' dir='ltr'><strong>qui</strong></span> <span class='ocrx_word' id='word_1_443' title='bbox 1567 4698 1754 4749; x_wconf 91' lang='lat' dir='ltr'><strong>nostro</strong></span> <span class='ocrx_word' id='word_1_444' title='bbox 1773 4693 1865 4764; x_wconf 88' lang='lat' dir='ltr'><strong>ju-</strong></span> 
     </span>
    </p>
   </div>
   <div class='ocr_carea' id='block_1_65' title="bbox 269 4773 996 4830">
    <p class='ocr_par' dir='ltr' id='par_1_65' title="bbox 269 4773 996 4830">
     <span class='ocr_line' id='line_1_65' title="bbox 269 4773 996 4830; baseline 0.007 -5"><span class='ocrx_word' id='word_1_445' title='bbox 269 4773 411 4829; x_wconf 92' lang='lat' dir='ltr'><strong>dicio</strong></span> <span class='ocrx_word' id='word_1_446' title='bbox 446 4782 689 4830; x_wconf 87' lang='lat' dir='ltr'><strong>meretur</strong></span> <span class='ocrx_word' id='word_1_447' title='bbox 717 4773 924 4830; x_wconf 90' lang='lat' dir='ltr'><strong>absolvi</strong></span> <span class='ocrx_word' id='word_1_448' title='bbox 947 4775 996 4830; x_wconf 73' lang='grc' dir='ltr'><strong>ι’.</strong></span> 
     </span>
    </p>
   </div>
   <div class='ocr_carea' id='block_1_66' title="bbox 737 4883 1371 4946">
    <p class='ocr_par' dir='ltr' id='par_1_66' title="bbox 737 4883 1371 4946">
     <span class='ocr_line' id='line_1_66' title="bbox 737 4883 1371 4946; baseline 0.011 -7"><span class='ocrx_word' id='word_1_449' title='bbox 737 4883 1072 4942; x_wconf 86' lang='lat' dir='ltr'><strong>EPISTOLA</strong></span> <span class='ocrx_word' id='word_1_450' title='bbox 1108 4888 1371 4946; x_wconf 70' lang='lat' dir='ltr'><strong>XXXVII.</strong></span> 
     </span>
    </p>
   </div>
   <div class='ocr_carea' id='block_1_67' title="bbox 430 4992 1692 5042">
    <p class='ocr_par' dir='ltr' id='par_1_67' title="bbox 430 4992 1692 5042">
     <span class='ocr_line' id='line_1_67' title="bbox 430 4992 1692 5042; baseline 0.008 -12"><span class='ocrx_word' id='word_1_451' title='bbox 430 4992 626 5033; x_wconf 62' lang='lat' dir='ltr'><strong>JIIDJ&#39;ZIS</strong></span> <span class='ocrx_word' id='word_1_452' title='bbox 653 4993 1135 5035; x_wconf 71' lang='lat' dir='ltr'><strong>MEDIOLANENSIBUS</strong></span> <span class='ocrx_word' id='word_1_453' title='bbox 1161 4997 1528 5041; x_wconf 76' lang='lat' dir='ltr'><strong>TBEODOBICUS</strong></span> <span class='ocrx_word' id='word_1_454' title='bbox 1566 5000 1692 5042; x_wconf 78' lang='lat' dir='ltr'><strong>REX.</strong></span> 
     </span>
    </p>
   </div>
   <div class='ocr_carea' id='block_1_68' title="bbox 273 5063 1862 5144">
    <p class='ocr_par' dir='ltr' id='par_1_68' title="bbox 273 5063 1862 5144">
     <span class='ocr_line' id='line_1_68' title="bbox 273 5063 1862 5144; baseline 0.008 -25"><span class='ocrx_word' id='word_1_455' title='bbox 273 5063 554 5123; x_wconf 79' lang='lat' dir='ltr'><strong>Conservat</strong></span> <span class='ocrx_word' id='word_1_456' title='bbox 585 5067 712 5144; x_wconf 71' lang='lat' dir='ltr'><strong>jura</strong></span> <span class='ocrx_word' id='word_1_457' title='bbox 734 5084 909 5144; x_wconf 65' lang='lat' dir='ltr'><strong>eorum</strong></span> <span class='ocrx_word' id='word_1_458' title='bbox 942 5067 1239 5144; x_wconf 62' lang='lat' dir='ltr'><strong>Syrtagogaa</strong></span> <span class='ocrx_word' id='word_1_459' title='bbox 1267 5073 1390 5126; x_wconf 82' lang='lat' dir='ltr'><strong>olim</strong></span> <span class='ocrx_word' id='word_1_460' title='bbox 1417 5090 1680 5144; x_wconf 75' lang='lat' dir='ltr'><strong>concessa,</strong></span> <span class='ocrx_word' id='word_1_461' title='bbox 1709 5075 1862 5132; x_wconf 85' lang='lat' dir='ltr'><strong>dum-</strong></span> 
     </span>
    </p>
   </div>
   <div class='ocr_carea' id='block_1_69' title="bbox 544 5136 1590 5208">
    <p class='ocr_par' dir='ltr' id='par_1_69' title="bbox 544 5136 1590 5208">
     <span class='ocr_line' id='line_1_69' title="bbox 544 5136 1590 5208; baseline 0.009 -18"><span class='ocrx_word' id='word_1_462' title='bbox 544 5136 695 5192; x_wconf 85' lang='lat' dir='ltr'><strong>modo</strong></span> <span class='ocrx_word' id='word_1_463' title='bbox 716 5137 919 5208; x_wconf 78' lang='lat' dir='ltr'><strong>juribus</strong></span> <span class='ocrx_word' id='word_1_464' title='bbox 940 5136 1190 5195; x_wconf 58' lang='lat' dir='ltr'><strong>Ecclesia:</strong></span> <span class='ocrx_word' id='word_1_465' title='bbox 1215 5158 1320 5197; x_wconf 86' lang='lat' dir='ltr'><strong>non</strong></span> <span class='ocrx_word' id='word_1_466' title='bbox 1350 5153 1590 5200; x_wconf 81' lang='lat' dir='ltr'><strong>noceant.</strong></span> 
     </span>
    </p>
   </div>
   <div class='ocr_carea' id='block_1_70' title="bbox 345 5224 1865 5307">
    <p class='ocr_par' dir='ltr' id='par_1_70' title="bbox 345 5224 1865 5307">
     <span class='ocr_line' id='line_1_70' title="bbox 345 5224 1865 5307; baseline 0.008 -27"><span class='ocrx_word' id='word_1_467' title='bbox 345 5224 602 5283; x_wconf 87' lang='lat' dir='ltr'><strong>Libenter</strong></span> <span class='ocrx_word' id='word_1_468' title='bbox 629 5227 917 5284; x_wconf 88' lang='lat' dir='ltr'><strong>annuimus</strong></span> <span class='ocrx_word' id='word_1_469' title='bbox 945 5244 1062 5299; x_wconf 68' lang='lat' dir='ltr'><strong>qua:</strong></span> <span class='ocrx_word' id='word_1_470' title='bbox 1101 5231 1216 5287; x_wconf 89' lang='lat' dir='ltr'><strong>sine</strong></span> <span class='ocrx_word' id='word_1_471' title='bbox 1245 5231 1422 5301; x_wconf 88' lang='lat' dir='ltr'><strong>legum</strong></span> <span class='ocrx_word' id='word_1_472' title='bbox 1455 5233 1649 5304; x_wconf 89' lang='lat' dir='ltr'><strong>injuria</strong></span> <span class='ocrx_word' id='word_1_473' title='bbox 1679 5243 1865 5307; x_wconf 92' lang='lat' dir='ltr'><strong>postu-</strong></span> 
     </span>
    </p>
   </div>
   <div class='ocr_carea' id='block_1_71' title="bbox 345 5379 1600 5453">
    <p class='ocr_par' dir='ltr' id='par_1_71' title="bbox 345 5379 1600 5453">
     <span class='ocr_line' id='line_1_71' title="bbox 345 5379 1600 5453; baseline 0.008 -21"><span class='ocrx_word' id='word_1_474' title='bbox 345 5389 372 5453; x_wconf 56' lang='grc' dir='ltr'><strong>ξ</strong></span> <span class='ocrx_word' id='word_1_475' title='bbox 398 5379 537 5453; x_wconf 64' lang='lat' dir='ltr'><strong>Yide</strong></span> <span class='ocrx_word' id='word_1_476' title='bbox 565 5379 946 5453; x_wconf 82' lang='lat' dir='ltr'><strong>Symmachum</strong></span> <span class='ocrx_word' id='word_1_477' title='bbox 968 5379 1060 5437; x_wconf 91' lang='lat' dir='ltr'><strong>lib.</strong></span> <span class='ocrx_word' id='word_1_478' title='bbox 1086 5399 1139 5446; x_wconf 71' lang='grc' dir='ltr'><strong>ι,</strong></span> <span class='ocrx_word' id='word_1_479' title='bbox 1171 5398 1259 5453; x_wconf 90' lang='lat' dir='ltr'><strong>ep.</strong></span> <span class='ocrx_word' id='word_1_480' title='bbox 1293 5383 1380 5440; x_wconf 86' lang='lat'><strong>50.</strong></span> <span class='ocrx_word' id='word_1_481' title='bbox 1406 5383 1600 5442; x_wconf 72' lang='lat' dir='ltr'><strong>Juns&#39;r.</strong></span> 
     </span>
    </p>
   </div>
   <div class='ocr_carea' id='block_1_72' title="bbox 346 5449 1868 5529">
    <p class='ocr_par' dir='ltr' id='par_1_72' title="bbox 346 5449 1868 5529">
     <span class='ocr_line' id='line_1_72' title="bbox 346 5449 1868 5529; baseline 0.008 -24"><span class='ocrx_word' id='word_1_482' title='bbox 346 5449 373 5488; x_wconf 71' lang='grc' dir='ltr'>δ</span> <span class='ocrx_word' id='word_1_483' title='bbox 394 5451 498 5529; x_wconf 69' lang='lat' dir='ltr'><strong>Eas</strong></span> <span class='ocrx_word' id='word_1_484' title='bbox 527 5449 936 5529; x_wconf 59' lang='lat' dir='ltr'><strong>est&#39;tnacqlosas</strong></span> <span class='ocrx_word' id='word_1_485' title='bbox 963 5459 1120 5529; x_wconf 68' lang='lat' dir='ltr'><strong>notas</strong></span> <span class='ocrx_word' id='word_1_486' title='bbox 1151 5449 1635 5529; x_wconf 45' lang='lat' dir='ltr'><strong>vitiattqprincipis</strong></span> <span class='ocrx_word' id='word_1_487' title='bbox 1656 5461 1868 5529; x_wconf 86' lang='lat' dir='ltr'><strong>opinio-</strong></span> 
     </span>
    </p>
   </div>
   <div class='ocr_carea' id='block_1_73' title="bbox 281 5519 1857 5590">
    <p class='ocr_par' dir='ltr' id='par_1_73' title="bbox 281 5519 1857 5590">
     <span class='ocr_line' id='line_1_73' title="bbox 281 5519 1857 5590; baseline 0.009 -18"><span class='ocrx_word' id='word_1_488' title='bbox 281 5520 360 5576; x_wconf 92' lang='lat' dir='ltr'><strong>nis</strong></span> <span class='ocrx_word' id='word_1_489' title='bbox 388 5523 716 5590; x_wconf 87' lang='lat' dir='ltr'><strong>abstergere.</strong></span> <span class='ocrx_word' id='word_1_490' title='bbox 768 5519 858 5577; x_wconf 92' lang='lat' dir='ltr'><strong>Sic</strong></span> <span class='ocrx_word' id='word_1_491' title='bbox 889 5522 922 5575; x_wconf 93' lang='lat' dir='ltr'><strong>l.</strong></span> <span class='ocrx_word' id='word_1_492' title='bbox 958 5520 1024 5585; x_wconf 74' lang='grc'><strong>4,</strong></span> <span class='ocrx_word' id='word_1_493' title='bbox 1057 5521 1120 5578; x_wconf 88' lang='lat' dir='ltr'><strong>C.</strong></span> <span class='ocrx_word' id='word_1_494' title='bbox 1149 5523 1220 5577; x_wconf 90' lang='lat' dir='ltr'><strong>ad</strong></span> <span class='ocrx_word' id='word_1_495' title='bbox 1247 5523 1303 5578; x_wconf 94' lang='lat' dir='ltr'><strong>S.</strong></span> <span class='ocrx_word' id='word_1_496' title='bbox 1336 5519 1397 5579; x_wconf 67' lang='grc' dir='ltr'><strong>(Ξῖ</strong></span> <span class='ocrx_word' id='word_1_497' title='bbox 1432 5519 1746 5584; x_wconf 69' lang='grc' dir='ltr'><strong>Τετιίιιιίειῖι.</strong></span> <span class='ocrx_word' id='word_1_498' title='bbox 1781 5531 1857 5586; x_wconf 89' lang='lat' dir='ltr'><strong>ait</strong></span> 
     </span>
    </p>
   </div>
   <div class='ocr_carea' id='block_1_74' title="bbox 283 5593 1856 5687">
    <p class='ocr_par' dir='ltr' id='par_1_74' title="bbox 283 5593 1856 5687">
     <span class='ocr_line' id='line_1_74' title="bbox 283 5593 1856 5687; baseline 0.01 -45"><span class='ocrx_word' id='word_1_499' title='bbox 283 5593 748 5687; x_wconf 44' lang='lat' dir='ltr'><strong>maeulasAre&#39;mitti</strong></span> <span class='ocrx_word' id='word_1_500' title='bbox 763 5593 1310 5687; x_wconf 61' lang='lat' dir='ltr'><strong>imperialibenelicio</strong></span> <span class='ocrx_word' id='word_1_501' title='bbox 1333 5634 1356 5687; x_wconf 42' lang='lat'><strong>,.</strong></span> <span class='ocrx_word' id='word_1_502' title='bbox 1379 5597 1486 5687; x_wconf 41' lang='lat' dir='ltr'><strong>sed,</strong></span> <span class='ocrx_word' id='word_1_503' title='bbox 1499 5603 1856 5687; x_wconf 47' lang='lat' dir='ltr'><strong>tamenlprin-</strong></span> 
     </span>
    </p>
   </div>
   <div class='ocr_carea' id='block_1_75' title="bbox 283 5662 1856 5735">
    <p class='ocr_par' dir='ltr' id='par_1_75' title="bbox 283 5662 1856 5735">
     <span class='ocr_line' id='line_1_75' title="bbox 283 5662 1856 5735; baseline 0.008 -21"><span class='ocrx_word' id='word_1_504' title='bbox 283 5662 408 5730; x_wconf 86' lang='lat' dir='ltr'><strong>cipis</strong></span> <span class='ocrx_word' id='word_1_505' title='bbox 457 5664 801 5735; x_wconf 16' lang='lat' dir='ltr'><strong>indulgentia,</strong></span> <span class='ocrx_word' id='word_1_506' title='bbox 839 5662 974 5735; x_wconf 85' lang='lat' dir='ltr'><strong>quos</strong></span> <span class='ocrx_word' id='word_1_507' title='bbox 1006 5665 1234 5735; x_wconf 87' lang='lat' dir='ltr'><strong>liberat,</strong></span> <span class='ocrx_word' id='word_1_508' title='bbox 1266 5673 1438 5735; x_wconf 87' lang='lat' dir='ltr'><strong>notat.</strong></span> <span class='ocrx_word' id='word_1_509' title='bbox 1473 5668 1508 5723; x_wconf 95' lang='lat' dir='ltr'><strong>l.</strong></span> <span class='ocrx_word' id='word_1_510' title='bbox 1565 5667 1625 5735; x_wconf 75' lang='lat'><strong>2,</strong></span> <span class='ocrx_word' id='word_1_511' title='bbox 1681 5662 1741 5725; x_wconf 73' lang='grc' dir='ltr'><strong>Ο.</strong></span> <span class='ocrx_word' id='word_1_512' title='bbox 1789 5671 1856 5729; x_wconf 89' lang='lat' dir='ltr'><strong>de</strong></span> 
     </span>
    </p>
   </div>
   <div class='ocr_carea' id='block_1_76' title="bbox 285 5733 1855 5801">
    <p class='ocr_par' dir='ltr' id='par_1_76' title="bbox 285 5733 1855 5801">
     <span class='ocr_line' id='line_1_76' title="bbox 285 5733 1855 5801; baseline 0.012 -21"><span class='ocrx_word' id='word_1_513' title='bbox 285 5744 457 5798; x_wconf 64' lang='lat' dir='ltr'><strong>gener.</strong></span> <span class='ocrx_word' id='word_1_514' title='bbox 503 5733 644 5788; x_wconf 86' lang='lat' dir='ltr'><strong>abol.</strong></span> <span class='ocrx_word' id='word_1_515' title='bbox 677 5751 690 5801; x_wconf 90' lang='lat'><strong>;</strong></span> <span class='ocrx_word' id='word_1_516' title='bbox 719 5734 805 5790; x_wconf 93' lang='lat' dir='ltr'><strong>cui</strong></span> <span class='ocrx_word' id='word_1_517' title='bbox 836 5733 973 5790; x_wconf 87' lang='lat' dir='ltr'><strong>addo</strong></span> <span class='ocrx_word' id='word_1_518' title='bbox 1023 5734 1199 5790; x_wconf 91' lang='lat' dir='ltr'><strong>locum</strong></span> <span class='ocrx_word' id='word_1_519' title='bbox 1257 5734 1502 5793; x_wconf 88' lang='lat' dir='ltr'><strong>Suetonii</strong></span> <span class='ocrx_word' id='word_1_520' title='bbox 1533 5739 1585 5795; x_wconf 93' lang='lat' dir='ltr'><strong>in</strong></span> <span class='ocrx_word' id='word_1_521' title='bbox 1613 5733 1855 5800; x_wconf 81' lang='lat' dir='ltr'><strong>Claudio</strong></span> 
     </span>
    </p>
   </div>
   <div class='ocr_carea' id='block_1_77' title="bbox 283 5801 722 5869">
    <p class='ocr_par' dir='ltr' id='par_1_77' title="bbox 283 5801 722 5869">
     <span class='ocr_line' id='line_1_77' title="bbox 283 5801 722 5869; baseline 0.009 -15"><span class='ocrx_word' id='word_1_522' title='bbox 283 5816 390 5869; x_wconf 71' lang='lat' dir='ltr'><strong>cap.</strong></span> <span class='ocrx_word' id='word_1_523' title='bbox 427 5803 511 5859; x_wconf 73' lang='lat' dir='ltr'><strong>i5.</strong></span> <span class='ocrx_word' id='word_1_524' title='bbox 534 5801 722 5860; x_wconf 77' lang='lat' dir='ltr'><strong>iluoss.</strong></span> 
     </span>
    </p>
   </div>
   <div class='ocr_carea' id='block_1_78' title="bbox 344 5871 1852 5956">
    <p class='ocr_par' dir='ltr' id='par_1_78' title="bbox 344 5871 1852 5956">
     <span class='ocr_line' id='line_1_78' title="bbox 344 5871 1852 5956; baseline 0.009 -30"><span class='ocrx_word' id='word_1_525' title='bbox 344 5881 365 5909; x_wconf 73' lang='grc' dir='ltr'><strong>ε</strong></span> <span class='ocrx_word' id='word_1_526' title='bbox 393 5871 460 5930; x_wconf 81' lang='grc' dir='ltr'><strong><em>ιιι</em></strong></span> <span class='ocrx_word' id='word_1_527' title='bbox 488 5874 694 5944; x_wconf 76' lang='lat' dir='ltr'><strong>legibus</strong></span> <span class='ocrx_word' id='word_1_528' title='bbox 721 5874 1146 5946; x_wconf 87' lang='lat' dir='ltr'><strong>Wisigothortun</strong></span> <span class='ocrx_word' id='word_1_529' title='bbox 1185 5877 1280 5934; x_wconf 87' lang='lat' dir='ltr'><strong>lib.</strong></span> <span class='ocrx_word' id='word_1_530' title='bbox 1331 5893 1366 5936; x_wconf 75' lang='grc' dir='ltr'><strong>ι</strong></span> <span class='ocrx_word' id='word_1_531' title='bbox 1393 5919 1408 5949; x_wconf 90' lang='grc'><strong><em>,</em></strong></span> <span class='ocrx_word' id='word_1_532' title='bbox 1443 5879 1526 5938; x_wconf 91' lang='lat' dir='ltr'><strong>tit.</strong></span> <span class='ocrx_word' id='word_1_533' title='bbox 1556 5879 1593 5936; x_wconf 74' lang='grc'><strong>2</strong></span> <span class='ocrx_word' id='word_1_534' title='bbox 1620 5923 1636 5952; x_wconf 84' lang='grc'>,</span> <span class='ocrx_word' id='word_1_535' title='bbox 1661 5898 1768 5942; x_wconf 72' lang='lat' dir='ltr'><strong>mra</strong></span> <span class='ocrx_word' id='word_1_536' title='bbox 1796 5881 1852 5956; x_wconf 75' lang='grc'><strong>4,</strong></span> 
     </span>
    </p>
   </div>
   <div class='ocr_carea' id='block_1_79' title="bbox 1959 1917 3553 1992">
    <p class='ocr_par' dir='ltr' id='par_1_79' title="bbox 1959 1917 3553 1992">
     <span class='ocr_line' id='line_1_79' title="bbox 1959 1917 3553 1992; baseline 0.004 -20"><span class='ocrx_word' id='word_1_537' title='bbox 1959 1917 2178 1986; x_wconf 87' lang='lat' dir='ltr'><strong>ligiosas</strong></span> <span class='ocrx_word' id='word_1_538' title='bbox 2197 1933 2460 1988; x_wconf 90' lang='lat' dir='ltr'><strong>personas</strong></span> <span class='ocrx_word' id='word_1_539' title='bbox 2495 1927 2721 1975; x_wconf 70' lang='lat' dir='ltr'><strong>czeteras</strong></span> <span class='ocrx_word' id='word_1_540' title='bbox 2755 1921 2963 1991; x_wconf 89' lang='lat' dir='ltr'><strong>legibus</strong></span> <span class='ocrx_word' id='word_1_541' title='bbox 2988 1922 3265 1992; x_wconf 89' lang='lat' dir='ltr'><strong>pertinere</strong></span> <span class='ocrx_word' id='word_1_542' title='bbox 3293 1923 3553 1978; x_wconf 86' lang='lat' dir='ltr'><strong>constite-</strong></span> 
     </span>
    </p>
   </div>
   <div class='ocr_carea' id='block_1_80' title="bbox 1957 2011 3549 2080">
    <p class='ocr_par' dir='ltr' id='par_1_80' title="bbox 1957 2011 3549 2080">
     <span class='ocr_line' id='line_1_80' title="bbox 1957 2011 3549 2080; baseline 0.001 -14"><span class='ocrx_word' id='word_1_543' title='bbox 1957 2012 2059 2080; x_wconf 90' lang='lat' dir='ltr'><strong>rit,</strong></span> <span class='ocrx_word' id='word_1_544' title='bbox 2085 2011 2370 2068; x_wconf 92' lang='lat' dir='ltr'><strong>inciviliter</strong></span> <span class='ocrx_word' id='word_1_545' title='bbox 2392 2019 2686 2069; x_wconf 88' lang='lat' dir='ltr'><strong>attrectare</strong></span> <span class='ocrx_word' id='word_1_546' title='bbox 2719 2014 2958 2070; x_wconf 89' lang='lat' dir='ltr'><strong>tentetis.</strong></span> <span class='ocrx_word' id='word_1_547' title='bbox 3003 2013 3341 2072; x_wconf 84' lang='lat' dir='ltr'><strong>Tricennalis</strong></span> <span class='ocrx_word' id='word_1_548' title='bbox 3369 2022 3549 2070; x_wconf 90' lang='lat' dir='ltr'><strong>autem</strong></span> 
     </span>
    </p>
   </div>
   <div class='ocr_carea' id='block_1_81' title="bbox 1959 2103 3552 2178">
    <p class='ocr_par' dir='ltr' id='par_1_81' title="bbox 1959 2103 3552 2178">
     <span class='ocr_line' id='line_1_81' title="bbox 1959 2103 3552 2178; baseline 0.001 -20"><span class='ocrx_word' id='word_1_549' title='bbox 1959 2103 2197 2159; x_wconf 89' lang='lat' dir='ltr'><strong>humano</strong></span> <span class='ocrx_word' id='word_1_550' title='bbox 2219 2104 2402 2173; x_wconf 90' lang='lat' dir='ltr'><strong>generi</strong></span> <span class='ocrx_word' id='word_1_551' title='bbox 2425 2113 2654 2175; x_wconf 89' lang='lat' dir='ltr'><strong>patrona</strong></span> <span class='ocrx_word' id='word_1_552' title='bbox 2673 2105 3004 2178; x_wconf 66' lang='lat' dir='ltr'><strong>pratscriptio</strong></span> <span class='ocrx_word' id='word_1_553' title='bbox 3031 2116 3080 2173; x_wconf 77' lang='grc' dir='ltr'><strong>ο,</strong></span> <span class='ocrx_word' id='word_1_554' title='bbox 3105 2121 3172 2161; x_wconf 91' lang='lat' dir='ltr'><strong>eo</strong></span> <span class='ocrx_word' id='word_1_555' title='bbox 3194 2121 3302 2175; x_wconf 90' lang='lat' dir='ltr'><strong>quo</strong></span> <span class='ocrx_word' id='word_1_556' title='bbox 3323 2107 3552 2173; x_wconf 86' lang='lat' dir='ltr'><strong>cunctis,</strong></span> 
     </span>
    </p>
   </div>
   <div class='ocr_carea' id='block_1_82' title="bbox 1957 2194 3548 2266">
    <p class='ocr_par' dir='ltr' id='par_1_82' title="bbox 1957 2194 3548 2266">
     <span class='ocr_line' id='line_1_82' title="bbox 1957 2194 3548 2266; baseline -0.001 -16"><span class='ocrx_word' id='word_1_557' title='bbox 1957 2194 2112 2250; x_wconf 89' lang='lat' dir='ltr'><strong>vobis</strong></span> <span class='ocrx_word' id='word_1_558' title='bbox 2160 2195 2285 2264; x_wconf 88' lang='lat' dir='ltr'><strong>jure</strong></span> <span class='ocrx_word' id='word_1_559' title='bbox 2357 2195 2705 2262; x_wconf 89' lang='lat' dir='ltr'><strong>servabitur;</strong></span> <span class='ocrx_word' id='word_1_560' title='bbox 2767 2212 2869 2253; x_wconf 91' lang='lat' dir='ltr'><strong>nec</strong></span> <span class='ocrx_word' id='word_1_561' title='bbox 2937 2197 3370 2254; x_wconf 89' lang='lat' dir='ltr'><strong>conventionalia</strong></span> <span class='ocrx_word' id='word_1_562' title='bbox 3429 2197 3548 2266; x_wconf 84' lang='lat' dir='ltr'><strong>(ed.</strong></span> 
     </span>
    </p>
   </div>
   <div class='ocr_carea' id='block_1_83' title="bbox 1960 2285 3551 2360">
    <p class='ocr_par' dir='ltr' id='par_1_83' title="bbox 1960 2285 3551 2360">
     <span class='ocr_line' id='line_1_83' title="bbox 1960 2285 3551 2360; baseline 0.001 -22"><span class='ocrx_word' id='word_1_563' title='bbox 1960 2285 2107 2352; x_wconf 70' lang='grc' dir='ltr'><strong>Λευ..</strong></span> <span class='ocrx_word' id='word_1_564' title='bbox 2153 2285 2534 2358; x_wconf 90' lang='lat' dir='ltr'><strong>eommodalia)</strong></span> <span class='ocrx_word' id='word_1_565' title='bbox 2575 2301 2672 2341; x_wconf 93' lang='lat' dir='ltr'><strong>vos</strong></span> <span class='ocrx_word' id='word_1_566' title='bbox 2728 2287 3170 2345; x_wconf 85' lang='lat' dir='ltr'><strong>irrationabiliter</strong></span> <span class='ocrx_word' id='word_1_567' title='bbox 3215 2287 3551 2360; x_wconf 73' lang='lat' dir='ltr'><strong>praecipimus</strong></span> 
     </span>
    </p>
   </div>
   <div class='ocr_carea' id='block_1_84' title="bbox 1960 2367 3554 2449">
    <p class='ocr_par' dir='ltr' id='par_1_84' title="bbox 1960 2367 3554 2449">
     <span class='ocr_line' id='line_1_84' title="bbox 1960 2367 3554 2449; baseline 0.003 -17"><span class='ocrx_word' id='word_1_568' title='bbox 1960 2367 2228 2432; x_wconf 84' lang='lat' dir='ltr'><strong>sustinere</strong></span> <span class='ocrx_word' id='word_1_569' title='bbox 2274 2377 2586 2449; x_wconf 90' lang='lat' dir='ltr'><strong>dispendia;</strong></span> <span class='ocrx_word' id='word_1_570' title='bbox 2632 2386 2693 2434; x_wconf 90' lang='lat' dir='ltr'><strong>ut</strong></span> <span class='ocrx_word' id='word_1_571' title='bbox 2736 2377 2838 2434; x_wconf 91' lang='lat' dir='ltr'><strong>hac</strong></span> <span class='ocrx_word' id='word_1_572' title='bbox 2876 2379 3095 2449; x_wconf 88' lang='lat' dir='ltr'><strong>pietatis</strong></span> <span class='ocrx_word' id='word_1_573' title='bbox 3142 2385 3336 2435; x_wconf 69' lang='lat' dir='ltr'><strong>nostra:</strong></span> <span class='ocrx_word' id='word_1_574' title='bbox 3365 2377 3554 2436; x_wconf 86' lang='lat' dir='ltr'><strong>defen-</strong></span> 
     </span>
    </p>
   </div>
   <div class='ocr_carea' id='block_1_85' title="bbox 1959 2467 3550 2540">
    <p class='ocr_par' dir='ltr' id='par_1_85' title="bbox 1959 2467 3550 2540">
     <span class='ocr_line' id='line_1_85' title="bbox 1959 2467 3550 2540; baseline -0.001 -16"><span class='ocrx_word' id='word_1_575' title='bbox 1959 2467 2114 2524; x_wconf 90' lang='lat' dir='ltr'><strong>sione</strong></span> <span class='ocrx_word' id='word_1_576' title='bbox 2141 2469 2358 2535; x_wconf 88' lang='lat' dir='ltr'><strong>muniti,</strong></span> <span class='ocrx_word' id='word_1_577' title='bbox 2388 2469 2577 2540; x_wconf 89' lang='lat' dir='ltr'><strong>petitio</strong></span> <span class='ocrx_word' id='word_1_578' title='bbox 2607 2478 2788 2526; x_wconf 80' lang='lat' dir='ltr'><strong>vestra</strong></span> <span class='ocrx_word' id='word_1_579' title='bbox 2836 2470 2904 2526; x_wconf 87' lang='lat' dir='ltr'><strong>ab</strong></span> <span class='ocrx_word' id='word_1_580' title='bbox 2936 2469 3137 2528; x_wconf 89' lang='lat' dir='ltr'><strong>illicitis</strong></span> <span class='ocrx_word' id='word_1_581' title='bbox 3182 2485 3242 2526; x_wconf 87' lang='lat' dir='ltr'><strong>se</strong></span> <span class='ocrx_word' id='word_1_582' title='bbox 3272 2469 3550 2525; x_wconf 88' lang='lat' dir='ltr'><strong>liberatam</strong></span> 
     </span>
    </p>
   </div>
   <div class='ocr_carea' id='block_1_86' title="bbox 1962 2560 3552 2641">
    <p class='ocr_par' dir='ltr' id='par_1_86' title="bbox 1962 2560 3552 2641">
     <span class='ocr_line' id='line_1_86' title="bbox 1962 2560 3552 2641; baseline 0.003 -27"><span class='ocrx_word' id='word_1_583' title='bbox 1962 2560 2260 2628; x_wconf 82' lang='lat' dir='ltr'><strong>gratuletur</strong></span> <span class='ocrx_word' id='word_1_584' title='bbox 2303 2561 2677 2622; x_wconf 89' lang='lat' dir='ltr'><strong>incommodis.</strong></span> <span class='ocrx_word' id='word_1_585' title='bbox 2726 2561 3088 2641; x_wconf 70' lang='lat' dir='ltr'><strong>Conceditnus</strong></span> <span class='ocrx_word' id='word_1_586' title='bbox 3137 2561 3375 2633; x_wconf 88' lang='lat' dir='ltr'><strong>quidem,</strong></span> <span class='ocrx_word' id='word_1_587' title='bbox 3445 2561 3552 2618; x_wconf 83' lang='lat' dir='ltr'><strong>cle-</strong></span> 
     </span>
    </p>
   </div>
   <div class='ocr_carea' id='block_1_87' title="bbox 1962 2656 3592 2732">
    <p class='ocr_par' dir='ltr' id='par_1_87' title="bbox 1962 2656 3592 2732">
     <span class='ocr_line' id='line_1_87' title="bbox 1962 2656 3592 2732; baseline 0.001 -22"><span class='ocrx_word' id='word_1_588' title='bbox 1962 2656 2176 2711; x_wconf 70' lang='lat' dir='ltr'><strong>mentite</strong></span> <span class='ocrx_word' id='word_1_589' title='bbox 2199 2663 2397 2710; x_wconf 73' lang='lat' dir='ltr'><strong>nostra:</strong></span> <span class='ocrx_word' id='word_1_590' title='bbox 2421 2658 2835 2728; x_wconf 90' lang='lat' dir='ltr'><strong>consuetudine,</strong></span> <span class='ocrx_word' id='word_1_591' title='bbox 2852 2675 2973 2732; x_wconf 78' lang='lat' dir='ltr'><strong>qua:</strong></span> <span class='ocrx_word' id='word_1_592' title='bbox 2994 2658 3247 2728; x_wconf 86' lang='lat' dir='ltr'><strong>rogastis.</strong></span> <span class='ocrx_word' id='word_1_593' title='bbox 3278 2657 3384 2712; x_wconf 91' lang='lat' dir='ltr'><strong>Sed</strong></span> <span class='ocrx_word' id='word_1_594' title='bbox 3405 2657 3552 2727; x_wconf 86' lang='lat' dir='ltr'><strong>quid,</strong></span> <span class='ocrx_word' id='word_1_595' title='bbox 3587 2694 3592 2696; x_wconf 91' lang='lat'><strong>-</strong></span> 
     </span>
    </p>
   </div>
   <div class='ocr_carea' id='block_1_88' title="bbox 1963 2746 3554 2821">
    <p class='ocr_par' dir='ltr' id='par_1_88' title="bbox 1963 2746 3554 2821">
     <span class='ocr_line' id='line_1_88' title="bbox 1963 2746 3554 2821; baseline 0.001 -19"><span class='ocrx_word' id='word_1_596' title='bbox 1963 2746 2162 2812; x_wconf 71' lang='lat' dir='ltr'><strong>Judzce,</strong></span> <span class='ocrx_word' id='word_1_597' title='bbox 2209 2748 2516 2818; x_wconf 90' lang='lat' dir='ltr'><strong>supplicans</strong></span> <span class='ocrx_word' id='word_1_598' title='bbox 2547 2751 2901 2820; x_wconf 87' lang='lat' dir='ltr'><strong>temporalem</strong></span> <span class='ocrx_word' id='word_1_599' title='bbox 2953 2751 3189 2821; x_wconf 85' lang='lat' dir='ltr'><strong>quietem</strong></span> <span class='ocrx_word' id='word_1_600' title='bbox 3240 2751 3456 2820; x_wconf 63' lang='lat' dir='ltr'><strong>quaeris,</strong></span> <span class='ocrx_word' id='word_1_601' title='bbox 3507 2750 3554 2806; x_wconf 85' lang='lat' dir='ltr'><strong>si</strong></span> 
     </span>
    </p>
   </div>
   <div class='ocr_carea' id='block_1_89' title="bbox 1965 2839 3143 2913">
    <p class='ocr_par' dir='ltr' id='par_1_89' title="bbox 1965 2839 3143 2913">
     <span class='ocr_line' id='line_1_89' title="bbox 1965 2839 3143 2913; baseline 0.004 -18"><span class='ocrx_word' id='word_1_602' title='bbox 1965 2848 2224 2896; x_wconf 69' lang='lat' dir='ltr'><strong>aeternam</strong></span> <span class='ocrx_word' id='word_1_603' title='bbox 2255 2839 2498 2911; x_wconf 86' lang='lat' dir='ltr'><strong>requiem</strong></span> <span class='ocrx_word' id='word_1_604' title='bbox 2529 2841 2770 2898; x_wconf 89' lang='lat' dir='ltr'><strong>invenire</strong></span> <span class='ocrx_word' id='word_1_605' title='bbox 2799 2859 2906 2898; x_wconf 90' lang='lat' dir='ltr'><strong>non</strong></span> <span class='ocrx_word' id='word_1_606' title='bbox 2933 2843 3143 2913; x_wconf 80' lang='lat' dir='ltr'><strong>possis?</strong></span> 
     </span>
    </p>
   </div>
   <div class='ocr_carea' id='block_1_90' title="bbox 2429 2951 3090 3010">
    <p class='ocr_par' dir='ltr' id='par_1_90' title="bbox 2429 2951 3090 3010">
     <span class='ocr_line' id='line_1_90' title="bbox 2429 2951 3090 3010; baseline -0.002 -1"><span class='ocrx_word' id='word_1_607' title='bbox 2429 2951 2768 3010; x_wconf 85' lang='lat' dir='ltr'><strong>EPISTOLA</strong></span> <span class='ocrx_word' id='word_1_608' title='bbox 2805 2953 3090 3009; x_wconf 78' lang='lat' dir='ltr'><strong>XXXVIII.</strong></span> 
     </span>
    </p>
   </div>
   <div class='ocr_carea' id='block_1_91' title="bbox 2133 3059 3387 3103">
    <p class='ocr_par' dir='ltr' id='par_1_91' title="bbox 2133 3059 3387 3103">
     <span class='ocr_line' id='line_1_91' title="bbox 2133 3059 3387 3103; baseline 0.002 -3"><span class='ocrx_word' id='word_1_609' title='bbox 2133 3059 2402 3103; x_wconf 74' lang='lat' dir='ltr'><strong>UNWERSIS</strong></span> <span class='ocrx_word' id='word_1_610' title='bbox 2439 3060 2842 3102; x_wconf 69' lang='lat' dir='ltr'><strong>POSSESSORIBUS</strong></span> <span class='ocrx_word' id='word_1_611' title='bbox 2869 3059 3234 3101; x_wconf 71' lang='grc' dir='ltr'><strong>τιιιςουοκιευε</strong></span> <span class='ocrx_word' id='word_1_612' title='bbox 3261 3059 3387 3102; x_wconf 68' lang='lat' dir='ltr'><strong>REI.</strong></span> 
     </span>
    </p>
   </div>
   <div class='ocr_carea' id='block_1_92' title="bbox 2004 3131 3521 3262">
    <p class='ocr_par' dir='ltr' id='par_1_92' title="bbox 2004 3131 3521 3262">
     <span class='ocr_line' id='line_1_92' title="bbox 2004 3131 3521 3208; baseline 0.002 -19"><span class='ocrx_word' id='word_1_613' title='bbox 2004 3131 2159 3190; x_wconf 77' lang='lat' dir='ltr'><strong>lubet</strong></span> <span class='ocrx_word' id='word_1_614' title='bbox 2181 3143 2238 3190; x_wconf 82' lang='lat' dir='ltr'><strong>ut</strong></span> <span class='ocrx_word' id='word_1_615' title='bbox 2265 3135 2476 3192; x_wconf 76' lang='lat' dir='ltr'><strong>arbores</strong></span> <span class='ocrx_word' id='word_1_616' title='bbox 2501 3136 2724 3208; x_wconf 80' lang='lat' dir='ltr'><strong>Signina</strong></span> <span class='ocrx_word' id='word_1_617' title='bbox 2751 3137 2892 3192; x_wconf 78' lang='lat' dir='ltr'><strong>alveo</strong></span> <span class='ocrx_word' id='word_1_618' title='bbox 2921 3140 3248 3192; x_wconf 73' lang='lat' dir='ltr'><strong>innascentea</strong></span> <span class='ocrx_word' id='word_1_619' title='bbox 3273 3135 3521 3192; x_wconf 66' lang='lat' dir='ltr'><strong>radicitus</strong></span> 
     </span>
     <span class='ocr_line' id='line_1_93' title="bbox 2595 3217 2944 3262; baseline 0 0"><span class='ocrx_word' id='word_1_620' title='bbox 2595 3217 2944 3262; x_wconf 75' lang='lat' dir='ltr'><strong>amputentur.</strong></span> 
     </span>
    </p>
   </div>
   <div class='ocr_carea' id='block_1_93' title="bbox 2595 3219 2944 3280">
    <p class='ocr_par' dir='ltr' id='par_1_93' title="bbox 2595 3219 2944 3280">
     <span class='ocr_line' id='line_1_94' title="bbox 2595 3219 2944 3280; baseline 0 -16"><span class='ocrx_word' id='word_1_621' title='bbox 2595 3219 2944 3280; x_wconf 80' lang='lat' dir='ltr'><strong>amputentur.</strong></span> 
     </span>
    </p>
   </div>
   <div class='ocr_carea' id='block_1_94' title="bbox 2044 3296 3557 3372">
    <p class='ocr_par' dir='ltr' id='par_1_94' title="bbox 2044 3296 3557 3372">
     <span class='ocr_line' id='line_1_95' title="bbox 2044 3296 3557 3372; baseline 0.004 -22"><span class='ocrx_word' id='word_1_622' title='bbox 2044 3296 2315 3354; x_wconf 82' lang='lat' dir='ltr'><strong>Admonet</strong></span> <span class='ocrx_word' id='word_1_623' title='bbox 2362 3314 2462 3356; x_wconf 86' lang='lat' dir='ltr'><strong>nos</strong></span> <span class='ocrx_word' id='word_1_624' title='bbox 2507 3299 2802 3356; x_wconf 83' lang='lat' dir='ltr'><strong>formarum</strong></span> <span class='ocrx_word' id='word_1_625' title='bbox 2853 3317 2984 3357; x_wconf 91' lang='lat' dir='ltr'><strong>cura</strong></span> <span class='ocrx_word' id='word_1_626' title='bbox 3031 3300 3320 3372; x_wconf 85' lang='lat' dir='ltr'><strong>praecipua,</strong></span> <span class='ocrx_word' id='word_1_627' title='bbox 3352 3309 3557 3369; x_wconf 84' lang='lat' dir='ltr'><strong>utqnte</strong></span> 
     </span>
    </p>
   </div>
   <div class='ocr_carea' id='block_1_95' title="bbox 1969 3391 3555 3464">
    <p class='ocr_par' dir='ltr' id='par_1_95' title="bbox 1969 3391 3555 3464">
     <span class='ocr_line' id='line_1_96' title="bbox 1969 3391 3555 3464; baseline 0.001 -18"><span class='ocrx_word' id='word_1_628' title='bbox 1969 3399 2197 3462; x_wconf 89' lang='lat' dir='ltr'><strong>possunt</strong></span> <span class='ocrx_word' id='word_1_629' title='bbox 2212 3391 2374 3448; x_wconf 86' lang='lat' dir='ltr'><strong>noxie</strong></span> <span class='ocrx_word' id='word_1_630' title='bbox 2397 3406 2666 3464; x_wconf 88' lang='lat' dir='ltr'><strong>crescere,</strong></span> <span class='ocrx_word' id='word_1_631' title='bbox 2688 3392 2983 3450; x_wconf 87' lang='lat' dir='ltr'><strong>debeamus</strong></span> <span class='ocrx_word' id='word_1_632' title='bbox 3007 3393 3238 3451; x_wconf 87' lang='lat' dir='ltr'><strong>celerius</strong></span> <span class='ocrx_word' id='word_1_633' title='bbox 3255 3399 3555 3461; x_wconf 85' lang='lat' dir='ltr'><strong>amputare;</strong></span> 
     </span>
    </p>
   </div>
   <div class='ocr_carea' id='block_1_96' title="bbox 1968 3482 3560 3558">
    <p class='ocr_par' dir='ltr' id='par_1_96' title="bbox 1968 3482 3560 3558">
     <span class='ocr_line' id='line_1_97' title="bbox 1968 3482 3560 3558; baseline 0.001 -22"><span class='ocrx_word' id='word_1_634' title='bbox 1968 3489 2235 3552; x_wconf 90' lang='lat' dir='ltr'><strong>quatenus</strong></span> <span class='ocrx_word' id='word_1_635' title='bbox 2265 3490 2321 3536; x_wconf 91' lang='lat' dir='ltr'><strong>et</strong></span> <span class='ocrx_word' id='word_1_636' title='bbox 2347 3482 2592 3540; x_wconf 76' lang='lat' dir='ltr'><strong>soliditas</strong></span> <span class='ocrx_word' id='word_1_637' title='bbox 2606 3483 2978 3558; x_wconf 68' lang='lat' dir='ltr'><strong>aqumductus,</strong></span> <span class='ocrx_word' id='word_1_638' title='bbox 3011 3484 3124 3540; x_wconf 84' lang='lat' dir='ltr'><strong>Deo</strong></span> <span class='ocrx_word' id='word_1_639' title='bbox 3146 3484 3465 3549; x_wconf 85' lang='lat' dir='ltr'><strong>auxiliante,</strong></span> <span class='ocrx_word' id='word_1_640' title='bbox 3488 3483 3560 3538; x_wconf 92' lang='lat' dir='ltr'><strong>in-</strong></span> 
     </span>
    </p>
   </div>
   <div class='ocr_carea' id='block_1_97' title="bbox 1967 3576 3556 3649">
    <p class='ocr_par' dir='ltr' id='par_1_97' title="bbox 1967 3576 3556 3649">
     <span class='ocr_line' id='line_1_98' title="bbox 1967 3576 3556 3649; baseline 0.004 -19"><span class='ocrx_word' id='word_1_641' title='bbox 1967 3583 2222 3646; x_wconf 90' lang='lat' dir='ltr'><strong>corrupta</strong></span> <span class='ocrx_word' id='word_1_642' title='bbox 2247 3584 2514 3643; x_wconf 90' lang='lat' dir='ltr'><strong>servetur,</strong></span> <span class='ocrx_word' id='word_1_643' title='bbox 2546 3583 2601 3631; x_wconf 90' lang='lat' dir='ltr'><strong>et</strong></span> <span class='ocrx_word' id='word_1_644' title='bbox 2629 3577 2782 3632; x_wconf 90' lang='lat' dir='ltr'><strong>vobis</strong></span> <span class='ocrx_word' id='word_1_645' title='bbox 2811 3577 2930 3634; x_wconf 90' lang='lat' dir='ltr'><strong>leve</strong></span> <span class='ocrx_word' id='word_1_646' title='bbox 2951 3577 3022 3632; x_wconf 88' lang='lat' dir='ltr'><strong>sit</strong></span> <span class='ocrx_word' id='word_1_647' title='bbox 3048 3593 3206 3649; x_wconf 85' lang='lat' dir='ltr'><strong>opus,</strong></span> <span class='ocrx_word' id='word_1_648' title='bbox 3229 3578 3375 3646; x_wconf 89' lang='lat' dir='ltr'><strong>quod</strong></span> <span class='ocrx_word' id='word_1_649' title='bbox 3396 3576 3450 3632; x_wconf 91' lang='lat' dir='ltr'><strong>in</strong></span> <span class='ocrx_word' id='word_1_650' title='bbox 3476 3584 3556 3636; x_wconf 81' lang='lat' dir='ltr'><strong>te-</strong></span> 
     </span>
    </p>
   </div>
   <div class='ocr_carea' id='block_1_98' title="bbox 1969 3665 3557 3738">
    <p class='ocr_par' dir='ltr' id='par_1_98' title="bbox 1969 3665 3557 3738">
     <span class='ocr_line' id='line_1_99' title="bbox 1969 3665 3557 3738; baseline 0.001 -18"><span class='ocrx_word' id='word_1_651' title='bbox 1969 3667 2114 3722; x_wconf 89' lang='lat' dir='ltr'><strong>neris</strong></span> <span class='ocrx_word' id='word_1_652' title='bbox 2155 3665 2437 3722; x_wconf 87' lang='lat' dir='ltr'><strong>arboribus</strong></span> <span class='ocrx_word' id='word_1_653' title='bbox 2480 3666 2785 3722; x_wconf 90' lang='lat' dir='ltr'><strong>adhibetur.</strong></span> <span class='ocrx_word' id='word_1_654' title='bbox 2818 3667 2952 3722; x_wconf 86' lang='lat' dir='ltr'><strong>Nam</strong></span> <span class='ocrx_word' id='word_1_655' title='bbox 2978 3683 3098 3738; x_wconf 77' lang='lat' dir='ltr'><strong>qua:</strong></span> <span class='ocrx_word' id='word_1_656' title='bbox 3135 3683 3278 3726; x_wconf 91' lang='lat' dir='ltr'><strong>nunc</strong></span> <span class='ocrx_word' id='word_1_657' title='bbox 3325 3667 3557 3736; x_wconf 87' lang='lat' dir='ltr'><strong>virgulta</strong></span> 
     </span>
    </p>
   </div>
   <div class='ocr_carea' id='block_1_99' title="bbox 1968 3757 3559 3828">
    <p class='ocr_par' dir='ltr' id='par_1_99' title="bbox 1968 3757 3559 3828">
     <span class='ocr_line' id='line_1_100' title="bbox 1968 3757 3559 3828; baseline 0.003 -18"><span class='ocrx_word' id='word_1_658' title='bbox 1968 3768 2111 3823; x_wconf 90' lang='lat' dir='ltr'><strong>sunt,</strong></span> <span class='ocrx_word' id='word_1_659' title='bbox 2141 3765 2318 3825; x_wconf 90' lang='lat' dir='ltr'><strong>erunt,</strong></span> <span class='ocrx_word' id='word_1_660' title='bbox 2350 3757 2395 3813; x_wconf 89' lang='lat' dir='ltr'><strong>si</strong></span> <span class='ocrx_word' id='word_1_661' title='bbox 2418 3757 2774 3828; x_wconf 81' lang='lat' dir='ltr'><strong>negligantur,</strong></span> <span class='ocrx_word' id='word_1_662' title='bbox 2806 3767 2861 3816; x_wconf 87' lang='lat' dir='ltr'><strong>et</strong></span> <span class='ocrx_word' id='word_1_663' title='bbox 2883 3759 3102 3816; x_wconf 85' lang='lat' dir='ltr'><strong>robora.</strong></span> <span class='ocrx_word' id='word_1_664' title='bbox 3135 3759 3241 3814; x_wconf 88' lang='lat' dir='ltr'><strong>Ista</strong></span> <span class='ocrx_word' id='word_1_665' title='bbox 3271 3759 3416 3814; x_wconf 86' lang='lat' dir='ltr'><strong>enim</strong></span> <span class='ocrx_word' id='word_1_666' title='bbox 3439 3773 3559 3826; x_wconf 70' lang='lat' dir='ltr'><strong>qua:</strong></span> 
     </span>
    </p>
   </div>
   <div class='ocr_carea' id='block_1_100' title="bbox 1968 3845 3559 3918">
    <p class='ocr_par' dir='ltr' id='par_1_100' title="bbox 1968 3845 3559 3918">
     <span class='ocr_line' id='line_1_101' title="bbox 1968 3845 3559 3918; baseline 0.003 -20"><span class='ocrx_word' id='word_1_667' title='bbox 1968 3845 2130 3900; x_wconf 92' lang='lat' dir='ltr'><strong>modo</strong></span> <span class='ocrx_word' id='word_1_668' title='bbox 2161 3845 2302 3902; x_wconf 89' lang='lat' dir='ltr'><strong>facili</strong></span> <span class='ocrx_word' id='word_1_669' title='bbox 2345 3847 2624 3902; x_wconf 88' lang='lat' dir='ltr'><strong>avulsione</strong></span> <span class='ocrx_word' id='word_1_670' title='bbox 2673 3847 2997 3903; x_wconf 88' lang='lat' dir='ltr'><strong>dirimuntur</strong></span> <span class='ocrx_word' id='word_1_671' title='bbox 3020 3888 3035 3914; x_wconf 94' lang='lat'><strong>,</strong></span> <span class='ocrx_word' id='word_1_672' title='bbox 3074 3855 3264 3918; x_wconf 84' lang='lat' dir='ltr'><strong>postea</strong></span> <span class='ocrx_word' id='word_1_673' title='bbox 3285 3847 3376 3901; x_wconf 79' lang='lat' dir='ltr'><strong>vix</strong></span> <span class='ocrx_word' id='word_1_674' title='bbox 3404 3862 3559 3902; x_wconf 88' lang='lat' dir='ltr'><strong>secu-</strong></span> 
     </span>
    </p>
   </div>
   <div class='ocr_carea' id='block_1_101' title="bbox 1968 3937 3560 4014">
    <p class='ocr_par' dir='ltr' id='par_1_101' title="bbox 1968 3937 3560 4014">
     <span class='ocr_line' id='line_1_102' title="bbox 1968 3937 3560 4014; baseline 0 -20"><span class='ocrx_word' id='word_1_675' title='bbox 1968 3939 2117 3994; x_wconf 90' lang='lat' dir='ltr'><strong>ribus</strong></span> <span class='ocrx_word' id='word_1_676' title='bbox 2145 3940 2250 3996; x_wconf 90' lang='lat' dir='ltr'><strong>icta</strong></span> <span class='ocrx_word' id='word_1_677' title='bbox 2290 3941 2661 3998; x_wconf 88' lang='lat' dir='ltr'><strong>succumbunt.</strong></span> <span class='ocrx_word' id='word_1_678' title='bbox 2707 3940 2884 4014; x_wconf 86' lang='lat' dir='ltr'><strong>Atque</strong></span> <span class='ocrx_word' id='word_1_679' title='bbox 2932 3940 3055 3996; x_wconf 89' lang='lat' dir='ltr'><strong>ideo</strong></span> <span class='ocrx_word' id='word_1_680' title='bbox 3103 3939 3306 3995; x_wconf 90' lang='lat' dir='ltr'><strong>sociata</strong></span> <span class='ocrx_word' id='word_1_681' title='bbox 3353 3937 3560 3994; x_wconf 89' lang='lat' dir='ltr'><strong>debetis</strong></span> 
     </span>
    </p>
   </div>
   <div class='ocr_carea' id='block_1_102' title="bbox 1969 4031 3558 4106">
    <p class='ocr_par' dir='ltr' id='par_1_102' title="bbox 1969 4031 3558 4106">
     <span class='ocr_line' id='line_1_103' title="bbox 1969 4031 3558 4106; baseline -0.002 -19"><span class='ocrx_word' id='word_1_682' title='bbox 1969 4034 2351 4106; x_wconf 88' lang='lat' dir='ltr'><strong>properatione</strong></span> <span class='ocrx_word' id='word_1_683' title='bbox 2371 4034 2720 4100; x_wconf 88' lang='lat' dir='ltr'><strong>contendere,</strong></span> <span class='ocrx_word' id='word_1_684' title='bbox 2743 4043 2802 4089; x_wconf 93' lang='lat' dir='ltr'><strong>ut</strong></span> <span class='ocrx_word' id='word_1_685' title='bbox 2822 4034 3072 4105; x_wconf 71' lang='lat' dir='ltr'><strong>pnesenti</strong></span> <span class='ocrx_word' id='word_1_686' title='bbox 3098 4031 3370 4102; x_wconf 87' lang='lat' dir='ltr'><strong>diligentia</strong></span> <span class='ocrx_word' id='word_1_687' title='bbox 3397 4031 3558 4086; x_wconf 88' lang='lat' dir='ltr'><strong>futuri</strong></span> 
     </span>
    </p>
   </div>
   <div class='ocr_carea' id='block_1_103' title="bbox 1969 4122 3559 4184">
    <p class='ocr_par' dir='ltr' id='par_1_103' title="bbox 1969 4122 3559 4184">
     <span class='ocr_line' id='line_1_104' title="bbox 1969 4122 3559 4184; baseline -0.002 -3"><span class='ocrx_word' id='word_1_688' title='bbox 1969 4123 2170 4182; x_wconf 89' lang='lat' dir='ltr'><strong>laboris</strong></span> <span class='ocrx_word' id='word_1_689' title='bbox 2215 4126 2461 4184; x_wconf 88' lang='lat' dir='ltr'><strong>evadatis</strong></span> <span class='ocrx_word' id='word_1_690' title='bbox 2511 4127 2871 4182; x_wconf 88' lang='lat' dir='ltr'><strong>incommoda.</strong></span> <span class='ocrx_word' id='word_1_691' title='bbox 2921 4124 3047 4180; x_wconf 73' lang='lat' dir='ltr'><strong>llaze</strong></span> <span class='ocrx_word' id='word_1_692' title='bbox 3087 4132 3173 4180; x_wconf 89' lang='lat' dir='ltr'><strong>est</strong></span> <span class='ocrx_word' id='word_1_693' title='bbox 3215 4123 3358 4179; x_wconf 90' lang='lat' dir='ltr'><strong>enim</strong></span> <span class='ocrx_word' id='word_1_694' title='bbox 3386 4122 3559 4178; x_wconf 88' lang='lat' dir='ltr'><strong>civilis</strong></span> 
     </span>
    </p>
   </div>
   <div class='ocr_carea' id='block_1_104' title="bbox 1970 4214 3558 4292">
    <p class='ocr_par' dir='ltr' id='par_1_104' title="bbox 1970 4214 3558 4292">
     <span class='ocr_line' id='line_1_105' title="bbox 1970 4214 3558 4292; baseline -0.002 -20"><span class='ocrx_word' id='word_1_695' title='bbox 1970 4217 2063 4292; x_wconf 78' lang='lat'><strong>[1).</strong></span> <span class='ocrx_word' id='word_1_696' title='bbox 2091 4217 2237 4274; x_wconf 79' lang='lat' dir='ltr'><strong>Grut.</strong></span> <span class='ocrx_word' id='word_1_697' title='bbox 2271 4227 2320 4272; x_wconf 87' lang='lat' dir='ltr'><strong>et</strong></span> <span class='ocrx_word' id='word_1_698' title='bbox 2344 4217 2460 4291; x_wconf 88' lang='lat' dir='ltr'><strong>Cuj.</strong></span> <span class='ocrx_word' id='word_1_699' title='bbox 2480 4260 2494 4284; x_wconf 92' lang='lat'><strong>,</strong></span> <span class='ocrx_word' id='word_1_700' title='bbox 2519 4218 2732 4282; x_wconf 89' lang='lat' dir='ltr'><strong>eurilis;</strong></span> <span class='ocrx_word' id='word_1_701' title='bbox 2757 4217 2950 4284; x_wconf 85' lang='lat' dir='ltr'><strong>Juret.,</strong></span> <span class='ocrx_word' id='word_1_702' title='bbox 2971 4218 3122 4287; x_wconf 73' lang='lat' dir='ltr'><strong>forte,</strong></span> <span class='ocrx_word' id='word_1_703' title='bbox 3149 4214 3380 4287; x_wconf 85' lang='lat' dir='ltr'><strong>subtilis]</strong></span> <span class='ocrx_word' id='word_1_704' title='bbox 3403 4229 3558 4270; x_wconf 89' lang='lat' dir='ltr'><strong>ever-</strong></span> 
     </span>
    </p>
   </div>
   <div class='ocr_carea' id='block_1_105' title="bbox 1969 4305 3556 4380">
    <p class='ocr_par' dir='ltr' id='par_1_105' title="bbox 1969 4305 3556 4380">
     <span class='ocr_line' id='line_1_106' title="bbox 1969 4305 3556 4380; baseline -0.004 -15"><span class='ocrx_word' id='word_1_705' title='bbox 1969 4311 2071 4376; x_wconf 90' lang='lat' dir='ltr'><strong>sio,</strong></span> <span class='ocrx_word' id='word_1_706' title='bbox 2095 4309 2211 4366; x_wconf 92' lang='lat' dir='ltr'><strong>sine</strong></span> <span class='ocrx_word' id='word_1_707' title='bbox 2240 4309 2641 4380; x_wconf 85' lang='lat' dir='ltr'><strong>oppugnatione</strong></span> <span class='ocrx_word' id='word_1_708' title='bbox 2672 4308 2947 4363; x_wconf 88' lang='lat' dir='ltr'><strong>dissidium</strong></span> <span class='ocrx_word' id='word_1_709' title='bbox 2970 4347 2985 4372; x_wconf 93' lang='lat'><strong>,</strong></span> <span class='ocrx_word' id='word_1_710' title='bbox 3027 4307 3187 4374; x_wconf 85' lang='lat' dir='ltr'><strong>aries,</strong></span> <span class='ocrx_word' id='word_1_711' title='bbox 3216 4314 3274 4360; x_wconf 94' lang='lat' dir='ltr'><strong>ut</strong></span> <span class='ocrx_word' id='word_1_712' title='bbox 3302 4307 3375 4362; x_wconf 90' lang='lat' dir='ltr'><strong>ita</strong></span> <span class='ocrx_word' id='word_1_713' title='bbox 3403 4305 3556 4360; x_wconf 81' lang='lat' dir='ltr'><strong>dixe-</strong></span> 
     </span>
    </p>
   </div>
   <div class='ocr_carea' id='block_1_106' title="bbox 1969 4399 3558 4472">
    <p class='ocr_par' dir='ltr' id='par_1_106' title="bbox 1969 4399 3558 4472">
     <span class='ocr_line' id='line_1_107' title="bbox 1969 4399 3558 4472; baseline -0.004 -14"><span class='ocrx_word' id='word_1_714' title='bbox 1969 4404 2092 4470; x_wconf 92' lang='lat' dir='ltr'><strong>rim,</strong></span> <span class='ocrx_word' id='word_1_715' title='bbox 2124 4403 2466 4459; x_wconf 87' lang='lat' dir='ltr'><strong>fabricarum.</strong></span> <span class='ocrx_word' id='word_1_716' title='bbox 2499 4401 2842 4472; x_wconf 88' lang='lat' dir='ltr'><strong>Quapropter</strong></span> <span class='ocrx_word' id='word_1_717' title='bbox 2863 4415 3078 4457; x_wconf 86' lang='lat' dir='ltr'><strong>onmem</strong></span> <span class='ocrx_word' id='word_1_718' title='bbox 3102 4399 3290 4455; x_wconf 88' lang='lat' dir='ltr'><strong>silvatn</strong></span> <span class='ocrx_word' id='word_1_719' title='bbox 3316 4413 3436 4469; x_wconf 82' lang='lat' dir='ltr'><strong>quae</strong></span> <span class='ocrx_word' id='word_1_720' title='bbox 3463 4414 3558 4470; x_wconf 90' lang='lat' dir='ltr'><strong>pa-</strong></span> 
     </span>
    </p>
   </div>
   <div class='ocr_carea' id='block_1_107' title="bbox 1971 4489 3558 4564">
    <p class='ocr_par' dir='ltr' id='par_1_107' title="bbox 1971 4489 3558 4564">
     <span class='ocr_line' id='line_1_108' title="bbox 1971 4489 3558 4564; baseline -0.002 -13"><span class='ocrx_word' id='word_1_721' title='bbox 1971 4496 2196 4552; x_wconf 91' lang='lat' dir='ltr'><strong>rietibus</strong></span> <span class='ocrx_word' id='word_1_722' title='bbox 2223 4495 2437 4550; x_wconf 89' lang='lat' dir='ltr'><strong>inimica</strong></span> <span class='ocrx_word' id='word_1_723' title='bbox 2481 4495 2796 4564; x_wconf 88' lang='lat' dir='ltr'><strong>consurgit,</strong></span> <span class='ocrx_word' id='word_1_724' title='bbox 2832 4495 2901 4550; x_wconf 91' lang='lat' dir='ltr'><strong>de</strong></span> <span class='ocrx_word' id='word_1_725' title='bbox 2929 4494 3247 4550; x_wconf 82' lang='lat' dir='ltr'><strong>Ravennate</strong></span> <span class='ocrx_word' id='word_1_726' title='bbox 3275 4491 3447 4547; x_wconf 88' lang='lat' dir='ltr'><strong>forma</strong></span> <span class='ocrx_word' id='word_1_727' title='bbox 3472 4489 3558 4561; x_wconf 88' lang='lat' dir='ltr'><strong>ju-</strong></span> 
     </span>
    </p>
   </div>
   <div class='ocr_carea' id='block_1_108' title="bbox 1967 4584 3556 4658">
    <p class='ocr_par' dir='ltr' id='par_1_108' title="bbox 1967 4584 3556 4658">
     <span class='ocr_line' id='line_1_109' title="bbox 1967 4584 3556 4658; baseline -0.003 -16"><span class='ocrx_word' id='word_1_728' title='bbox 1967 4585 2159 4644; x_wconf 89' lang='lat' dir='ltr'><strong>bemus</strong></span> <span class='ocrx_word' id='word_1_729' title='bbox 2187 4588 2443 4644; x_wconf 88' lang='lat' dir='ltr'><strong>radicitus</strong></span> <span class='ocrx_word' id='word_1_730' title='bbox 2485 4588 2784 4658; x_wconf 88' lang='lat' dir='ltr'><strong>amputari;</strong></span> <span class='ocrx_word' id='word_1_731' title='bbox 2809 4595 2869 4642; x_wconf 89' lang='lat' dir='ltr'><strong>ut</strong></span> <span class='ocrx_word' id='word_1_732' title='bbox 2906 4585 3111 4658; x_wconf 88' lang='lat' dir='ltr'><strong>Signini</strong></span> <span class='ocrx_word' id='word_1_733' title='bbox 3144 4584 3282 4640; x_wconf 89' lang='lat' dir='ltr'><strong>alvei</strong></span> <span class='ocrx_word' id='word_1_734' title='bbox 3309 4591 3556 4654; x_wconf 88' lang='lat' dir='ltr'><strong>reparata</strong></span> 
     </span>
    </p>
   </div>
   <div class='ocr_carea' id='block_1_109' title="bbox 1969 4677 3558 4750">
    <p class='ocr_par' dir='ltr' id='par_1_109' title="bbox 1969 4677 3558 4750">
     <span class='ocr_line' id='line_1_110' title="bbox 1969 4677 3558 4750; baseline -0.005 -12"><span class='ocrx_word' id='word_1_735' title='bbox 1969 4681 2304 4738; x_wconf 90' lang='lat' dir='ltr'><strong>constructio</strong></span> <span class='ocrx_word' id='word_1_736' title='bbox 2333 4681 2497 4737; x_wconf 88' lang='lat' dir='ltr'><strong>talem</strong></span> <span class='ocrx_word' id='word_1_737' title='bbox 2529 4681 2684 4736; x_wconf 91' lang='lat' dir='ltr'><strong>nobis</strong></span> <span class='ocrx_word' id='word_1_738' title='bbox 2713 4679 2944 4737; x_wconf 89' lang='lat' dir='ltr'><strong>deducat</strong></span> <span class='ocrx_word' id='word_1_739' title='bbox 2992 4680 3291 4750; x_wconf 89' lang='lat' dir='ltr'><strong>liquorem,</strong></span> <span class='ocrx_word' id='word_1_740' title='bbox 3343 4677 3558 4749; x_wconf 87' lang='lat' dir='ltr'><strong>qualem</strong></span> 
     </span>
    </p>
   </div>
   <div class='ocr_carea' id='block_1_110' title="bbox 1968 4771 3557 4854">
    <p class='ocr_par' dir='ltr' id='par_1_110' title="bbox 1968 4771 3557 4854">
     <span class='ocr_line' id='line_1_111' title="bbox 1968 4771 3557 4854; baseline -0.006 -20"><span class='ocrx_word' id='word_1_741' title='bbox 1968 4777 2146 4854; x_wconf 92' lang='lat' dir='ltr'><strong>potuit</strong></span> <span class='ocrx_word' id='word_1_742' title='bbox 2166 4793 2198 4833; x_wconf 92' lang='lat' dir='ltr'><strong>a</strong></span> <span class='ocrx_word' id='word_1_743' title='bbox 2227 4777 2464 4833; x_wconf 79' lang='lat' dir='ltr'><strong>fontibus</strong></span> <span class='ocrx_word' id='word_1_744' title='bbox 2491 4776 2769 4848; x_wconf 86' lang='lat' dir='ltr'><strong>suscipere</strong></span> <span class='ocrx_word' id='word_1_745' title='bbox 2797 4776 3106 4846; x_wconf 89' lang='lat' dir='ltr'><strong>puritatem.</strong></span> <span class='ocrx_word' id='word_1_746' title='bbox 3139 4771 3292 4828; x_wconf 90' lang='lat' dir='ltr'><strong>Tunc</strong></span> <span class='ocrx_word' id='word_1_747' title='bbox 3320 4771 3424 4828; x_wconf 89' lang='lat' dir='ltr'><strong>erit</strong></span> <span class='ocrx_word' id='word_1_748' title='bbox 3465 4785 3557 4824; x_wconf 81' lang='lat' dir='ltr'><strong>ex-</strong></span> 
     </span>
    </p>
   </div>
   <div class='ocr_carea' id='block_1_111' title="bbox 1967 4859 3558 4938">
    <p class='ocr_par' dir='ltr' id='par_1_111' title="bbox 1967 4859 3558 4938">
     <span class='ocr_line' id='line_1_112' title="bbox 1967 4859 3558 4938; baseline -0.004 -15"><span class='ocrx_word' id='word_1_749' title='bbox 1967 4867 2159 4923; x_wconf 90' lang='lat' dir='ltr'><strong>bibitio</strong></span> <span class='ocrx_word' id='word_1_750' title='bbox 2183 4865 2380 4924; x_wconf 90' lang='lat' dir='ltr'><strong>decora</strong></span> <span class='ocrx_word' id='word_1_751' title='bbox 2420 4868 2768 4933; x_wconf 89' lang='lat' dir='ltr'><strong>thermarum,</strong></span> <span class='ocrx_word' id='word_1_752' title='bbox 2793 4874 2922 4922; x_wconf 92' lang='lat' dir='ltr'><strong>tunc</strong></span> <span class='ocrx_word' id='word_1_753' title='bbox 2949 4865 3168 4938; x_wconf 77' lang='lat' dir='ltr'><strong>piscina:</strong></span> <span class='ocrx_word' id='word_1_754' title='bbox 3186 4862 3370 4918; x_wconf 87' lang='lat' dir='ltr'><strong>vitreis</strong></span> <span class='ocrx_word' id='word_1_755' title='bbox 3396 4859 3558 4916; x_wconf 82' lang='lat' dir='ltr'><strong>fonti-</strong></span> 
     </span>
    </p>
   </div>
   <div class='ocr_carea' id='block_1_112' title="bbox 1967 4955 3557 5034">
    <p class='ocr_par' dir='ltr' id='par_1_112' title="bbox 1967 4955 3557 5034">
     <span class='ocr_line' id='line_1_113' title="bbox 1967 4955 3557 5034; baseline -0.006 -16"><span class='ocrx_word' id='word_1_756' title='bbox 1967 4960 2065 5018; x_wconf 92' lang='lat' dir='ltr'><strong>bus</strong></span> <span class='ocrx_word' id='word_1_757' title='bbox 2091 4960 2460 5029; x_wconf 87' lang='lat' dir='ltr'><strong>Iluctuabunt;</strong></span> <span class='ocrx_word' id='word_1_758' title='bbox 2509 4971 2638 5018; x_wconf 91' lang='lat' dir='ltr'><strong>tunc</strong></span> <span class='ocrx_word' id='word_1_759' title='bbox 2664 4962 2768 5020; x_wconf 91' lang='lat' dir='ltr'><strong>erit</strong></span> <span class='ocrx_word' id='word_1_760' title='bbox 2791 4977 2910 5034; x_wconf 76' lang='lat' dir='ltr'><strong>quae</strong></span> <span class='ocrx_word' id='word_1_761' title='bbox 2931 4961 3102 5018; x_wconf 91' lang='lat' dir='ltr'><strong>diluat</strong></span> <span class='ocrx_word' id='word_1_762' title='bbox 3130 4974 3270 5030; x_wconf 90' lang='lat' dir='ltr'><strong>aqua</strong></span> <span class='ocrx_word' id='word_1_763' title='bbox 3296 4998 3310 5024; x_wconf 93' lang='lat'><strong>,</strong></span> <span class='ocrx_word' id='word_1_764' title='bbox 3342 4971 3448 5010; x_wconf 91' lang='lat' dir='ltr'><strong>non</strong></span> <span class='ocrx_word' id='word_1_765' title='bbox 3477 4955 3557 5010; x_wconf 84' lang='lat' dir='ltr'><strong>in—</strong></span> 
     </span>
    </p>
   </div>
   <div class='ocr_carea' id='block_1_113' title="bbox 1967 5055 3550 5128">
    <p class='ocr_par' dir='ltr' id='par_1_113' title="bbox 1967 5055 3550 5128">
     <span class='ocr_line' id='line_1_114' title="bbox 1967 5055 3550 5128; baseline -0.004 -16"><span class='ocrx_word' id='word_1_766' title='bbox 1967 5058 2184 5128; x_wconf 89' lang='lat' dir='ltr'><strong>quinet;</strong></span> <span class='ocrx_word' id='word_1_767' title='bbox 2218 5066 2341 5128; x_wconf 91' lang='lat' dir='ltr'><strong>post</strong></span> <span class='ocrx_word' id='word_1_768' title='bbox 2379 5073 2538 5128; x_wconf 91' lang='lat' dir='ltr'><strong>quam</strong></span> <span class='ocrx_word' id='word_1_769' title='bbox 2581 5059 2750 5114; x_wconf 90' lang='lat' dir='ltr'><strong>lavari</strong></span> <span class='ocrx_word' id='word_1_770' title='bbox 2785 5058 3044 5116; x_wconf 92' lang='lat' dir='ltr'><strong>continuo</strong></span> <span class='ocrx_word' id='word_1_771' title='bbox 3078 5071 3188 5113; x_wconf 92' lang='lat' dir='ltr'><strong>non</strong></span> <span class='ocrx_word' id='word_1_772' title='bbox 3209 5055 3278 5112; x_wconf 90' lang='lat' dir='ltr'><strong>sit</strong></span> <span class='ocrx_word' id='word_1_773' title='bbox 3307 5066 3550 5110; x_wconf 87' lang='lat' dir='ltr'><strong>necesse.</strong></span> 
     </span>
    </p>
   </div>
   <div class='ocr_carea' id='block_1_114' title="bbox 1967 5143 3555 5222">
    <p class='ocr_par' dir='ltr' id='par_1_114' title="bbox 1967 5143 3555 5222">
     <span class='ocr_line' id='line_1_115' title="bbox 1967 5143 3555 5222; baseline -0.005 -18"><span class='ocrx_word' id='word_1_774' title='bbox 1967 5147 2196 5204; x_wconf 86' lang='lat' dir='ltr'><strong>Additur</strong></span> <span class='ocrx_word' id='word_1_775' title='bbox 2224 5149 2387 5204; x_wconf 89' lang='lat' dir='ltr'><strong>etiam</strong></span> <span class='ocrx_word' id='word_1_776' title='bbox 2417 5149 2561 5220; x_wconf 91' lang='lat' dir='ltr'><strong>quod</strong></span> <span class='ocrx_word' id='word_1_777' title='bbox 2603 5151 2648 5205; x_wconf 92' lang='lat' dir='ltr'><strong>si</strong></span> <span class='ocrx_word' id='word_1_778' title='bbox 2673 5149 2742 5204; x_wconf 91' lang='lat' dir='ltr'><strong>ad</strong></span> <span class='ocrx_word' id='word_1_779' title='bbox 2783 5149 3078 5222; x_wconf 87' lang='lat' dir='ltr'><strong>potandum</strong></span> <span class='ocrx_word' id='word_1_780' title='bbox 3102 5145 3244 5202; x_wconf 87' lang='lat' dir='ltr'><strong>unda</strong></span> <span class='ocrx_word' id='word_1_781' title='bbox 3271 5143 3450 5200; x_wconf 90' lang='lat' dir='ltr'><strong>suavis</strong></span> <span class='ocrx_word' id='word_1_782' title='bbox 3473 5143 3555 5197; x_wconf 88' lang='lat' dir='ltr'><strong>in-</strong></span> 
     </span>
    </p>
   </div>
   <div class='ocr_carea' id='block_1_115' title="bbox 1966 5239 3551 5309">
    <p class='ocr_par' dir='ltr' id='par_1_115' title="bbox 1966 5239 3551 5309">
     <span class='ocr_line' id='line_1_116' title="bbox 1966 5239 3551 5309; baseline -0.002 -14"><span class='ocrx_word' id='word_1_783' title='bbox 1966 5239 2199 5309; x_wconf 80' lang='lat' dir='ltr'><strong>ﬂuxerit,</strong></span> <span class='ocrx_word' id='word_1_784' title='bbox 2248 5242 2428 5298; x_wconf 90' lang='lat' dir='ltr'><strong>omnia</strong></span> <span class='ocrx_word' id='word_1_785' title='bbox 2480 5251 2670 5300; x_wconf 88' lang='lat' dir='ltr'><strong>nostro</strong></span> <span class='ocrx_word' id='word_1_786' title='bbox 2708 5243 2876 5301; x_wconf 85' lang='lat' dir='ltr'><strong>victui</strong></span> <span class='ocrx_word' id='word_1_787' title='bbox 2921 5241 3218 5300; x_wconf 87' lang='lat' dir='ltr'><strong>redduntur</strong></span> <span class='ocrx_word' id='word_1_788' title='bbox 3267 5246 3488 5309; x_wconf 89' lang='lat' dir='ltr'><strong>accepta</strong></span> <span class='ocrx_word' id='word_1_789' title='bbox 3536 5254 3551 5293; x_wconf 90' lang='lat'><strong>:</strong></span> 
     </span>
    </p>
   </div>
   <div class='ocr_carea' id='block_1_116' title="bbox 1969 5391 3554 5474">
    <p class='ocr_par' dir='ltr' id='par_1_116' title="bbox 1969 5391 3554 5474">
     <span class='ocr_line' id='line_1_117' title="bbox 1969 5391 3554 5474; baseline -0.001 -26"><span class='ocrx_word' id='word_1_790' title='bbox 1969 5391 2223 5474; x_wconf 78' lang='lat' dir='ltr'><strong>scribitur</strong></span> <span class='ocrx_word' id='word_1_791' title='bbox 2247 5393 2596 5474; x_wconf 72' lang='lat' dir='ltr'><strong>tricennalem</strong></span> <span class='ocrx_word' id='word_1_792' title='bbox 2640 5394 3100 5474; x_wconf 63' lang='lat' dir='ltr'><strong>prgescriptionem</strong></span> <span class='ocrx_word' id='word_1_793' title='bbox 3131 5394 3207 5449; x_wconf 91' lang='lat' dir='ltr'><strong>sic</strong></span> <span class='ocrx_word' id='word_1_794' title='bbox 3239 5400 3554 5474; x_wconf 81' lang='lat' dir='ltr'><strong>constanter</strong></span> 
     </span>
    </p>
   </div>
   <div class='ocr_carea' id='block_1_117' title="bbox 1971 5465 3554 5538">
    <p class='ocr_par' dir='ltr' id='par_1_117' title="bbox 1971 5465 3554 5538">
     <span class='ocr_line' id='line_1_118' title="bbox 1971 5465 3554 5538; baseline -0.001 -18"><span class='ocrx_word' id='word_1_795' title='bbox 1971 5465 2261 5538; x_wconf 85' lang='lat' dir='ltr'><strong>inolevisse</strong></span> <span class='ocrx_word' id='word_1_796' title='bbox 2284 5467 2337 5520; x_wconf 90' lang='lat' dir='ltr'><strong>in</strong></span> <span class='ocrx_word' id='word_1_797' title='bbox 2364 5469 2594 5538; x_wconf 87' lang='lat' dir='ltr'><strong>negotiis</strong></span> <span class='ocrx_word' id='word_1_798' title='bbox 2614 5465 2906 5532; x_wconf 78' lang='lat' dir='ltr'><strong>actionum,</strong></span> <span class='ocrx_word' id='word_1_799' title='bbox 2940 5473 2999 5520; x_wconf 91' lang='lat' dir='ltr'><strong>ut</strong></span> <span class='ocrx_word' id='word_1_800' title='bbox 3024 5466 3132 5535; x_wconf 85' lang='lat' dir='ltr'><strong>jam</strong></span> <span class='ocrx_word' id='word_1_801' title='bbox 3167 5481 3272 5519; x_wconf 89' lang='lat' dir='ltr'><strong>non</strong></span> <span class='ocrx_word' id='word_1_802' title='bbox 3303 5465 3452 5533; x_wconf 81' lang='lat' dir='ltr'><strong>quasi</strong></span> <span class='ocrx_word' id='word_1_803' title='bbox 3486 5479 3554 5518; x_wconf 80' lang='lat' dir='ltr'><strong>ex</strong></span> 
     </span>
    </p>
   </div>
   <div class='ocr_carea' id='block_1_118' title="bbox 1967 5537 3550 5606">
    <p class='ocr_par' dir='ltr' id='par_1_118' title="bbox 1967 5537 3550 5606">
     <span class='ocr_line' id='line_1_119' title="bbox 1967 5537 3550 5606; baseline -0.004 -16"><span class='ocrx_word' id='word_1_804' title='bbox 1967 5537 2320 5591; x_wconf 89' lang='lat' dir='ltr'><strong>instructione</strong></span> <span class='ocrx_word' id='word_1_805' title='bbox 2365 5537 2599 5592; x_wconf 89' lang='lat' dir='ltr'><strong>humana</strong></span> <span class='ocrx_word' id='word_1_806' title='bbox 2621 5577 2636 5604; x_wconf 93' lang='lat'><strong>,</strong></span> <span class='ocrx_word' id='word_1_807' title='bbox 2666 5539 2757 5593; x_wconf 91' lang='lat' dir='ltr'><strong>sed</strong></span> <span class='ocrx_word' id='word_1_808' title='bbox 2787 5537 2953 5591; x_wconf 90' lang='lat' dir='ltr'><strong>veluti</strong></span> <span class='ocrx_word' id='word_1_809' title='bbox 2979 5553 3046 5592; x_wconf 80' lang='lat' dir='ltr'><strong>ex</strong></span> <span class='ocrx_word' id='word_1_810' title='bbox 3071 5538 3184 5606; x_wconf 89' lang='lat' dir='ltr'><strong>ipsa</strong></span> <span class='ocrx_word' id='word_1_811' title='bbox 3211 5551 3391 5606; x_wconf 74' lang='lat' dir='ltr'><strong>rerum</strong></span> <span class='ocrx_word' id='word_1_812' title='bbox 3423 5550 3550 5606; x_wconf 71' lang='lat' dir='ltr'><strong>pro-</strong></span> 
     </span>
    </p>
   </div>
   <div class='ocr_carea' id='block_1_119' title="bbox 1965 5603 3552 5679">
    <p class='ocr_par' dir='ltr' id='par_1_119' title="bbox 1965 5603 3552 5679">
     <span class='ocr_line' id='line_1_120' title="bbox 1965 5603 3552 5679; baseline -0.001 -16"><span class='ocrx_word' id='word_1_813' title='bbox 1965 5607 2192 5679; x_wconf 87' lang='lat' dir='ltr'><strong>cessisse</strong></span> <span class='ocrx_word' id='word_1_814' title='bbox 2219 5615 2410 5663; x_wconf 87' lang='lat' dir='ltr'><strong>natura</strong></span> <span class='ocrx_word' id='word_1_815' title='bbox 2442 5603 2702 5664; x_wconf 86' lang='lat' dir='ltr'><strong>videatur.</strong></span> <span class='ocrx_word' id='word_1_816' title='bbox 2730 5609 2799 5662; x_wconf 84' lang='lat' dir='ltr'><strong>Et</strong></span> <span class='ocrx_word' id='word_1_817' title='bbox 2828 5608 2988 5678; x_wconf 90' lang='lat' dir='ltr'><strong>paulo</strong></span> <span class='ocrx_word' id='word_1_818' title='bbox 3017 5603 3140 5679; x_wconf 77' lang='lat' dir='ltr'><strong>post</strong></span> <span class='ocrx_word' id='word_1_819' title='bbox 3183 5603 3401 5661; x_wconf 86' lang='lat' dir='ltr'><strong>additur</strong></span> <span class='ocrx_word' id='word_1_820' title='bbox 3426 5603 3442 5658; x_wconf 66' lang='grc' dir='ltr'>ξ</span> <span class='ocrx_word' id='word_1_821' title='bbox 3475 5605 3552 5662; x_wconf 89' lang='lat' dir='ltr'><strong>Ne</strong></span> 
     </span>
    </p>
   </div>
   <div class='ocr_carea' id='block_1_120' title="bbox 1965 5678 3552 5750">
    <p class='ocr_par' dir='ltr' id='par_1_120' title="bbox 1965 5678 3552 5750">
     <span class='ocr_line' id='line_1_121' title="bbox 1965 5678 3552 5750; baseline -0.002 -18"><span class='ocrx_word' id='word_1_822' title='bbox 1965 5685 2153 5750; x_wconf 86' lang='lat' dir='ltr'><strong>contra</strong></span> <span class='ocrx_word' id='word_1_823' title='bbox 2183 5678 2324 5733; x_wconf 86' lang='lat' dir='ltr'><strong>hunc</strong></span> <span class='ocrx_word' id='word_1_824' title='bbox 2355 5691 2637 5734; x_wconf 90' lang='lat' dir='ltr'><strong>numerum</strong></span> <span class='ocrx_word' id='word_1_825' title='bbox 2666 5679 2720 5734; x_wconf 91' lang='lat' dir='ltr'><strong>in</strong></span> <span class='ocrx_word' id='word_1_826' title='bbox 2758 5694 2867 5748; x_wconf 92' lang='lat' dir='ltr'><strong>quo</strong></span> <span class='ocrx_word' id='word_1_827' title='bbox 2893 5678 3093 5734; x_wconf 84' lang='lat' dir='ltr'><strong>veritas</strong></span> <span class='ocrx_word' id='word_1_828' title='bbox 3126 5679 3378 5750; x_wconf 81' lang='lat' dir='ltr'><strong>perfectae</strong></span> <span class='ocrx_word' id='word_1_829' title='bbox 3401 5691 3552 5732; x_wconf 91' lang='lat' dir='ltr'><strong>com-</strong></span> 
     </span>
    </p>
   </div>
   <div class='ocr_carea' id='block_1_121' title="bbox 1965 5748 3550 5818">
    <p class='ocr_par' dir='ltr' id='par_1_121' title="bbox 1965 5748 3550 5818">
     <span class='ocr_line' id='line_1_122' title="bbox 1965 5748 3550 5818; baseline 0.001 -17"><span class='ocrx_word' id='word_1_830' title='bbox 1965 5748 2143 5818; x_wconf 88' lang='lat' dir='ltr'><strong>pletur</strong></span> <span class='ocrx_word' id='word_1_831' title='bbox 2170 5749 2344 5802; x_wconf 61' lang='lat' dir='ltr'><strong>(etatis</strong></span> <span class='ocrx_word' id='word_1_832' title='bbox 2367 5791 2382 5813; x_wconf 93' lang='lat'><strong>,</strong></span> <span class='ocrx_word' id='word_1_833' title='bbox 2414 5757 2645 5804; x_wconf 90' lang='lat' dir='ltr'><strong>attentet</strong></span> <span class='ocrx_word' id='word_1_834' title='bbox 2672 5751 3001 5805; x_wconf 87' lang='lat' dir='ltr'><strong>commoveri</strong></span> <span class='ocrx_word' id='word_1_835' title='bbox 3046 5748 3150 5805; x_wconf 72' lang='lat' dir='ltr'><strong>voit</strong></span> <span class='ocrx_word' id='word_1_836' title='bbox 3179 5750 3550 5817; x_wconf 83' lang='lat' dir='ltr'><strong>cujuscunan</strong></span> 
     </span>
    </p>
   </div>
   <div class='ocr_carea' id='block_1_122' title="bbox 2001 5817 3548 5944">
    <p class='ocr_par' dir='ltr' id='par_1_122' title="bbox 2001 5817 3548 5944">
     <span class='ocr_line' id='line_1_123' title="bbox 2001 5817 3548 5944; baseline 0 -72"><span class='ocrx_word' id='word_1_837' title='bbox 2001 5819 2258 5944; x_wconf 60' lang='lat' dir='ltr'><strong>gtitlionis.</strong></span> <span class='ocrx_word' id='word_1_838' title='bbox 2291 5818 2424 5874; x_wconf 84' lang='lat' dir='ltr'><strong>Vide</strong></span> <span class='ocrx_word' id='word_1_839' title='bbox 2450 5833 2611 5890; x_wconf 86' lang='lat' dir='ltr'><strong>supra</strong></span> <span class='ocrx_word' id='word_1_840' title='bbox 2644 5820 2734 5877; x_wconf 89' lang='lat' dir='ltr'><strong>lib.</strong></span> <span class='ocrx_word' id='word_1_841' title='bbox 2784 5836 2864 5892; x_wconf 84' lang='grc' dir='ltr'><strong>ιιι,</strong></span> <span class='ocrx_word' id='word_1_842' title='bbox 2895 5835 2984 5894; x_wconf 89' lang='lat' dir='ltr'><strong>ep.</strong></span> <span class='ocrx_word' id='word_1_843' title='bbox 3015 5821 3079 5878; x_wconf 75' lang='lat'><strong>3|</strong></span> <span class='ocrx_word' id='word_1_844' title='bbox 3109 5862 3124 5890; x_wconf 97' lang='lat'><strong>,</strong></span> <span class='ocrx_word' id='word_1_845' title='bbox 3156 5831 3214 5879; x_wconf 89' lang='lat' dir='ltr'><strong>et</strong></span> <span class='ocrx_word' id='word_1_846' title='bbox 3241 5817 3335 5877; x_wconf 90' lang='lat' dir='ltr'><strong>lib.</strong></span> <span class='ocrx_word' id='word_1_847' title='bbox 3366 5835 3382 5874; x_wconf 87' lang='grc' dir='ltr'><strong><em>ι</em></strong></span> <span class='ocrx_word' id='word_1_848' title='bbox 3408 5857 3423 5886; x_wconf 87' lang='grc'><em>,</em></span> <span class='ocrx_word' id='word_1_849' title='bbox 3458 5833 3548 5890; x_wconf 85' lang='lat' dir='ltr'><strong>cp.</strong></span> 
     </span>
     <span class='ocr_line' id='line_1_124' title="bbox 2040 5905 2278 5944; baseline -0.004 0"><span class='ocrx_word' id='word_1_850' title='bbox 2040 5929 2054 5944; x_wconf 95' lang='lat'><strong>.</strong></span> <span class='ocrx_word' id='word_1_851' title='bbox 2119 5905 2278 5944; x_wconf 73' lang='lat' dir='ltr'><strong>Ultl-l&#39;l‘.</strong></span> 
     </span>
    </p>
   </div>
   <div class='ocr_carea' id='block_1_123' title="bbox 2040 5905 2278 5946">
    <p class='ocr_par' dir='ltr' id='par_1_123' title="bbox 2040 5905 2278 5946">
     <span class='ocr_line' id='line_1_125' title="bbox 2040 5905 2278 5946; baseline -0.004 -2"><span class='ocrx_word' id='word_1_852' title='bbox 2040 5929 2054 5944; x_wconf 84' lang='lat'><strong>.</strong></span> <span class='ocrx_word' id='word_1_853' title='bbox 2085 5905 2278 5946; x_wconf 71' lang='lat' dir='ltr'><strong>JURE&#39;I‘.</strong></span> 
     </span>
    </p>
   </div>
  </div>
