4018 6348
446 324 542 381 671

1677 317 1749 373 Μ.
1782 310 2059 371 AURELll
2095 306 2493 369 CASSIODORI

3617 315 3727 375 στι

448 435 663 508 quando
682 434 929 493 humante
947 434 1073 491 vita:
1094 432 1274 490 nullus
1295 431 1447 489 cibus
1466 437 1651 503 gratus
1672 431 1924 499 eﬂicitur,
1942 431 2033 486 ubi
2063 430 2117 493 Α
2139 430 2353 487 fraudes
2378 437 2637 487 noscatur
2654 444 2772 489 esse
2785 440 3095 503 corruptum
3110 431 3514 489 ?Conductores
3533 431 3724 492 domus

448 543 707 599 aquarum
757 528 989 583 dulcium
1048 525 1409 599 perspicuitas
1457 540 1565 580 non
1627 524 1873 579 habetur.
1925 523 2038 593 92

448 622 581 679 Nam
607 624 653 678 si
680 622 846 677 lavari
876 622 1125 692 cupimus
1154 618 1453 690 purissimis
1484 615 1812 686 liquoribus,
1835 622 2038 683 quanto

449 716 620 786 magis
642 716 827 771 satiari
871 716 1064 770 talibus
1092 712 1446 769 festinamus?
1466 709 1595 777 Quae
1618 708 1665 764 si
1694 723 1838 762 nunc
1862 707 2040 761 futura

449 812 780 873 tractentur,
807 806 939 860 nulli
967 806 1123 860 labor
1152 804 1281 860 facit
1306 802 1544 871 taedium,
1566 800 1659 871 qui
1678 799 1910 856 sumitur
1939 812 2039 869 pro

451 899 813 957 delectatione
835 905 1175 954 cunctorum.

957 1033 1293 1091 EPISTOLA
1335 1030 1578 1087 XXXIX.

667 1145 897 1185 AHPELIO
928 1146 996 1184 ΕΤ
1030 1143 1257 1183 LlVERl£
1304 1137 1671 1180 TBEODORICUS
1700 1136 1826 1176 REX.

454 1244 620 1302 Mittit
684 1262 769 1300 eos
813 1247 868 1299 in
914 1243 1247 1313 Hispaniam,
1297 1248 1367 1313 ut
1398 1239 1686 1307 reprimant
1744 1233 2047 1313 auctoritate

525 1318 694 1388 legum
718 1326 823 1369 tum
838 1306 1144 1388 homicidas,
1164 1323 1269 1388 tum
1286 1306 1549 1380 exigentes
1570 1323 1739 1361 assem
1760 1306 2042 1388 publicum,

527 1382 610 1461 qui
641 1405 730 1457 per
765 1386 1069 1461 gravantina
1106 1382 1389 1461 ponderum
1420 1382 2045 1461 possessorumfatrimo-

528 1448 617 1512 uia
641 1448 977 1527 premebant;
1011 1448 1115 1508 tum
1156 1453 1371 1523 denique
1400 1448 1573 1505 amnes
1603 1451 1659 1503 in
1683 1448 1835 1503 malis
1866 1455 1915 1501 et
1946 1448 2052 1518 fur-

530 1531 642 1585 tivis
675 1528 873 1582 actibus
901 1535 1147 1581 versatos.

529 1643 696 1698 Decet
735 1640 1041 1711 provincias
1087 1652 1255 1708 regno
1303 1645 1524 1701 nostro,
1574 1637 1687 1691 Deo
1734 1634 2048 1697 auxiliante,

460 1736 751 1806 subjectus,
801 1734 1008 1802 legibus
1050 1742 1103 1787 et
1144 1733 1299 1788 bonis
1328 1731 1568 1786 moribus
1619 1727 1894 1783 ordinari:
1928 1726 2055 1797 quia

2140 526 2318 594 regiae,
2344 540 2661 595 quacunque
2700 533 2859 595 gente
2897 526 3002 581 sint
3031 525 3179 595 editi,
3206 526 3272 581 ad
3296 526 3560 596 liquidum
3585 529 3725 583 veri-

2141 624 2255 671 tate
2274 615 2548 684 discussa,
2575 624 2780 671 tantum
2811 617 3150 673 decernimus
3186 618 3397 674 solvere
3421 657 3437 683 ,
3468 628 3723 690 quantum

2141 721 2329 768 nostra
2375 713 2571 784 praedia
2608 714 2911 771 constiterit
2938 716 3227 785 pensitare.
3273 715 3343 772 Et
3372 732 3440 772 ne
3479 718 3724 788 cuiquam

2141 803 2297 859 labor
2320 820 2448 860 suus
2474 804 2718 861 videatur
2732 807 2990 875 ingratus,
3011 808 3205 863 salaria
3230 808 3330 875 eis,
3351 823 3453 879 pro
3470 810 3727 878 qualitate

2142 893 2336 950 locata:
2386 893 2482 961 rei,
2534 903 2712 951 vestra
2742 896 2988 951 volumus
3040 898 3292 966 azquitate
3311 900 3589 954 constitui.
3615 900 3726 955 Non

2146 985 2290 1039 enim
2314 994 2518 1052 nostra,
2551 987 2645 1041 sed
2673 987 2885 1042 illorum
2909 1003 3033 1043 rura
3060 990 3164 1063 [ed.
3193 991 3312 1057 Λα,
3331 987 3477 1063 jura]
3505 990 3727 1046 dicenda

2147 1087 2291 1146 sunt,
2336 1079 2379 1135 si
2420 1096 2518 1151 pro
2562 1080 2837 1137 voluntate
2877 1081 3227 1138 conducentis
3272 1083 3467 1138 modus
3518 1087 3732 1139 eveniat

2147 1170 2445 1241 pensionis.
2476 1169 2978 1227 Transmarinorum
3003 1173 3164 1243 igitur
3187 1189 3481 1241 canonem,
3505 1176 3604 1230 ubi
3630 1191 3731 1231 non

2150 1278 2317 1335 parva
2355 1263 2498 1317 fraus
2529 1263 2643 1318 fieri
2680 1264 2999 1320 utilitatibus
3040 1264 3267 1336 publicis
3296 1266 3577 1323 intimatur
3598 1308 3615 1334 ,
3643 1285 3734 1326 vos

2153 1363 2357 1409 attente
2374 1354 2625 1424 jubemus
2648 1356 2953 1425 exquirere,
2984 1364 3147 1428 atque
3171 1365 3427 1413 statutum
3451 1375 3736 1416 numerum

2153 1460 2253 1516 pro
2293 1444 2493 1515 jurium
2532 1446 2791 1515 qualitate
2834 1445 3058 1502 delinire
3089 1466 3102 1502 :
3147 1449 3271 1519 quia
3306 1458 3496 1505 contra
3526 1450 3737 1507 fraudes

2155 1541 2287 1597 utile
2312 1543 2608 1598 remedium
2637 1551 2721 1598 est
2752 1558 2910 1600 nosse
2930 1545 3075 1616 quod
3099 1545 3379 1601 inferatur.
3408 1545 3740 1604 Monetarios

2158 1645 2337 1693 autem
2363 1680 2379 1705 ,
2408 1652 2545 1707 quos
2585 1638 2891 1707 specialiter
2942 1638 2995 1693 in
3045 1654 3199 1696 usum
3233 1639 3508 1709 publicum
3535 1649 3743 1697 constat

2159 1730 2425 1794 inventos,
2454 1730 2505 1785 in
2530 1730 2861 1800 privatorum
2884 1730 3167 1787 didicimus
3182 1731 3461 1786 transiisse
3481 1747 3742 1801 compen-

460 1829 552 1883 illa
580 1827 689 1881 vita
723 1840 848 1881 vere
874 1824 1153 1880 hominum
1175 1831 1280 1892 est,
1304 1838 1423 1892 qua:
1442 1821 1577 1891 juris
1600 1819 1787 1875 ordine
1808 1817 2052 1874 contine-
2081 1824 2129 1885 Β
2156 1824 2322 1879 dium.
2355 1824 2470 1892 Qua
2499 1825 2917 1895 pmsumprione
2958 1824 3169 1881 sublata
3195 1864 3210 1890 ,
3235 1840 3335 1897 pro
3354 1824 3551 1879 virium
3579 1826 3744 1894 quau-

460 1929 565 1976 tur.
590 1919 723 1974 Nam
750 1918 1053 1973 belluarum
1095 1918 1231 1971 ritus
1276 1923 1358 1970 est
1394 1914 1492 1970 sub
1526 1929 1654 1969 casu
1680 1912 1863 1966 vivere
1893 1928 1906 1963 :
1936 1923 2054 1979 qua:

461 2012 589 2068 dum
612 2010 856 2082 rapiendi
879 2011 1084 2065 ambitu
1123 2008 1369 2063 feruntur
1389 2050 1403 2072 ,
1434 2005 1725 2077 improvisa
1751 2002 2057 2058 temeritate

464 2104 841 2159 succumbunt.
886 2102 1087 2171 Agrum
1112 2116 1266 2156 suum
1294 2100 1526 2169 denique
1563 2113 1593 2151 a
1619 2096 1860 2152 dumosis
1889 2093 2058 2149 senti-

464 2195 566 2252 bus
590 2195 782 2250 doctus
806 2202 999 2264 purgat
1024 2193 1260 2263 agricola
1295 2210 1307 2245 :
1342 2191 1469 2263 quia
1495 2190 1613 2245 laus
1634 2187 1932 2245 excolentis
1954 2193 2056 2252 est,

466 2288 512 2343 si
532 2294 744 2356 agreste
776 2286 951 2342 solum
988 2285 1311 2342 dulcissimis
1333 2283 1593 2339 fructibus
1615 2287 1937 2337 amoenetur.
1968 2276 2059 2333 Sic

467 2379 622 2451 quies
672 2378 987 2433 suavissima
1014 2377 1231 2449 populi,
1260 2384 1316 2431 et
1354 2374 1643 2444 tranquilla
1668 2371 1948 2441 dispositio
1973 2383 2060 2425 re-

467 2471 689 2542 gionum
706 2512 720 2538 ,
748 2469 1079 2542 praeconium
1106 2467 1366 2538 probatur
1388 2481 1508 2521 esse
1536 2465 1898 2534 regnantium.
1926 2460 2063 2517 Mul-

471 2574 650 2622 torum
679 2566 861 2635 itaque
880 2562 1100 2635 querela
1126 2562 1511 2632 comperimus,
1542 2560 1596 2614 in
1638 2557 1913 2629 provincia
1943 2554 2062 2611 llis-

472 2657 667 2729 paniaz,
713 2656 857 2727 quod
908 2669 1177 2711 summum
1220 2654 1360 2708 inter
1406 2651 1664 2707 mortales
1706 2650 1908 2705 crimen
1958 2654 2062 2712 est,

473 2750 613 2804 vitas
656 2747 931 2803 hominum
961 2762 1096 2817 vaga
1121 2746 1538 2817 prmsumptione
1585 2742 1867 2815 populari,
1897 2749 1953 2795 et
1981 2740 2064 2797 le-

474 2839 622 2895 vium
663 2839 951 2895 occasione
978 2853 1258 2894 causarum
1301 2837 1485 2893 subire
1519 2836 1719 2891 multos
1764 2834 2060 2889 interitum.

474 2929 567 2988 Sic
590 2931 729 2991 mala
749 2946 884 3003 pace
905 2932 1060 3002 quasi
1083 2931 1210 2987 ludo
1239 2937 1519 2996 corruunt,
1543 2928 1732 2999 quanti
1751 2928 1839 2983 vix
1862 2926 2068 2997 potuis-

476 3032 599 3079 sent
639 3022 834 3079 cadere
866 3024 965 3079 sub
1004 3024 1332 3079 necessitate
1376 3022 1665 3078 bellorum.
1731 3019 1933 3076 Dehinc
1959 3033 2069 3073 non

477 3117 818 3189 polyptycbis
856 3116 1083 3187 publicis
1101 3158 1116 3183 ,
1141 3124 1201 3170 ut
1226 3116 1393 3171 moris
1414 3123 1516 3181 est,
1536 3113 1631 3169 sed
1664 3113 1889 3168 arbitrio
1913 3126 2066 3167 com-

2159 1924 2270 1972 tate
2295 1916 2659 1972 functionibus
2682 1916 2910 1986 publicis
2942 1916 3305 1987 applicentur.
3335 1915 3567 1974 Tolonei
3594 1917 3746 1988 quiu-

2160 2007 2322 2062 etiam
2362 2022 2627 2063 canonem
2671 2007 2817 2063 nulla
2854 2007 3062 2063 faciatis
3083 2008 3435 2079 usurpatione
3463 2009 3743 2076 confundi;

2160 2100 2255 2157 sed
2276 2101 2497 2157 modum
2522 2102 2682 2157 rebus
2702 2102 2989 2157 utillimum
3012 2143 3028 2170 ,
3060 2117 3220 2173 quem
3249 2110 3513 2173 praestare
3536 2103 3743 2168 debeat,

2161 2191 2519 2263 imponentes,
2539 2193 2954 2249 commerciandi
2969 2193 3241 2250 licentiam
3262 2193 3517 2264 aequabili
3539 2194 3747 2249 ratione

2161 2294 2434 2350 revocate,
2454 2300 2522 2340 ne
2546 2299 2606 2341 se
2635 2284 2821 2340 tendat
2849 2285 2904 2340 in
2931 2298 3122 2353 vagum
3144 2285 3430 2341 ambitiosa
3457 2284 3749 2341 enormitas

2162 2377 2509 2447 exigentium.
2559 2376 2727 2433 Actus
2760 2386 3021 2448 praeterea
3046 2378 3206 2443 Laeti,
3233 2377 3385 2447 cujus
3424 2378 3749 2434 conscientia

2161 2483 2373 2524 summa
2398 2467 2639 2539 pulsatur
2661 2468 2884 2535 invidia,
2902 2469 3002 2524 sub
3023 2474 3282 2526 consueta
3300 2467 3456 2523 nobis
3471 2483 3749 2524 censemus

2164 2562 2417 2631 :equitate
2438 2561 2703 2631 perquiri;
2736 2571 2795 2616 ut
2825 2577 2925 2618 nec
2953 2561 3095 2617 fraus
3125 2561 3313 2617 astutis
3336 2560 3749 2616 machinationi-

2164 2653 2266 2709 bus
2308 2652 2604 2717 occulatur,
2635 2668 2736 2708 nec
2762 2653 3073 2708 innocentia
3116 2652 3267 2707 falsis
3289 2652 3750 2708 criminationibus

2166 2744 2491 2814 ingravetur.
2523 2744 2884 2815 Quoscunque
2913 2758 3042 2799 vero
3085 2743 3139 2798 in
3188 2741 3399 2798 furtivis
3455 2742 3751 2798 actionibus

2166 2838 2415 2907 reperitis
2460 2837 2625 2893 fuisse
2647 2844 2922 2904 versatos,
2952 2852 3051 2908 pro
3092 2835 3433 2893 fortunarum
3455 2837 3750 2908 quantitate

2167 2946 2493 3004 suppressa,
2548 2930 2779 2987 reddant
2816 2939 2996 2987 vestra
3042 2930 3399 2987 aestimatione
3449 2930 3748 2999 pecuniam.

2170 3024 2323 3091 Quod
2368 3026 2413 3079 si
2451 3025 2566 3081 haec
2608 3040 2706 3095 per
2732 3024 2869 3078 alios
2898 3023 3140 3094 dispersa
3179 3037 3301 3079 esse
3351 3022 3678 3085 constiterit,
3704 3026 3753 3075 et

2170 3116 2247 3172 illi
2274 3118 2621 3173 nihilominus
2648 3124 2936 3172 teneantur
2957 3115 3210 3179 obnoxii,
3236 3115 3325 3183 qui
3353 3114 3591 3170 scientes
3614 3112 3753 3184 passi

479 3208 755 3279 pulsorum
796 3216 1156 3283 suggeruntur
1194 3206 1604 3277 provincialium
1642 3206 1923 3274 subjacere
1959 3204 2071 3259 for-
2096 3206 2143 3270 C
2173 3218 2299 3264 sunt
2321 3210 2373 3263 in
2398 3210 2487 3263 tali
2512 3209 2729 3264 actione
2762 3208 2999 3263 misceri.
3032 3206 3334 3277 Complices
3358 3206 3499 3261 enim
3538 3205 3755 3261 exstite-

480 3310 645 3356 tuute.
676 3301 829 3367 Quod
858 3316 1026 3371 genus
1045 3301 1310 3357 evidentis
1338 3310 1421 3356 est
1438 3299 1651 3370 praedae,
1680 3314 1779 3370 pro
1801 3298 1945 3353 illius
1971 3314 2067 3353 vo-

482 3392 688 3448 luntate
726 3392 857 3447 dare
897 3393 989 3462 qui
1014 3393 1081 3447 ad
1107 3408 1260 3447 suum
1292 3393 1631 3447 commodum
1664 3391 1894 3461 amplius
1923 3389 2071 3447 festi-

484 3490 579 3538 nat
602 3483 838 3551 exigere.
862 3482 961 3537 Cui
986 3484 1065 3538 rei
1089 3499 1190 3538 nos
1204 3484 1371 3552 regali
1390 3483 1731 3554 providentia
1755 3498 2070 3539 succurrere

485 3574 784 3644 cupientes,
832 3574 1218 3629 sublimitatem
1241 3583 1475 3629 vestram
1502 3591 1597 3645 per
1620 3577 1927 3631 universam
1952 3574 2072 3630 His-

485 3663 701 3735 paniam
724 3663 843 3718 loco
864 3664 1099 3718 muneris
1122 3662 1449 3718 credidimus
1466 3663 1869 3731 destinandam;
1896 3672 1954 3718 ut
1974 3663 2072 3719 sub

486 3754 843 3811 ordinationis
881 3762 1074 3810 vestrm
1103 3755 1342 3811 novitate
1366 3796 1380 3821 ,
1415 3755 1726 3811 inveteratae
1752 3757 1921 3826 possit
1943 3772 2075 3811 con-

486 3846 758 3904 suetudini
785 3847 857 3901 nil
890 3847 1073 3903 licere.
1106 3846 1301 3903 Verum
1328 3856 1389 3903 ut
1417 3863 1568 3903 more
1602 3849 1935 3921 medicorum
1975 3865 2077 3905 sae-

486 3939 727 3995 vioribus
751 3940 954 4011 morbis
977 3939 1278 3996 accelerata
1319 3940 1557 3995 remedia
1588 3941 1884 3996 tribuamus
1903 3982 1919 4007 ,
1952 3941 2077 3997 inde

487 4031 782 4087 curationis
807 4040 1006 4087 nostra:
1026 4032 1339 4088 liatinitium
1356 4075 1372 4101 ,
1390 4032 1479 4087 ubi
1505 4032 1673 4101 magis
1697 4033 1938 4088 noscitur
1958 4049 2079 4089 esse

487 4129 803 4201 periculum.
838 4129 1122 4185 Homicidii
1162 4129 1339 4185 scelus
1364 4130 1540 4199 legum
1565 4129 1818 4198 jubemus
1843 4128 2079 4185 auctori-
2156 4132 2159 4133 ⁷

488 4228 601 4277 tate
639 4222 900 4288 resecari;
931 4221 1023 4278 sed
1070 4230 1330 4292 quantum
1359 4222 1732 4278 vehementior
1756 4238 1917 4293 poena
1960 4231 2073 4289 est,

491 4319 645 4367 tanto
671 4313 787 4383 ejus
809 4313 887 4369 rei
908 4314 1069 4369 debet
1098 4314 1373 4383 inquisitio
1402 4314 1520 4385 plus
1545 4314 1765 4369 haberi:
1795 4330 1864 4369 ne
1894 4328 2079 4369 amore

491 4404 740 4460 vindictae
768 4406 1083 4462 innocentes
1132 4408 1417 4462 videantur
1462 4408 1586 4463 vitae
1632 4408 1869 4479 pericula
1917 4407 2081 4463 susti-

491 4510 644 4550 nere.
670 4494 900 4551 Percant
920 4497 1101 4568 itaque
1120 4498 1221 4554 soli
1239 4508 1498 4555 nocentes
1514 4500 1567 4555 in
1594 4500 1933 4556 correctione
1952 4499 2080 4555 mul-

2171 3312 2299 3359 runt
2336 3304 2576 3359 criminis
2601 3345 2615 3366 ,
2666 3303 2759 3374 qui
2799 3318 2907 3358 non
2950 3301 3271 3358 detexerunt
3317 3299 3455 3357 facta
3500 3300 3753 3369 raptoris.

2171 3394 2590 3451 Prtebendarum
2617 3406 2641 3433 ι
2668 3403 2825 3450 tenor
2853 3397 3134 3465 ascriptus,
3158 3408 3318 3464 quem
3338 3400 3509 3449 nostra
3527 3390 3749 3446 diversis

2172 3490 2397 3559 largitur
2425 3490 2733 3545 humanitas
2755 3530 2770 3555 ,
2803 3488 3221 3559 provincialibus
3243 3486 3539 3557 suggeritur
3558 3484 3755 3538 intole-

2174 3582 2358 3637 rabilis
2384 3596 2543 3637 causa
2589 3596 2708 3636 esse
2736 3580 3057 3634 damnorum
3081 3618 3096 3643 ,
3126 3577 3342 3647 quando
3372 3585 3424 3633 et
3463 3576 3515 3631 in
3553 3574 3760 3646 species

2174 3674 2436 3745 exigitur,
2464 3683 2519 3730 et
2541 3673 2882 3745 impudenter
2909 3672 3027 3741 ejus
3056 3672 3286 3741 pretium
3312 3668 3634 3740 postulatur.
3663 3667 3760 3721 De-

2175 3767 2439 3823 testabilis
2466 3767 2769 3838 cupiditatis
2797 3766 2895 3819 ista
2927 3771 3050 3820 sunt
3075 3763 3396 3819 documenta
3414 3803 3431 3828 ,
3455 3766 3761 3829 competen-

2176 3858 2250 3913 tia
2271 3859 2371 3913 sibi
2408 3859 2709 3915 distrahere
2733 3902 2748 3928 ,
2774 3867 2833 3915 et
2854 3857 2920 3911 ad
2946 3855 3193 3925 exigendi
3225 3853 3619 3923 impudentiam
3641 3868 3760 3907 mox

2176 3948 2374 4004 redire.
2405 3949 2559 4017 Quod
2598 3951 2755 4005 nimis
2782 3948 3106 4021 improbum,
3159 3945 3319 4000 nimis
3341 3944 3555 4000 videtur
3579 3945 3762 3998 absur-

2178 4044 2333 4111 dum;
2363 4055 2420 4099 ut
2436 4051 2687 4099 etnostra
2710 4044 3002 4100 constituta
3021 4046 3438 4115 pimtercaut,.et
3458 4037 3763 4093 tributario-

2178 4153 2295 4192 rum
2316 4177 2331 4202 ,
2377 4138 2469 4208 qui
2498 4135 2714 4192 fovendi
2744 4145 2867 4191 sunt
2892 4176 2907 4202 ,
2931 4137 3215 4193 vidcantur
3237 4135 3495 4194 afﬂixisse
3522 4131 3764 4192 substan-

2180 4228 2329 4283 tiam.
2356 4226 2475 4283 Sint
2517 4227 2679 4297 igitur
2702 4227 2923 4299 przelixo
2944 4227 3107 4283 modo
3126 4227 3364 4284 contenti
3385 4271 3401 4298 ,
3424 4228 3538 4282 sive
3572 4227 3763 4282 ibidem

2179 4317 2365 4389 positi,
2394 4316 2507 4372 sive
2532 4316 2658 4371 hinc
2684 4316 3033 4372 nihilominus
3056 4315 3312 4372 destinati
3343 4334 3356 4370 :
3382 4316 3622 4371 habeant
3642 4315 3765 4369 libe-

2180 4425 2300 4465 rum
2330 4408 2608 4464 arbitrium
2635 4446 2649 4471 ,
2682 4423 2845 4463 unum
2877 4414 3086 4462 tantum
3133 4406 3202 4462 de
3241 4407 3450 4462 duobus
3494 4413 3761 4476 expetere,

2182 4500 2474 4556 dummodo
2513 4500 2784 4570 geminata
2827 4499 3115 4555 exactione
3159 4497 3401 4553 fortunas
3429 4496 3637 4552 alienas
3666 4509 3765 4549 non

492 4593 696 4653 torum,
726 4588 941 4657 quando
962 4588 1145 4644 ethoc
1165 4589 1384 4659 pietatis
1411 4604 1580 4660 genus
1601 4600 1703 4657 est,
1733 4606 1985 4647 coercere
2006 4592 2077 4646 in-
2106 4593 2158 4655 D
2182 4590 2414 4646 debeant
2435 4590 2736 4660 ingravarc.
2769 4588 3100 4645 Exactorum
3127 4602 3344 4659 quoque
3367 4586 3581 4643 licentia
3607 4585 3767 4641 fertur

495 4679 717 4734 fantiam
737 4679 994 4749 criminis,
1027 4681 1420 4751 nejuvenescat
1446 4684 1764 4752 augmentis.
1790 4682 2078 4753 Exigentes

494 4784 626 4826 vero
666 4786 841 4827 assem
881 4772 1150 4843 publicum
1174 4790 1272 4845 per
1302 4776 1611 4845 gravamina
1631 4775 1927 4846 ponderum
1954 4792 2079 4848 pre-

492 4880 642 4921 mere
669 4865 917 4921 dicuntur
939 4868 1260 4937 patrimonia
1284 4884 1658 4939 possessorum
1685 4887 1699 4936 ;
1732 4878 1791 4924 ut
1827 4886 1936 4926 non
1968 4880 2077 4928 tam

495 4957 707 5014 exactio
748 4973 909 5029 quam
957 4960 1135 5030 praeda
1181 4976 1301 5017 esse
1344 4961 1608 5017 videatur.
1654 4961 1763 5018 Sed
1814 4970 1873 5019 ut
1913 4965 2078 5021 totius

496 5050 696 5106 fraudis
718 5052 1008 5122 abrogetur
1029 5053 1264 5119 occasio,
1295 5053 1364 5108 ad
1391 5053 1583 5109 libram
1612 5056 1844 5111 cubiculi
1885 5058 2080 5124 nostri,

495 5159 618 5213 qua:
645 5147 798 5202 vobis
826 5147 878 5201 in
906 5149 1159 5217 praesenti
1190 5147 1314 5201 data
1341 5154 1441 5213 est,
1476 5148 1752 5206 universas
1777 5149 2083 5207 functiones

494 5236 989 5307 publicasjubemus
1007 5236 1354 5304 inferri.Quid
1367 5237 1507 5293 enim
1522 5246 1631 5295 tam
1643 5241 1907 5298 nefarium
1920 5258 2082 5312 quam

496 5328 1148 5400 pnesumptoribusliceat
1177 5328 1230 5383 in
1264 5330 1377 5400 ipsa
1402 5329 1564 5385 etiam
1586 5333 1799 5387 trutinae
1824 5332 2084 5402 qualitate

495 5434 754 5493 peccare;
782 5429 843 5478 ut
868 5420 1011 5491 quod
1028 5429 1111 5478 est
1132 5419 1355 5492 iustitia:
1379 5424 1598 5495 proprie
1622 5424 1803 5481 datum
1823 5466 1838 5493 ,
1859 5426 1965 5481 hoc
1986 5439 2084 5495 per

1984 5509 2009 5534 θ

569 5593 594 5621 ἰ
630 5581 1054 5654 Ρνῳὺεηάαηιῃι,
1078 5582 1151 5639 al.
1171 5582 1587 5654 prabendorum.
1615 5581 1672 5636 L.
1701 5580 1788 5654 19,
1812 5580 1990 5650 Inviti,
2014 5580 2083 5636 de

496 5654 703 5726 testib._
708 5652 883 5726 Plaut.
914 5655 968 5708 in
998 5652 1183 5719 Persa,
1215 5655 1502 5726 przebenda
1532 5653 1715 5726 aediles
1741 5653 2078 5726 locaverunt.

498 5722 619 5796 Aul.
665 5722 803 5796 Gell.
840 5725 947 5796 93
1002 5727 1095 5781 l-ib.
1140 5722 1233 5792 xv,
1285 5742 1403 5794 cap.
1457 5725 1526 5791 4;
1581 5724 1892 5796 Symmach.
1925 5724 2017 5778 lib.
2043 5739 2081 5789 ι,

500 5793 658 5865 epist.
696 5790 788 5855 l9,
820 5790 1114 5862 eademque
1139 5790 1311 5850 lorina
1344 5790 1638 5851 tribuenda
1661 5794 1833 5858 dixit,
1868 5802 1927 5846 ut
1950 5809 2087 5865 praef

500 5862 680 5920 benda
705 5877 826 5934 quae
853 5878 1005 5919 more
1030 5865 1190 5922 solito
1217 5867 1611 5934 tribuebantur,
1638 5866 1731 5923 lib.
1782 5880 1834 5934 ι,
1867 5862 2026 5935 epist.
2055 5862 2089 5919 6

2187 4684 2417 4754 amplius
2466 4699 2497 4737 a
2536 4683 2956 4754 provincialibus
3001 4681 3333 4752 extorqueri,
3376 4695 3541 4750 quam
3590 4689 3767 4735 nostro

2184 4778 2433 4835 cubiculo
2461 4784 2670 4833 constat
2695 4775 2899 4832 inferri.
2928 4774 3082 4843 Quod
3109 4773 3353 4843 diligenti
3375 4772 3768 4828 examinatione

2185 4870 2509 4939 discussum,
2540 4869 2608 4925 ad
2646 4870 2790 4925 hunc
2830 4883 2926 4925 vos
2952 4867 3169 4923 modum
3206 4865 3514 4921 functiones
3534 4863 3769 4933 publicas

2185 4978 2446 5019 revocare
2489 4963 2867 5029 decernimus,
2921 4975 3082 5031 quem
3135 4957 3331 5014 Alarici
3382 4964 3544 5026 atque
3598 4952 3768 5008 Eurici

2186 5057 2522 5129 temporibus
2565 5066 2781 5113 constat
2821 5055 3016 5112 illatas.
3049 5052 3510 5109 Paraveredorum
3536 5048 3563 5087 δ
3596 5049 3770 5116 itaque

2186 5151 2563 5209 subvectiones
2585 5152 2799 5219 exigere
2825 5163 2951 5212 eos,
2982 5147 3071 5216 qui
3095 5145 3295 5201 habent
3318 5142 3548 5199 veredos
3568 5139 3769 5207 ascrip-

2189 5250 2293 5311 tos,
2317 5242 2728 5314 provincialium
2751 5240 2973 5310 querela
2991 5237 3369 5308 comperimus,
3396 5232 3543 5305 quod
3569 5231 3769 5285 nullum

2187 5336 2404 5407 penitus
2427 5335 2615 5391 sinatis
2660 5347 2989 5404 praesumere
3011 5373 3026 5398 ,
3056 5329 3272 5400 quando
3314 5341 3413 5398 per
3437 5322 3771 5393 turpissimos

2189 5433 2426 5495 quaestus
2451 5435 2508 5481 et
2549 5438 2829 5496 possessor
2857 5421 3106 5479 atteritur
3123 5462 3139 5490 ,
3170 5427 3226 5475 et
3255 5413 3675 5475 commeantium
3693 5423 3770 5464 oe

2188 5590 2243 5637 et
2269 5581 2353 5636 28.
2387 5582 2555 5638 Fonu.

2261 5652 2288 5690 ιι
2322 5652 2781 5707 l’araveredorum
2806 5650 3048 5705 meminit
3072 5656 3126 5703 et
3155 5645 3248 5703 inf.
3278 5645 3371 5701 lib.
3407 5662 3481 5711 xt,
3497 5645 3655 5715 epist.
3683 5639 3763 5704 η,

2190 5732 2247 5779 et
2274 5724 2309 5777 ι.
2343 5723 2393 5790 2,
2426 5725 2463 5777 Ι.
2498 5722 2603 5788 22,
2634 5722 2695 5779 C.
2727 5723 2793 5778 de
2816 5736 2958 5779 curs.
2988 5720 3137 5793 pubi.
3168 5737 3183 5788 ;
3213 5718 3251 5776 Ι.
3273 5718 3338 5788 2,
3362 5716 3424 5774 C.
3453 5719 3519 5776 dc
3544 5727 3763 5790 praepes.

2191 5810 2332 5853 sacr.
2374 5795 2496 5852 cub.
2525 5794 2690 5851 Foan.
