  <div class='ocr_page' id='page_1' title='image "/cluster/home/n/w/nwhite01/storage/ocr_20150623/69/hvd.32044015469349/344.png"; bbox 0 0 3958 6450; ppageno 0'>
   <div class='ocr_carea' id='block_1_1' title="bbox 240 297 349 356">
    <p class='ocr_par' dir='ltr' id='par_1_1' title="bbox 240 297 349 356">
     <span class='ocr_line' id='line_1_1' title="bbox 240 297 349 356; baseline -0.018 0"><span class='ocrx_word' id='word_1_1' title='bbox 240 297 349 356; x_wconf 73' lang='lat'><strong>675</strong></span> 
     </span>
    </p>
   </div>
   <div class='ocr_carea' id='block_1_2' title="bbox 1559 308 2272 374">
    <p class='ocr_par' dir='ltr' id='par_1_2' title="bbox 1559 308 2272 374">
     <span class='ocr_line' id='line_1_2' title="bbox 1559 308 2272 374; baseline 0.01 -7"><span class='ocrx_word' id='word_1_2' title='bbox 1559 308 1924 370; x_wconf 78' lang='lat' dir='ltr'><strong>VARIARUM</strong></span> <span class='ocrx_word' id='word_1_3' title='bbox 1963 312 2168 372; x_wconf 84' lang='lat' dir='ltr'><strong>LIBER</strong></span> <span class='ocrx_word' id='word_1_4' title='bbox 2205 317 2272 374; x_wconf 62' lang='grc' dir='ltr'><strong>Υ.</strong></span> 
     </span>
    </p>
   </div>
   <div class='ocr_carea' id='block_1_3' title="bbox 3423 328 3534 388">
    <p class='ocr_par' dir='ltr' id='par_1_3' title="bbox 3423 328 3534 388">
     <span class='ocr_line' id='line_1_3' title="bbox 3423 328 3534 388; baseline 0 0"><span class='ocrx_word' id='word_1_5' title='bbox 3423 328 3534 388; x_wconf 75' lang='grc' dir='ltr'><strong>οτι</strong></span> 
     </span>
    </p>
   </div>
   <div class='ocr_carea' id='block_1_4' title="bbox 241 412 3525 512">
    <p class='ocr_par' dir='ltr' id='par_1_4' title="bbox 241 412 3525 512">
     <span class='ocr_line' id='line_1_4' title="bbox 241 412 3525 512; baseline 0.01 -44"><span class='ocrx_word' id='word_1_6' title='bbox 241 412 426 512; x_wconf 51' lang='grc' dir='ltr'><strong>ιρι-ἱιθς</strong></span> <span class='ocrx_word' id='word_1_7' title='bbox 463 413 770 486; x_wconf 82' lang='lat' dir='ltr'><strong>impeditur.</strong></span> <span class='ocrx_word' id='word_1_8' title='bbox 797 417 1112 478; x_wconf 83' lang='lat' dir='ltr'><strong>Villieorum</strong></span> <span class='ocrx_word' id='word_1_9' title='bbox 1137 434 1356 494; x_wconf 90' lang='lat' dir='ltr'><strong>quoque</strong></span> <span class='ocrx_word' id='word_1_10' title='bbox 1379 434 1568 493; x_wconf 85' lang='lat' dir='ltr'><strong>genus,</strong></span> <span class='ocrx_word' id='word_1_11' title='bbox 1594 426 1739 496; x_wconf 91' lang='lat' dir='ltr'><strong>quod</strong></span> <span class='ocrx_word' id='word_1_12' title='bbox 1761 425 1830 481; x_wconf 90' lang='lat' dir='ltr'><strong>ad</strong></span> <span class='ocrx_word' id='word_1_13' title='bbox 1859 428 1907 488; x_wconf 84' lang='lat' dir='ltr'><strong>A</strong></span> <span class='ocrx_word' id='word_1_14' title='bbox 1933 426 2168 485; x_wconf 84' lang='lat' dir='ltr'><strong>officium</strong></span> <span class='ocrx_word' id='word_1_15' title='bbox 2187 472 2204 499; x_wconf 94' lang='lat'><strong>,</strong></span> <span class='ocrx_word' id='word_1_16' title='bbox 2233 430 2428 490; x_wconf 88' lang='lat' dir='ltr'><strong>missus</strong></span> <span class='ocrx_word' id='word_1_17' title='bbox 2453 432 2522 489; x_wconf 88' lang='lat' dir='ltr'><strong>ad</strong></span> <span class='ocrx_word' id='word_1_18' title='bbox 2566 450 2789 493; x_wconf 76' lang='lat' dir='ltr'><strong>summas</strong></span> <span class='ocrx_word' id='word_1_19' title='bbox 2837 437 3056 509; x_wconf 87' lang='lat' dir='ltr'><strong>quidem</strong></span> <span class='ocrx_word' id='word_1_20' title='bbox 3101 440 3309 512; x_wconf 82' lang='lat' dir='ltr'><strong>peritiae</strong></span> <span class='ocrx_word' id='word_1_21' title='bbox 3351 444 3525 512; x_wconf 88' lang='lat' dir='ltr'><strong>viros;</strong></span> 
     </span>
    </p>
   </div>
   <div class='ocr_carea' id='block_1_5' title="bbox 238 502 1833 585">
    <p class='ocr_par' dir='ltr' id='par_1_5' title="bbox 238 502 1833 585">
     <span class='ocr_line' id='line_1_5' title="bbox 238 502 1833 585; baseline 0.009 -26"><span class='ocrx_word' id='word_1_22' title='bbox 238 502 554 562; x_wconf 81' lang='lat' dir='ltr'><strong>damnosam</strong></span> <span class='ocrx_word' id='word_1_23' title='bbox 585 510 866 568; x_wconf 74' lang='lat' dir='ltr'><strong>tuitionem</strong></span> <span class='ocrx_word' id='word_1_24' title='bbox 897 521 1198 585; x_wconf 90' lang='lat' dir='ltr'><strong>queruntur</strong></span> <span class='ocrx_word' id='word_1_25' title='bbox 1250 515 1527 572; x_wconf 88' lang='lat' dir='ltr'><strong>inventum</strong></span> <span class='ocrx_word' id='word_1_26' title='bbox 1551 557 1566 581; x_wconf 93' lang='lat'><strong>,</strong></span> <span class='ocrx_word' id='word_1_27' title='bbox 1615 526 1724 572; x_wconf 89' lang='lat' dir='ltr'><strong>tam</strong></span> <span class='ocrx_word' id='word_1_28' title='bbox 1764 517 1833 574; x_wconf 89' lang='lat' dir='ltr'><strong>de</strong></span> 
     </span>
    </p>
   </div>
   <div class='ocr_carea' id='block_1_6' title="bbox 239 598 1832 678">
    <p class='ocr_par' dir='ltr' id='par_1_6' title="bbox 239 598 1832 678">
     <span class='ocr_line' id='line_1_6' title="bbox 239 598 1832 678; baseline 0.011 -29"><span class='ocrx_word' id='word_1_29' title='bbox 239 598 450 667; x_wconf 85' lang='lat' dir='ltr'><strong>privata</strong></span> <span class='ocrx_word' id='word_1_30' title='bbox 471 605 812 670; x_wconf 81' lang='lat' dir='ltr'><strong>possessione</strong></span> <span class='ocrx_word' id='word_1_31' title='bbox 855 622 1016 676; x_wconf 89' lang='lat' dir='ltr'><strong>quam</strong></span> <span class='ocrx_word' id='word_1_32' title='bbox 1061 608 1276 678; x_wconf 90' lang='lat' dir='ltr'><strong>publica</strong></span> <span class='ocrx_word' id='word_1_33' title='bbox 1305 608 1546 666; x_wconf 89' lang='lat' dir='ltr'><strong>funditus</strong></span> <span class='ocrx_word' id='word_1_34' title='bbox 1585 611 1832 666; x_wconf 89' lang='lat' dir='ltr'><strong>volumus</strong></span> 
     </span>
    </p>
   </div>
   <div class='ocr_carea' id='block_1_7' title="bbox 237 692 1828 772">
    <p class='ocr_par' dir='ltr' id='par_1_7' title="bbox 237 692 1828 772">
     <span class='ocr_line' id='line_1_7' title="bbox 237 692 1828 772; baseline 0.009 -29"><span class='ocrx_word' id='word_1_35' title='bbox 237 692 478 747; x_wconf 85' lang='lat' dir='ltr'><strong>amoveri</strong></span> <span class='ocrx_word' id='word_1_36' title='bbox 511 711 524 745; x_wconf 90' lang='lat'>:</span> <span class='ocrx_word' id='word_1_37' title='bbox 549 695 674 764; x_wconf 88' lang='lat' dir='ltr'><strong>quia</strong></span> <span class='ocrx_word' id='word_1_38' title='bbox 697 711 807 753; x_wconf 90' lang='lat' dir='ltr'><strong>non</strong></span> <span class='ocrx_word' id='word_1_39' title='bbox 829 706 913 754; x_wconf 91' lang='lat' dir='ltr'><strong>est</strong></span> <span class='ocrx_word' id='word_1_40' title='bbox 927 698 1170 757; x_wconf 81' lang='lat' dir='ltr'><strong>defensio</strong></span> <span class='ocrx_word' id='word_1_41' title='bbox 1185 715 1305 771; x_wconf 68' lang='lat' dir='ltr'><strong>qum</strong></span> <span class='ocrx_word' id='word_1_42' title='bbox 1325 702 1828 772; x_wconf 61' lang='lat' dir='ltr'><strong>praestaturinvitis,</strong></span> 
     </span>
    </p>
   </div>
   <div class='ocr_carea' id='block_1_8' title="bbox 235 791 1832 864">
    <p class='ocr_par' dir='ltr' id='par_1_8' title="bbox 235 791 1832 864">
     <span class='ocr_line' id='line_1_8' title="bbox 235 791 1832 864; baseline 0.01 -27"><span class='ocrx_word' id='word_1_43' title='bbox 235 794 546 854; x_wconf 88' lang='lat' dir='ltr'><strong>suspectum</strong></span> <span class='ocrx_word' id='word_1_44' title='bbox 567 797 650 844; x_wconf 90' lang='lat' dir='ltr'><strong>est</strong></span> <span class='ocrx_word' id='word_1_45' title='bbox 669 791 815 863; x_wconf 89' lang='lat' dir='ltr'><strong>quod</strong></span> <span class='ocrx_word' id='word_1_46' title='bbox 844 793 1123 864; x_wconf 91' lang='lat' dir='ltr'><strong>patiuntur</strong></span> <span class='ocrx_word' id='word_1_47' title='bbox 1151 797 1418 853; x_wconf 91' lang='lat' dir='ltr'><strong>nolentes.</strong></span> <span class='ocrx_word' id='word_1_48' title='bbox 1449 797 1585 852; x_wconf 88' lang='lat' dir='ltr'><strong>Nam</strong></span> <span class='ocrx_word' id='word_1_49' title='bbox 1615 799 1720 854; x_wconf 91' lang='lat' dir='ltr'><strong>hoc</strong></span> <span class='ocrx_word' id='word_1_50' title='bbox 1744 805 1832 855; x_wconf 87' lang='lat' dir='ltr'><strong>est</strong></span> 
     </span>
    </p>
   </div>
   <div class='ocr_carea' id='block_1_9' title="bbox 235 877 1826 960">
    <p class='ocr_par' dir='ltr' id='par_1_9' title="bbox 235 877 1826 960">
     <span class='ocr_line' id='line_1_9' title="bbox 235 877 1826 960; baseline 0.01 -31"><span class='ocrx_word' id='word_1_51' title='bbox 235 889 426 931; x_wconf 80' lang='lat' dir='ltr'><strong>revera</strong></span> <span class='ocrx_word' id='word_1_52' title='bbox 449 877 792 949; x_wconf 81' lang='lat' dir='ltr'><strong>beneficium,</strong></span> <span class='ocrx_word' id='word_1_53' title='bbox 808 883 854 938; x_wconf 87' lang='lat' dir='ltr'><strong>si</strong></span> <span class='ocrx_word' id='word_1_54' title='bbox 874 885 991 940; x_wconf 86' lang='lat' dir='ltr'><strong>sine</strong></span> <span class='ocrx_word' id='word_1_55' title='bbox 1007 900 1282 941; x_wconf 89' lang='lat' dir='ltr'><strong>murmure</strong></span> <span class='ocrx_word' id='word_1_56' title='bbox 1303 884 1507 943; x_wconf 91' lang='lat' dir='ltr'><strong>feratur</strong></span> <span class='ocrx_word' id='word_1_57' title='bbox 1521 898 1826 960; x_wconf 90' lang='lat' dir='ltr'><strong>acceptum.</strong></span> 
     </span>
    </p>
   </div>
   <div class='ocr_carea' id='block_1_10' title="bbox 234 965 1830 1054">
    <p class='ocr_par' dir='ltr' id='par_1_10' title="bbox 234 965 1830 1054">
     <span class='ocr_line' id='line_1_10' title="bbox 234 965 1830 1054; baseline 0.012 -33"><span class='ocrx_word' id='word_1_58' title='bbox 234 965 464 1024; x_wconf 79' lang='lat' dir='ltr'><strong>Servitia</strong></span> <span class='ocrx_word' id='word_1_59' title='bbox 491 971 653 1040; x_wconf 88' lang='lat' dir='ltr'><strong>igitur</strong></span> <span class='ocrx_word' id='word_1_60' title='bbox 672 988 792 1044; x_wconf 69' lang='lat' dir='ltr'><strong>qua:</strong></span> <span class='ocrx_word' id='word_1_61' title='bbox 810 974 1070 1032; x_wconf 87' lang='lat' dir='ltr'><strong>Gothisin</strong></span> <span class='ocrx_word' id='word_1_62' title='bbox 1095 979 1316 1035; x_wconf 81' lang='lat' dir='ltr'><strong>civitate</strong></span> <span class='ocrx_word' id='word_1_63' title='bbox 1344 981 1532 1050; x_wconf 83' lang='lat' dir='ltr'><strong>positis</strong></span> <span class='ocrx_word' id='word_1_64' title='bbox 1559 983 1830 1054; x_wconf 89' lang='lat' dir='ltr'><strong>superflue</strong></span> 
     </span>
    </p>
   </div>
   <div class='ocr_carea' id='block_1_11' title="bbox 235 1064 1872 1130">
    <p class='ocr_par' dir='ltr' id='par_1_11' title="bbox 235 1064 1872 1130">
     <span class='ocr_line' id='line_1_11' title="bbox 235 1064 1872 1130; baseline 0.009 -14"><span class='ocrx_word' id='word_1_65' title='bbox 235 1064 651 1130; x_wconf 62' lang='lat' dir='ltr'><strong>praestabantur,</strong></span> <span class='ocrx_word' id='word_1_66' title='bbox 675 1065 1019 1124; x_wconf 86' lang='lat' dir='ltr'><strong>decernimus</strong></span> <span class='ocrx_word' id='word_1_67' title='bbox 1061 1071 1323 1127; x_wconf 82' lang='lat' dir='ltr'><strong>amoveri.</strong></span> <span class='ocrx_word' id='word_1_68' title='bbox 1359 1071 1478 1127; x_wconf 84' lang='lat' dir='ltr'><strong>Non</strong></span> <span class='ocrx_word' id='word_1_69' title='bbox 1504 1073 1648 1128; x_wconf 91' lang='lat' dir='ltr'><strong>enim</strong></span> <span class='ocrx_word' id='word_1_70' title='bbox 1670 1073 1830 1130; x_wconf 89' lang='lat' dir='ltr'><strong>decet</strong></span> <span class='ocrx_word' id='word_1_71' title='bbox 1869 1075 1872 1078; x_wconf 79' lang='grc'><strong>’</strong></span> 
     </span>
    </p>
   </div>
   <div class='ocr_carea' id='block_1_12' title="bbox 235 1155 1828 1236">
    <p class='ocr_par' dir='ltr' id='par_1_12' title="bbox 235 1155 1828 1236">
     <span class='ocr_line' id='line_1_12' title="bbox 235 1155 1828 1236; baseline 0.01 -29"><span class='ocrx_word' id='word_1_72' title='bbox 235 1155 304 1210; x_wconf 87' lang='lat' dir='ltr'><strong>ab</strong></span> <span class='ocrx_word' id='word_1_73' title='bbox 334 1155 578 1223; x_wconf 78' lang='lat' dir='ltr'><strong>ingenuis</strong></span> <span class='ocrx_word' id='word_1_74' title='bbox 608 1157 922 1216; x_wconf 80' lang='lat' dir='ltr'><strong>famulatum</strong></span> <span class='ocrx_word' id='word_1_75' title='bbox 947 1176 1190 1233; x_wconf 78' lang='lat' dir='ltr'><strong>quaerere</strong></span> <span class='ocrx_word' id='word_1_76' title='bbox 1210 1203 1226 1231; x_wconf 94' lang='lat'><strong>,</strong></span> <span class='ocrx_word' id='word_1_77' title='bbox 1258 1177 1396 1234; x_wconf 87' lang='lat' dir='ltr'><strong>quos</strong></span> <span class='ocrx_word' id='word_1_78' title='bbox 1444 1165 1689 1223; x_wconf 88' lang='lat' dir='ltr'><strong>misimus</strong></span> <span class='ocrx_word' id='word_1_79' title='bbox 1727 1181 1828 1236; x_wconf 91' lang='lat' dir='ltr'><strong>pro</strong></span> 
     </span>
    </p>
   </div>
   <div class='ocr_carea' id='block_1_13' title="bbox 232 1246 770 1322">
    <p class='ocr_par' dir='ltr' id='par_1_13' title="bbox 232 1246 770 1322">
     <span class='ocr_line' id='line_1_13' title="bbox 232 1246 770 1322; baseline 0.011 -21"><span class='ocrx_word' id='word_1_80' title='bbox 232 1246 484 1306; x_wconf 85' lang='lat' dir='ltr'><strong>libertate</strong></span> <span class='ocrx_word' id='word_1_81' title='bbox 507 1265 770 1322; x_wconf 88' lang='lat' dir='ltr'><strong>pugnare.</strong></span> 
     </span>
    </p>
   </div>
   <div class='ocr_carea' id='block_1_14' title="bbox 789 1363 1274 1424">
    <p class='ocr_par' dir='ltr' id='par_1_14' title="bbox 789 1363 1274 1424">
     <span class='ocr_line' id='line_1_14' title="bbox 789 1363 1274 1424; baseline 0.008 -5"><span class='ocrx_word' id='word_1_82' title='bbox 789 1363 1123 1422; x_wconf 85' lang='lat' dir='ltr'><strong>EPISTOLA</strong></span> <span class='ocrx_word' id='word_1_83' title='bbox 1160 1367 1274 1424; x_wconf 82' lang='lat' dir='ltr'><strong>XL.</strong></span> 
     </span>
    </p>
   </div>
   <div class='ocr_carea' id='block_1_15' title="bbox 233 1467 1827 1523">
    <p class='ocr_par' dir='ltr' id='par_1_15' title="bbox 233 1467 1827 1523">
     <span class='ocr_line' id='line_1_15' title="bbox 233 1467 1827 1523; baseline 0.008 -13"><span class='ocrx_word' id='word_1_84' title='bbox 233 1467 488 1512; x_wconf 69' lang='grc' dir='ltr'><strong>οῑιηιιΑΝο</strong></span> <span class='ocrx_word' id='word_1_85' title='bbox 525 1472 710 1514; x_wconf 71' lang='grc' dir='ltr'><strong>(ΞΟΜΙἸἹ</strong></span> <span class='ocrx_word' id='word_1_86' title='bbox 753 1475 1031 1518; x_wconf 67' lang='grc' dir='ltr'><strong>εΛριιΑιιωι</strong></span> <span class='ocrx_word' id='word_1_87' title='bbox 1061 1479 1420 1521; x_wconf 74' lang='lat' dir='ltr'><strong>LARGITIONUI</strong></span> <span class='ocrx_word' id='word_1_88' title='bbox 1456 1481 1827 1523; x_wconf 73' lang='lat' dir='ltr'><strong>THEODORICUS</strong></span> 
     </span>
    </p>
   </div>
   <div class='ocr_carea' id='block_1_16' title="bbox 968 1574 1094 1613">
    <p class='ocr_par' dir='ltr' id='par_1_16' title="bbox 968 1574 1094 1613">
     <span class='ocr_line' id='line_1_16' title="bbox 968 1574 1094 1613; baseline -0.008 0"><span class='ocrx_word' id='word_1_89' title='bbox 968 1574 1094 1613; x_wconf 75' lang='lat' dir='ltr'><strong>REX.</strong></span> 
     </span>
    </p>
   </div>
   <div class='ocr_carea' id='block_1_17' title="bbox 234 1640 1823 1723">
    <p class='ocr_par' dir='ltr' id='par_1_17' title="bbox 234 1640 1823 1723">
     <span class='ocr_line' id='line_1_17' title="bbox 234 1640 1823 1723; baseline 0.009 -26"><span class='ocrx_word' id='word_1_90' title='bbox 234 1640 326 1698; x_wconf 80' lang='lat' dir='ltr'><strong>Illi</strong></span> <span class='ocrx_word' id='word_1_91' title='bbox 348 1648 548 1717; x_wconf 80' lang='lat' dir='ltr'><strong>confert</strong></span> <span class='ocrx_word' id='word_1_92' title='bbox 575 1663 848 1703; x_wconf 73' lang='lat' dir='ltr'><strong>sacrarum</strong></span> <span class='ocrx_word' id='word_1_93' title='bbox 877 1653 1214 1722; x_wconf 78' lang='lat' dir='ltr'><strong>targitiounm</strong></span> <span class='ocrx_word' id='word_1_94' title='bbox 1262 1653 1553 1708; x_wconf 76' lang='lat' dir='ltr'><strong>comitivam</strong></span> <span class='ocrx_word' id='word_1_95' title='bbox 1577 1696 1592 1723; x_wconf 89' lang='lat'><strong>,</strong></span> <span class='ocrx_word' id='word_1_96' title='bbox 1616 1656 1823 1711; x_wconf 45' lang='lat' dir='ltr'><strong>multis-</strong></span> 
     </span>
    </p>
   </div>
   <div class='ocr_carea' id='block_1_18' title="bbox 644 1723 1406 1791">
    <p class='ocr_par' dir='ltr' id='par_1_18' title="bbox 644 1723 1406 1791">
     <span class='ocr_line' id='line_1_18' title="bbox 644 1723 1406 1791; baseline 0.008 -18"><span class='ocrx_word' id='word_1_97' title='bbox 644 1737 740 1791; x_wconf 83' lang='lat' dir='ltr'><strong>que</strong></span> <span class='ocrx_word' id='word_1_98' title='bbox 765 1723 1002 1777; x_wconf 79' lang='lat' dir='ltr'><strong>laudibus</strong></span> <span class='ocrx_word' id='word_1_99' title='bbox 1029 1740 1143 1777; x_wconf 86' lang='lat' dir='ltr'><strong>eum</strong></span> <span class='ocrx_word' id='word_1_100' title='bbox 1165 1735 1406 1779; x_wconf 74' lang='lat' dir='ltr'><strong>exornat.</strong></span> 
     </span>
    </p>
   </div>
   <div class='ocr_carea' id='block_1_19' title="bbox 1935 522 3530 616">
    <p class='ocr_par' dir='ltr' id='par_1_19' title="bbox 1935 522 3530 616">
     <span class='ocr_line' id='line_1_19' title="bbox 1935 522 3530 616; baseline 0.011 -40"><span class='ocrx_word' id='word_1_101' title='bbox 1935 522 2029 577; x_wconf 91' lang='lat' dir='ltr'><strong>sed</strong></span> <span class='ocrx_word' id='word_1_102' title='bbox 2059 525 2202 580; x_wconf 89' lang='lat' dir='ltr'><strong>nulla</strong></span> <span class='ocrx_word' id='word_1_103' title='bbox 2218 526 2360 582; x_wconf 89' lang='lat' dir='ltr'><strong>inter</strong></span> <span class='ocrx_word' id='word_1_104' title='bbox 2379 543 2475 584; x_wconf 92' lang='lat' dir='ltr'><strong>eos</strong></span> <span class='ocrx_word' id='word_1_105' title='bbox 2495 531 2752 587; x_wconf 90' lang='lat' dir='ltr'><strong>confusus</strong></span> <span class='ocrx_word' id='word_1_106' title='bbox 2773 548 2832 588; x_wconf 92' lang='lat' dir='ltr'><strong>es</strong></span> <span class='ocrx_word' id='word_1_107' title='bbox 2854 534 3230 616; x_wconf 75' lang='lat' dir='ltr'><strong>trepidatione,</strong></span> <span class='ocrx_word' id='word_1_108' title='bbox 3255 538 3378 608; x_wconf 89' lang='lat' dir='ltr'><strong>quia</strong></span> <span class='ocrx_word' id='word_1_109' title='bbox 3399 539 3530 594; x_wconf 82' lang='lat' dir='ltr'><strong>nihil</strong></span> 
     </span>
    </p>
   </div>
   <div class='ocr_carea' id='block_1_20' title="bbox 1937 617 3528 694">
    <p class='ocr_par' dir='ltr' id='par_1_20' title="bbox 1937 617 3528 694">
     <span class='ocr_line' id='line_1_20' title="bbox 1937 617 3528 694; baseline 0.009 -22"><span class='ocrx_word' id='word_1_110' title='bbox 1937 617 2032 674; x_wconf 87' lang='lat' dir='ltr'><strong>tibi</strong></span> <span class='ocrx_word' id='word_1_111' title='bbox 2081 627 2204 690; x_wconf 91' lang='lat' dir='ltr'><strong>post</strong></span> <span class='ocrx_word' id='word_1_112' title='bbox 2253 637 2354 678; x_wconf 88' lang='lat' dir='ltr'><strong>nos</strong></span> <span class='ocrx_word' id='word_1_113' title='bbox 2381 624 2561 694; x_wconf 91' lang='lat' dir='ltr'><strong>potuit</strong></span> <span class='ocrx_word' id='word_1_114' title='bbox 2593 639 2714 680; x_wconf 90' lang='lat' dir='ltr'><strong>esse</strong></span> <span class='ocrx_word' id='word_1_115' title='bbox 2740 627 3007 684; x_wconf 90' lang='lat' dir='ltr'><strong>mirabile.</strong></span> <span class='ocrx_word' id='word_1_116' title='bbox 3055 628 3354 688; x_wconf 82' lang='lat' dir='ltr'><strong>Instruetus</strong></span> <span class='ocrx_word' id='word_1_117' title='bbox 3383 631 3528 687; x_wconf 89' lang='lat' dir='ltr'><strong>enim</strong></span> 
     </span>
    </p>
   </div>
   <div class='ocr_carea' id='block_1_21' title="bbox 1936 707 3530 791">
    <p class='ocr_par' dir='ltr' id='par_1_21' title="bbox 1936 707 3530 791">
     <span class='ocr_line' id='line_1_21' title="bbox 1936 707 3530 791; baseline 0.013 -29"><span class='ocrx_word' id='word_1_118' title='bbox 1936 707 2158 766; x_wconf 89' lang='lat' dir='ltr'><strong>trifariis</strong></span> <span class='ocrx_word' id='word_1_119' title='bbox 2187 711 2413 783; x_wconf 78' lang='lat' dir='ltr'><strong>linguis,</strong></span> <span class='ocrx_word' id='word_1_120' title='bbox 2440 730 2549 771; x_wconf 91' lang='lat' dir='ltr'><strong>non</strong></span> <span class='ocrx_word' id='word_1_121' title='bbox 2579 716 2675 772; x_wconf 82' lang='lat' dir='ltr'><strong>tibi</strong></span> <span class='ocrx_word' id='word_1_122' title='bbox 2703 716 2912 774; x_wconf 64' lang='lat' dir='ltr'><strong>Graecia</strong></span> <span class='ocrx_word' id='word_1_123' title='bbox 2941 721 3088 791; x_wconf 91' lang='lat' dir='ltr'><strong>quod</strong></span> <span class='ocrx_word' id='word_1_124' title='bbox 3109 738 3312 780; x_wconf 88' lang='lat' dir='ltr'><strong>novum</strong></span> <span class='ocrx_word' id='word_1_125' title='bbox 3339 733 3530 782; x_wconf 90' lang='lat' dir='ltr'><strong>osten-</strong></span> 
     </span>
    </p>
   </div>
   <div class='ocr_carea' id='block_1_22' title="bbox 1935 805 3530 887">
    <p class='ocr_par' dir='ltr' id='par_1_22' title="bbox 1935 805 3530 887">
     <span class='ocr_line' id='line_1_22' title="bbox 1935 805 3530 887; baseline 0.013 -31"><span class='ocrx_word' id='word_1_126' title='bbox 1935 807 2080 857; x_wconf 86' lang='lat' dir='ltr'><strong>taret</strong></span> <span class='ocrx_word' id='word_1_127' title='bbox 2123 805 2359 873; x_wconf 80' lang='lat' dir='ltr'><strong>invenit;</strong></span> <span class='ocrx_word' id='word_1_128' title='bbox 2414 821 2518 863; x_wconf 90' lang='lat' dir='ltr'><strong>nec</strong></span> <span class='ocrx_word' id='word_1_129' title='bbox 2554 808 2692 880; x_wconf 89' lang='lat' dir='ltr'><strong>ipsa,</strong></span> <span class='ocrx_word' id='word_1_130' title='bbox 2731 825 2838 880; x_wconf 90' lang='lat' dir='ltr'><strong>qua</strong></span> <span class='ocrx_word' id='word_1_131' title='bbox 2883 813 3109 869; x_wconf 88' lang='lat' dir='ltr'><strong>nimium</strong></span> <span class='ocrx_word' id='word_1_132' title='bbox 3152 819 3440 887; x_wconf 64' lang='lat' dir='ltr'><strong>praevalet,</strong></span> <span class='ocrx_word' id='word_1_133' title='bbox 3473 829 3530 877; x_wconf 91' lang='lat' dir='ltr'><strong>te</strong></span> 
     </span>
    </p>
   </div>
   <div class='ocr_carea' id='block_1_23' title="bbox 1939 889 3527 968">
    <p class='ocr_par' dir='ltr' id='par_1_23' title="bbox 1939 889 3527 968">
     <span class='ocr_line' id='line_1_23' title="bbox 1939 889 3527 968; baseline 0.013 -20"><span class='ocrx_word' id='word_1_134' title='bbox 1939 896 2267 951; x_wconf 77' lang='lat' dir='ltr'><strong>transcendit</strong></span> <span class='ocrx_word' id='word_1_135' title='bbox 2296 889 2526 968; x_wconf 86' lang='lat' dir='ltr'><strong>argutia.</strong></span> <span class='ocrx_word' id='word_1_136' title='bbox 2559 901 2805 959; x_wconf 89' lang='lat' dir='ltr'><strong>Accessit</strong></span> <span class='ocrx_word' id='word_1_137' title='bbox 2832 905 3037 962; x_wconf 86' lang='lat' dir='ltr'><strong>meritis</strong></span> <span class='ocrx_word' id='word_1_138' title='bbox 3058 908 3164 964; x_wconf 89' lang='lat' dir='ltr'><strong>tuis</strong></span> <span class='ocrx_word' id='word_1_139' title='bbox 3189 913 3398 968; x_wconf 90' lang='lat' dir='ltr'><strong>cunctis</strong></span> <span class='ocrx_word' id='word_1_140' title='bbox 3418 913 3527 968; x_wconf 83' lang='lat' dir='ltr'><strong>lau-</strong></span> 
     </span>
    </p>
   </div>
   <div class='ocr_carea' id='block_1_24' title="bbox 1933 985 3527 1070">
    <p class='ocr_par' dir='ltr' id='par_1_24' title="bbox 1933 985 3527 1070">
     <span class='ocr_line' id='line_1_24' title="bbox 1933 985 3527 1070; baseline 0.011 -28"><span class='ocrx_word' id='word_1_141' title='bbox 1933 985 2089 1043; x_wconf 86' lang='lat' dir='ltr'><strong>dibus</strong></span> <span class='ocrx_word' id='word_1_142' title='bbox 2117 990 2410 1059; x_wconf 87' lang='lat' dir='ltr'><strong>pretiosior</strong></span> <span class='ocrx_word' id='word_1_143' title='bbox 2452 991 2602 1061; x_wconf 82' lang='lat' dir='ltr'><strong>fides,</strong></span> <span class='ocrx_word' id='word_1_144' title='bbox 2636 1010 2796 1065; x_wconf 90' lang='lat' dir='ltr'><strong>quam</strong></span> <span class='ocrx_word' id='word_1_145' title='bbox 2831 997 3012 1052; x_wconf 90' lang='lat' dir='ltr'><strong>divina</strong></span> <span class='ocrx_word' id='word_1_146' title='bbox 3041 999 3288 1070; x_wconf 86' lang='lat' dir='ltr'><strong>diligunt,</strong></span> <span class='ocrx_word' id='word_1_147' title='bbox 3319 1013 3527 1060; x_wconf 69' lang='lat' dir='ltr'><strong>morta~</strong></span> 
     </span>
    </p>
   </div>
   <div class='ocr_carea' id='block_1_25' title="bbox 1933 1075 3526 1164">
    <p class='ocr_par' dir='ltr' id='par_1_25' title="bbox 1933 1075 3526 1164">
     <span class='ocr_line' id='line_1_25' title="bbox 1933 1075 3526 1164; baseline 0.013 -34"><span class='ocrx_word' id='word_1_148' title='bbox 1933 1075 2007 1132; x_wconf 92' lang='lat' dir='ltr'><strong>lia</strong></span> <span class='ocrx_word' id='word_1_149' title='bbox 2035 1087 2380 1136; x_wconf 80' lang='lat' dir='ltr'><strong>venerantur.</strong></span> <span class='ocrx_word' id='word_1_150' title='bbox 2411 1081 2544 1138; x_wconf 87' lang='lat' dir='ltr'><strong>Nam</strong></span> <span class='ocrx_word' id='word_1_151' title='bbox 2578 1084 2720 1140; x_wconf 90' lang='lat' dir='ltr'><strong>inter</strong></span> <span class='ocrx_word' id='word_1_152' title='bbox 2756 1088 2940 1143; x_wconf 90' lang='lat' dir='ltr'><strong>mundi</strong></span> <span class='ocrx_word' id='word_1_153' title='bbox 2963 1087 3288 1148; x_wconf 80' lang='lat' dir='ltr'><strong>ﬂuctuantes</strong></span> <span class='ocrx_word' id='word_1_154' title='bbox 3317 1097 3526 1164; x_wconf 87' lang='lat' dir='ltr'><strong>procel-</strong></span> 
     </span>
    </p>
   </div>
   <div class='ocr_carea' id='block_1_26' title="bbox 1932 1169 3526 1250">
    <p class='ocr_par' dir='ltr' id='par_1_26' title="bbox 1932 1169 3526 1250">
     <span class='ocr_line' id='line_1_26' title="bbox 1932 1169 3526 1250; baseline 0.01 -26"><span class='ocrx_word' id='word_1_155' title='bbox 1932 1169 2014 1226; x_wconf 86' lang='lat' dir='ltr'><strong>las</strong></span> <span class='ocrx_word' id='word_1_156' title='bbox 2042 1170 2184 1226; x_wconf 90' lang='lat' dir='ltr'><strong>unde</strong></span> <span class='ocrx_word' id='word_1_157' title='bbox 2211 1187 2272 1228; x_wconf 91' lang='lat' dir='ltr'><strong>se</strong></span> <span class='ocrx_word' id='word_1_158' title='bbox 2307 1173 2542 1230; x_wconf 88' lang='lat' dir='ltr'><strong>humana</strong></span> <span class='ocrx_word' id='word_1_159' title='bbox 2572 1175 2832 1246; x_wconf 75' lang='lat' dir='ltr'><strong>fragilitas</strong></span> <span class='ocrx_word' id='word_1_160' title='bbox 2873 1181 3214 1250; x_wconf 89' lang='lat' dir='ltr'><strong>contineret,</strong></span> <span class='ocrx_word' id='word_1_161' title='bbox 3257 1186 3300 1238; x_wconf 89' lang='lat' dir='ltr'><strong>si</strong></span> <span class='ocrx_word' id='word_1_162' title='bbox 3330 1187 3526 1241; x_wconf 82' lang='lat' dir='ltr'><strong>nostris</strong></span> 
     </span>
    </p>
   </div>
   <div class='ocr_carea' id='block_1_27' title="bbox 1933 1262 3526 1350">
    <p class='ocr_par' dir='ltr' id='par_1_27' title="bbox 1933 1262 3526 1350">
     <span class='ocr_line' id='line_1_27' title="bbox 1933 1262 3526 1350; baseline 0.011 -34"><span class='ocrx_word' id='word_1_163' title='bbox 1933 1262 2141 1319; x_wconf 87' lang='lat' dir='ltr'><strong>actibus</strong></span> <span class='ocrx_word' id='word_1_164' title='bbox 2168 1266 2364 1322; x_wconf 90' lang='lat' dir='ltr'><strong>mentis</strong></span> <span class='ocrx_word' id='word_1_165' title='bbox 2391 1266 2678 1326; x_wconf 85' lang='lat' dir='ltr'><strong>infirmitas</strong></span> <span class='ocrx_word' id='word_1_166' title='bbox 2723 1286 2832 1327; x_wconf 94' lang='lat' dir='ltr'><strong>non</strong></span> <span class='ocrx_word' id='word_1_167' title='bbox 2863 1273 3077 1330; x_wconf 88' lang='lat' dir='ltr'><strong>abesset</strong></span> <span class='ocrx_word' id='word_1_168' title='bbox 3108 1273 3280 1350; x_wconf 83' lang='lat' dir='ltr'><strong>[Niv.,</strong></span> <span class='ocrx_word' id='word_1_169' title='bbox 3331 1279 3526 1334; x_wconf 89' lang='lat' dir='ltr'><strong>mentis</strong></span> 
     </span>
    </p>
   </div>
   <div class='ocr_carea' id='block_1_28' title="bbox 1933 1352 3523 1431">
    <p class='ocr_par' dir='ltr' id='par_1_28' title="bbox 1933 1352 3523 1431">
     <span class='ocr_line' id='line_1_28' title="bbox 1933 1352 3523 1431; baseline 0.013 -26"><span class='ocrx_word' id='word_1_170' title='bbox 1933 1352 2157 1411; x_wconf 86' lang='lat' dir='ltr'><strong>ﬁrmitas</strong></span> <span class='ocrx_word' id='word_1_171' title='bbox 2208 1372 2318 1412; x_wconf 89' lang='lat' dir='ltr'><strong>non</strong></span> <span class='ocrx_word' id='word_1_172' title='bbox 2355 1358 2624 1431; x_wconf 81' lang='lat' dir='ltr'><strong>adesset]?</strong></span> <span class='ocrx_word' id='word_1_173' title='bbox 2673 1361 2800 1419; x_wconf 67' lang='lat' dir='ltr'><strong>Haec</strong></span> <span class='ocrx_word' id='word_1_174' title='bbox 2847 1364 2986 1420; x_wconf 91' lang='lat' dir='ltr'><strong>inter</strong></span> <span class='ocrx_word' id='word_1_175' title='bbox 3027 1367 3204 1423; x_wconf 87' lang='lat' dir='ltr'><strong>socios</strong></span> <span class='ocrx_word' id='word_1_176' title='bbox 3233 1369 3523 1425; x_wconf 84' lang='lat' dir='ltr'><strong>amicitiam</strong></span> 
     </span>
    </p>
   </div>
   <div class='ocr_carea' id='block_1_29' title="bbox 1931 1449 3524 1529">
    <p class='ocr_par' dir='ltr' id='par_1_29' title="bbox 1931 1449 3524 1529">
     <span class='ocr_line' id='line_1_29' title="bbox 1931 1449 3524 1529; baseline 0.01 -26"><span class='ocrx_word' id='word_1_177' title='bbox 1931 1457 2131 1515; x_wconf 87' lang='lat' dir='ltr'><strong>servat,</strong></span> <span class='ocrx_word' id='word_1_178' title='bbox 2163 1449 2279 1507; x_wconf 67' lang='lat' dir='ltr'><strong>haec</strong></span> <span class='ocrx_word' id='word_1_179' title='bbox 2299 1451 2531 1509; x_wconf 89' lang='lat' dir='ltr'><strong>dominis</strong></span> <span class='ocrx_word' id='word_1_180' title='bbox 2556 1470 2689 1524; x_wconf 90' lang='lat' dir='ltr'><strong>pura</strong></span> <span class='ocrx_word' id='word_1_181' title='bbox 2718 1456 3028 1526; x_wconf 84' lang='lat' dir='ltr'><strong>integritate</strong></span> <span class='ocrx_word' id='word_1_182' title='bbox 3058 1460 3349 1518; x_wconf 87' lang='lat' dir='ltr'><strong>famulatur</strong></span> <span class='ocrx_word' id='word_1_183' title='bbox 3367 1502 3381 1529; x_wconf 96' lang='lat'><strong>,</strong></span> <span class='ocrx_word' id='word_1_184' title='bbox 3409 1463 3524 1519; x_wconf 60' lang='lat' dir='ltr'><strong>haec</strong></span> 
     </span>
    </p>
   </div>
   <div class='ocr_carea' id='block_1_30' title="bbox 1931 1543 3523 1619">
    <p class='ocr_par' dir='ltr' id='par_1_30' title="bbox 1931 1543 3523 1619">
     <span class='ocr_line' id='line_1_30' title="bbox 1931 1543 3523 1619; baseline 0.008 -23"><span class='ocrx_word' id='word_1_185' title='bbox 1931 1554 2178 1610; x_wconf 67' lang='lat' dir='ltr'><strong>supernae</strong></span> <span class='ocrx_word' id='word_1_186' title='bbox 2205 1543 2474 1613; x_wconf 88' lang='lat' dir='ltr'><strong>majestati</strong></span> <span class='ocrx_word' id='word_1_187' title='bbox 2500 1547 2859 1602; x_wconf 87' lang='lat' dir='ltr'><strong>reverentiam</strong></span> <span class='ocrx_word' id='word_1_188' title='bbox 2900 1549 3003 1619; x_wconf 75' lang='lat' dir='ltr'><strong>piae</strong></span> <span class='ocrx_word' id='word_1_189' title='bbox 3043 1551 3378 1608; x_wconf 85' lang='lat' dir='ltr'><strong>credulitatis</strong></span> <span class='ocrx_word' id='word_1_190' title='bbox 3423 1555 3523 1608; x_wconf 90' lang='lat' dir='ltr'><strong>im-</strong></span> 
     </span>
    </p>
   </div>
   <div class='ocr_carea' id='block_1_31' title="bbox 1931 1631 3522 1714">
    <p class='ocr_par' dir='ltr' id='par_1_31' title="bbox 1931 1631 3522 1714">
     <span class='ocr_line' id='line_1_31' title="bbox 1931 1631 3522 1714; baseline 0.011 -29"><span class='ocrx_word' id='word_1_191' title='bbox 1931 1631 2151 1702; x_wconf 90' lang='lat' dir='ltr'><strong>pendit;</strong></span> <span class='ocrx_word' id='word_1_192' title='bbox 2197 1642 2273 1701; x_wconf 91' lang='lat' dir='ltr'><strong>et,</strong></span> <span class='ocrx_word' id='word_1_193' title='bbox 2319 1635 2362 1688; x_wconf 91' lang='lat' dir='ltr'><strong>si</strong></span> <span class='ocrx_word' id='word_1_194' title='bbox 2412 1635 2737 1692; x_wconf 81' lang='lat' dir='ltr'><strong>beneficium</strong></span> <span class='ocrx_word' id='word_1_195' title='bbox 2784 1645 2948 1695; x_wconf 67' lang='lat' dir='ltr'><strong>tanta:</strong></span> <span class='ocrx_word' id='word_1_196' title='bbox 2991 1641 3071 1696; x_wconf 89' lang='lat' dir='ltr'><strong>rei</strong></span> <span class='ocrx_word' id='word_1_197' title='bbox 3101 1643 3260 1699; x_wconf 87' lang='lat' dir='ltr'><strong>latius</strong></span> <span class='ocrx_word' id='word_1_198' title='bbox 3289 1660 3522 1714; x_wconf 64' lang='lat' dir='ltr'><strong>quaeras,</strong></span> 
     </span>
    </p>
   </div>
   <div class='ocr_carea' id='block_1_32' title="bbox 1932 1721 3518 1799">
    <p class='ocr_par' dir='ltr' id='par_1_32' title="bbox 1932 1721 3518 1799">
     <span class='ocr_line' id='line_1_32' title="bbox 1932 1721 3518 1799; baseline 0.01 -23"><span class='ocrx_word' id='word_1_199' title='bbox 1932 1721 2390 1780; x_wconf 88' lang='lat' dir='ltr'><strong>incommutabilis</strong></span> <span class='ocrx_word' id='word_1_200' title='bbox 2446 1723 2570 1781; x_wconf 83' lang='lat' dir='ltr'><strong>ﬁdei</strong></span> <span class='ocrx_word' id='word_1_201' title='bbox 2617 1735 2702 1782; x_wconf 87' lang='lat' dir='ltr'><strong>est</strong></span> <span class='ocrx_word' id='word_1_202' title='bbox 2732 1743 2895 1785; x_wconf 90' lang='lat' dir='ltr'><strong>omne</strong></span> <span class='ocrx_word' id='word_1_203' title='bbox 2943 1731 3090 1799; x_wconf 90' lang='lat' dir='ltr'><strong>quod</strong></span> <span class='ocrx_word' id='word_1_204' title='bbox 3134 1732 3272 1789; x_wconf 90' lang='lat' dir='ltr'><strong>bene</strong></span> <span class='ocrx_word' id='word_1_205' title='bbox 3300 1736 3518 1792; x_wconf 82' lang='lat' dir='ltr'><strong>vivitur.</strong></span> 
     </span>
    </p>
   </div>
   <div class='ocr_carea' id='block_1_33' title="bbox 304 1812 3520 1909">
    <p class='ocr_par' dir='ltr' id='par_1_33' title="bbox 304 1812 3520 1909">
     <span class='ocr_line' id='line_1_33' title="bbox 304 1812 3520 1909; baseline 0.006 -26"><span class='ocrx_word' id='word_1_206' title='bbox 304 1828 557 1897; x_wconf 83' lang='lat' dir='ltr'><strong>Quamvis</strong></span> <span class='ocrx_word' id='word_1_207' title='bbox 583 1831 724 1887; x_wconf 89' lang='lat' dir='ltr'><strong>ultra</strong></span> <span class='ocrx_word' id='word_1_208' title='bbox 756 1834 1020 1890; x_wconf 89' lang='lat' dir='ltr'><strong>desideria</strong></span> <span class='ocrx_word' id='word_1_209' title='bbox 1045 1837 1349 1909; x_wconf 90' lang='lat' dir='ltr'><strong>supplicum</strong></span> <span class='ocrx_word' id='word_1_210' title='bbox 1371 1837 1684 1908; x_wconf 90' lang='lat' dir='ltr'><strong>frequenter</strong></span> <span class='ocrx_word' id='word_1_211' title='bbox 1726 1853 1827 1894; x_wconf 89' lang='lat' dir='ltr'><strong>nos</strong></span> <span class='ocrx_word' id='word_1_212' title='bbox 1857 1833 1903 1894; x_wconf 87' lang='grc' dir='ltr'>Β</span> <span class='ocrx_word' id='word_1_213' title='bbox 1933 1812 2100 1909; x_wconf 60' lang='grc' dir='ltr'><strong>ἓμξηθ</strong></span> <span class='ocrx_word' id='word_1_214' title='bbox 2366 1834 2464 1890; x_wconf 63' lang='lat' dir='ltr'><strong>Per</strong></span> <span class='ocrx_word' id='word_1_215' title='bbox 2505 1820 2855 1878; x_wconf 65' lang='grc' dir='ltr'><strong>ίηάίοιίοηεηῖ</strong></span> <span class='ocrx_word' id='word_1_216' title='bbox 2910 1827 3126 1881; x_wconf 51' lang='lat' dir='ltr'><strong>tertiam</strong></span> <span class='ocrx_word' id='word_1_217' title='bbox 3176 1827 3348 1900; x_wconf 80' lang='grc' dir='ltr'><em>[Αηηο</em></span> <span class='ocrx_word' id='word_1_218' title='bbox 3395 1829 3520 1886; x_wconf 62' lang='grc' dir='ltr'><strong>δην·</strong></span> 
     </span>
    </p>
   </div>
   <div class='ocr_carea' id='block_1_34' title="bbox 230 1921 1826 1997">
    <p class='ocr_par' dir='ltr' id='par_1_34' title="bbox 230 1921 1826 1997">
     <span class='ocr_line' id='line_1_34' title="bbox 230 1921 1826 1997; baseline 0.007 -24"><span class='ocrx_word' id='word_1_219' title='bbox 230 1921 546 1989; x_wconf 73' lang='lat' dir='ltr'><strong>przcstitisse</strong></span> <span class='ocrx_word' id='word_1_220' title='bbox 575 1921 835 1976; x_wconf 84' lang='lat' dir='ltr'><strong>beneficia</strong></span> <span class='ocrx_word' id='word_1_221' title='bbox 863 1924 1213 1992; x_wconf 84' lang='lat' dir='ltr'><strong>gaudeamus,</strong></span> <span class='ocrx_word' id='word_1_222' title='bbox 1246 1935 1320 1990; x_wconf 93' lang='lat' dir='ltr'><strong>et,</strong></span> <span class='ocrx_word' id='word_1_223' title='bbox 1349 1927 1493 1997; x_wconf 88' lang='lat' dir='ltr'><strong>quod</strong></span> <span class='ocrx_word' id='word_1_224' title='bbox 1509 1936 1592 1982; x_wconf 90' lang='lat' dir='ltr'><strong>est</strong></span> <span class='ocrx_word' id='word_1_225' title='bbox 1613 1927 1826 1984; x_wconf 69' lang='lat' dir='ltr'><strong>difficil-</strong></span> 
     </span>
    </p>
   </div>
   <div class='ocr_carea' id='block_1_35' title="bbox 230 2010 1823 2093">
    <p class='ocr_par' dir='ltr' id='par_1_35' title="bbox 230 2010 1823 2093">
     <span class='ocr_line' id='line_1_35' title="bbox 230 2010 1823 2093; baseline 0.006 -29"><span class='ocrx_word' id='word_1_226' title='bbox 230 2010 415 2067; x_wconf 89' lang='lat' dir='ltr'><strong>limum</strong></span> <span class='ocrx_word' id='word_1_227' title='bbox 437 2054 452 2079; x_wconf 93' lang='lat'><strong>,</strong></span> <span class='ocrx_word' id='word_1_228' title='bbox 500 2013 753 2068; x_wconf 64' lang='lat' dir='ltr'><strong>humanae</strong></span> <span class='ocrx_word' id='word_1_229' title='bbox 789 2015 1097 2093; x_wconf 87' lang='lat' dir='ltr'><strong>ambitionis</strong></span> <span class='ocrx_word' id='word_1_230' title='bbox 1126 2016 1394 2072; x_wconf 86' lang='lat' dir='ltr'><strong>interdum</strong></span> <span class='ocrx_word' id='word_1_231' title='bbox 1424 2025 1550 2073; x_wconf 87' lang='lat' dir='ltr'><strong>vota</strong></span> <span class='ocrx_word' id='word_1_232' title='bbox 1596 2032 1823 2088; x_wconf 89' lang='lat' dir='ltr'><strong>supere-</strong></span> 
     </span>
    </p>
   </div>
   <div class='ocr_carea' id='block_1_36' title="bbox 227 2105 1825 2181">
    <p class='ocr_par' dir='ltr' id='par_1_36' title="bbox 227 2105 1825 2181">
     <span class='ocr_line' id='line_1_36' title="bbox 227 2105 1825 2181; baseline 0.006 -24"><span class='ocrx_word' id='word_1_233' title='bbox 227 2119 389 2159; x_wconf 82' lang='lat' dir='ltr'><strong>mus:</strong></span> <span class='ocrx_word' id='word_1_234' title='bbox 436 2105 552 2161; x_wconf 64' lang='lat' dir='ltr'><strong>haec</strong></span> <span class='ocrx_word' id='word_1_235' title='bbox 596 2114 778 2163; x_wconf 90' lang='lat' dir='ltr'><strong>tamen</strong></span> <span class='ocrx_word' id='word_1_236' title='bbox 829 2107 1083 2164; x_wconf 89' lang='lat' dir='ltr'><strong>libentius</strong></span> <span class='ocrx_word' id='word_1_237' title='bbox 1128 2109 1530 2181; x_wconf 84' lang='lat' dir='ltr'><strong>amplectimur,</strong></span> <span class='ocrx_word' id='word_1_238' title='bbox 1561 2125 1680 2180; x_wconf 80' lang='lat' dir='ltr'><strong>quae</strong></span> <span class='ocrx_word' id='word_1_239' title='bbox 1724 2125 1825 2167; x_wconf 90' lang='lat' dir='ltr'><strong>nos</strong></span> 
     </span>
    </p>
   </div>
   <div class='ocr_carea' id='block_1_37' title="bbox 227 2197 1820 2272">
    <p class='ocr_par' dir='ltr' id='par_1_37' title="bbox 227 2197 1820 2272">
     <span class='ocr_line' id='line_1_37' title="bbox 227 2197 1820 2272; baseline 0.003 -20"><span class='ocrx_word' id='word_1_240' title='bbox 227 2197 426 2253; x_wconf 90' lang='lat' dir='ltr'><strong>merito</strong></span> <span class='ocrx_word' id='word_1_241' title='bbox 454 2197 647 2255; x_wconf 87' lang='lat' dir='ltr'><strong>fecisse</strong></span> <span class='ocrx_word' id='word_1_242' title='bbox 667 2199 981 2270; x_wconf 89' lang='lat' dir='ltr'><strong>gloriamur.</strong></span> <span class='ocrx_word' id='word_1_243' title='bbox 1014 2200 1114 2256; x_wconf 90' lang='lat' dir='ltr'><strong>Din</strong></span> <span class='ocrx_word' id='word_1_244' title='bbox 1139 2202 1340 2272; x_wconf 86' lang='lat' dir='ltr'><strong>quippe</strong></span> <span class='ocrx_word' id='word_1_245' title='bbox 1359 2201 1698 2256; x_wconf 90' lang='lat' dir='ltr'><strong>trutinandus</strong></span> <span class='ocrx_word' id='word_1_246' title='bbox 1719 2210 1820 2270; x_wconf 92' lang='lat' dir='ltr'><strong>est,</strong></span> 
     </span>
    </p>
   </div>
   <div class='ocr_carea' id='block_1_38' title="bbox 228 2289 1825 2362">
    <p class='ocr_par' dir='ltr' id='par_1_38' title="bbox 228 2289 1825 2362">
     <span class='ocr_line' id='line_1_38' title="bbox 228 2289 1825 2362; baseline 0.003 -18"><span class='ocrx_word' id='word_1_247' title='bbox 228 2289 317 2344; x_wconf 85' lang='lat' dir='ltr'><strong>cui</strong></span> <span class='ocrx_word' id='word_1_248' title='bbox 349 2289 631 2345; x_wconf 88' lang='lat' dir='ltr'><strong>traduntur</strong></span> <span class='ocrx_word' id='word_1_249' title='bbox 653 2293 901 2346; x_wconf 82' lang='lat' dir='ltr'><strong>examina</strong></span> <span class='ocrx_word' id='word_1_250' title='bbox 925 2308 939 2359; x_wconf 92' lang='lat'><strong>;</strong></span> <span class='ocrx_word' id='word_1_251' title='bbox 964 2292 1195 2362; x_wconf 88' lang='lat' dir='ltr'><strong>talisque</strong></span> <span class='ocrx_word' id='word_1_252' title='bbox 1221 2292 1383 2347; x_wconf 84' lang='lat' dir='ltr'><strong>debet</strong></span> <span class='ocrx_word' id='word_1_253' title='bbox 1411 2308 1440 2346; x_wconf 88' lang='lat' dir='ltr'><strong>a</strong></span> <span class='ocrx_word' id='word_1_254' title='bbox 1465 2292 1710 2362; x_wconf 91' lang='lat' dir='ltr'><strong>principe</strong></span> <span class='ocrx_word' id='word_1_255' title='bbox 1735 2293 1825 2348; x_wconf 84' lang='lat' dir='ltr'><strong>de-</strong></span> 
     </span>
    </p>
   </div>
   <div class='ocr_carea' id='block_1_39' title="bbox 229 2382 1822 2455">
    <p class='ocr_par' dir='ltr' id='par_1_39' title="bbox 229 2382 1822 2455">
     <span class='ocr_line' id='line_1_39' title="bbox 229 2382 1822 2455; baseline 0.003 -19"><span class='ocrx_word' id='word_1_256' title='bbox 229 2382 353 2450; x_wconf 87' lang='lat' dir='ltr'><strong>ligi,</strong></span> <span class='ocrx_word' id='word_1_257' title='bbox 396 2382 568 2452; x_wconf 90' lang='lat' dir='ltr'><strong>qualis</strong></span> <span class='ocrx_word' id='word_1_258' title='bbox 594 2383 662 2439; x_wconf 89' lang='lat' dir='ltr'><strong>ab</strong></span> <span class='ocrx_word' id='word_1_259' title='bbox 691 2384 808 2454; x_wconf 89' lang='lat' dir='ltr'><strong>ipsa</strong></span> <span class='ocrx_word' id='word_1_260' title='bbox 850 2393 1028 2455; x_wconf 84' lang='lat' dir='ltr'><strong>potest</strong></span> <span class='ocrx_word' id='word_1_261' title='bbox 1072 2386 1190 2454; x_wconf 85' lang='lat' dir='ltr'><strong>lege</strong></span> <span class='ocrx_word' id='word_1_262' title='bbox 1234 2385 1445 2442; x_wconf 90' lang='lat' dir='ltr'><strong>dictari.</strong></span> <span class='ocrx_word' id='word_1_263' title='bbox 1474 2384 1822 2441; x_wconf 88' lang='lat' dir='ltr'><strong>Gemmarum</strong></span> 
     </span>
    </p>
   </div>
   <div class='ocr_carea' id='block_1_40' title="bbox 227 2475 1821 2548">
    <p class='ocr_par' dir='ltr' id='par_1_40' title="bbox 227 2475 1821 2548">
     <span class='ocr_line' id='line_1_40' title="bbox 227 2475 1821 2548; baseline 0 -17"><span class='ocrx_word' id='word_1_264' title='bbox 227 2476 419 2532; x_wconf 79' lang='lat' dir='ltr'><strong>divites</strong></span> <span class='ocrx_word' id='word_1_265' title='bbox 445 2491 594 2532; x_wconf 71' lang='lat' dir='ltr'><strong>venm</strong></span> <span class='ocrx_word' id='word_1_266' title='bbox 618 2477 733 2531; x_wconf 88' lang='lat' dir='ltr'><strong>auri</strong></span> <span class='ocrx_word' id='word_1_267' title='bbox 771 2475 977 2547; x_wconf 85' lang='lat' dir='ltr'><strong>fulgore</strong></span> <span class='ocrx_word' id='word_1_268' title='bbox 1005 2479 1337 2548; x_wconf 91' lang='lat' dir='ltr'><strong>pretiautur;</strong></span> <span class='ocrx_word' id='word_1_269' title='bbox 1370 2486 1424 2533; x_wconf 91' lang='lat' dir='ltr'><strong>et</strong></span> <span class='ocrx_word' id='word_1_270' title='bbox 1452 2477 1679 2546; x_wconf 89' lang='lat' dir='ltr'><strong>gloriam</strong></span> <span class='ocrx_word' id='word_1_271' title='bbox 1702 2477 1821 2547; x_wconf 86' lang='lat' dir='ltr'><strong>pul-</strong></span> 
     </span>
    </p>
   </div>
   <div class='ocr_carea' id='block_1_41' title="bbox 229 2568 1822 2640">
    <p class='ocr_par' dir='ltr' id='par_1_41' title="bbox 229 2568 1822 2640">
     <span class='ocr_line' id='line_1_41' title="bbox 229 2568 1822 2640; baseline -0.001 -14"><span class='ocrx_word' id='word_1_272' title='bbox 229 2569 548 2626; x_wconf 87' lang='lat' dir='ltr'><strong>chritudinis</strong></span> <span class='ocrx_word' id='word_1_273' title='bbox 587 2568 825 2639; x_wconf 86' lang='lat' dir='ltr'><strong>capiunt,</strong></span> <span class='ocrx_word' id='word_1_274' title='bbox 877 2569 1004 2640; x_wconf 88' lang='lat' dir='ltr'><strong>quia</strong></span> <span class='ocrx_word' id='word_1_275' title='bbox 1048 2569 1192 2624; x_wconf 89' lang='lat' dir='ltr'><strong>nulla</strong></span> <span class='ocrx_word' id='word_1_276' title='bbox 1241 2569 1496 2638; x_wconf 87' lang='lat' dir='ltr'><strong>degeneri</strong></span> <span class='ocrx_word' id='word_1_277' title='bbox 1541 2568 1822 2624; x_wconf 86' lang='lat' dir='ltr'><strong>vicinitate</strong></span> 
     </span>
    </p>
   </div>
   <div class='ocr_carea' id='block_1_42' title="bbox 228 2660 1820 2732">
    <p class='ocr_par' dir='ltr' id='par_1_42' title="bbox 228 2660 1820 2732">
     <span class='ocr_line' id='line_1_42' title="bbox 228 2660 1820 2732; baseline -0.001 -14"><span class='ocrx_word' id='word_1_278' title='bbox 228 2662 568 2718; x_wconf 91' lang='lat' dir='ltr'><strong>sordescunt.</strong></span> <span class='ocrx_word' id='word_1_279' title='bbox 612 2661 701 2716; x_wconf 87' lang='lat' dir='ltr'><strong>Sic</strong></span> <span class='ocrx_word' id='word_1_280' title='bbox 727 2662 871 2718; x_wconf 91' lang='lat' dir='ltr'><strong>bona</strong></span> <span class='ocrx_word' id='word_1_281' title='bbox 899 2662 1096 2716; x_wconf 90' lang='lat' dir='ltr'><strong>merita</strong></span> <span class='ocrx_word' id='word_1_282' title='bbox 1137 2661 1430 2732; x_wconf 87' lang='lat' dir='ltr'><strong>splendidis</strong></span> <span class='ocrx_word' id='word_1_283' title='bbox 1471 2660 1820 2730; x_wconf 87' lang='lat' dir='ltr'><strong>dignitatibus</strong></span> 
     </span>
    </p>
   </div>
   <div class='ocr_carea' id='block_1_43' title="bbox 229 2751 1818 2827">
    <p class='ocr_par' dir='ltr' id='par_1_43' title="bbox 229 2751 1818 2827">
     <span class='ocr_line' id='line_1_43' title="bbox 229 2751 1818 2827; baseline -0.001 -17"><span class='ocrx_word' id='word_1_284' title='bbox 229 2757 453 2821; x_wconf 85' lang='lat' dir='ltr'><strong>sociata,</strong></span> <span class='ocrx_word' id='word_1_285' title='bbox 497 2755 717 2810; x_wconf 86' lang='lat' dir='ltr'><strong>alternis</strong></span> <span class='ocrx_word' id='word_1_286' title='bbox 763 2754 1050 2825; x_wconf 67' lang='lat' dir='ltr'><strong>praeconiis</strong></span> <span class='ocrx_word' id='word_1_287' title='bbox 1095 2753 1245 2827; x_wconf 84' lang='lat' dir='ltr'><strong>[_Ga.,</strong></span> <span class='ocrx_word' id='word_1_288' title='bbox 1293 2753 1514 2808; x_wconf 87' lang='lat' dir='ltr'><strong>alterius</strong></span> <span class='ocrx_word' id='word_1_289' title='bbox 1563 2751 1818 2824; x_wconf 64' lang='lat' dir='ltr'><strong>praemiis]</strong></span> 
     </span>
    </p>
   </div>
   <div class='ocr_carea' id='block_1_44' title="bbox 229 2844 1820 2918">
    <p class='ocr_par' dir='ltr' id='par_1_44' title="bbox 229 2844 1820 2918">
     <span class='ocr_line' id='line_1_44' title="bbox 229 2844 1820 2918; baseline -0.002 -15"><span class='ocrx_word' id='word_1_290' title='bbox 229 2846 582 2918; x_wconf 78' lang='lat' dir='ltr'><strong>adjuvantur;</strong></span> <span class='ocrx_word' id='word_1_291' title='bbox 615 2855 672 2902; x_wconf 91' lang='lat' dir='ltr'><strong>et</strong></span> <span class='ocrx_word' id='word_1_292' title='bbox 713 2847 873 2902; x_wconf 89' lang='lat' dir='ltr'><strong>unius</strong></span> <span class='ocrx_word' id='word_1_293' title='bbox 900 2848 980 2903; x_wconf 90' lang='lat' dir='ltr'><strong>rei</strong></span> <span class='ocrx_word' id='word_1_294' title='bbox 1021 2847 1186 2900; x_wconf 89' lang='lat' dir='ltr'><strong>facies</strong></span> <span class='ocrx_word' id='word_1_295' title='bbox 1217 2845 1284 2900; x_wconf 89' lang='lat' dir='ltr'><strong>de</strong></span> <span class='ocrx_word' id='word_1_296' title='bbox 1328 2844 1506 2899; x_wconf 90' lang='lat' dir='ltr'><strong>addita</strong></span> <span class='ocrx_word' id='word_1_297' title='bbox 1536 2851 1820 2900; x_wconf 86' lang='lat' dir='ltr'><strong>venustate</strong></span> 
     </span>
    </p>
   </div>
   <div class='ocr_carea' id='block_1_45' title="bbox 228 2934 1816 3012">
    <p class='ocr_par' dir='ltr' id='par_1_45' title="bbox 228 2934 1816 3012">
     <span class='ocr_line' id='line_1_45' title="bbox 228 2934 1816 3012; baseline -0.004 -16"><span class='ocrx_word' id='word_1_298' title='bbox 228 2940 577 3012; x_wconf 89' lang='lat' dir='ltr'><strong>pulchrescit.</strong></span> <span class='ocrx_word' id='word_1_299' title='bbox 606 2938 722 2993; x_wconf 88' lang='lat' dir='ltr'><strong>Non</strong></span> <span class='ocrx_word' id='word_1_300' title='bbox 757 2938 902 2994; x_wconf 93' lang='lat' dir='ltr'><strong>enim</strong></span> <span class='ocrx_word' id='word_1_301' title='bbox 929 2938 997 2994; x_wconf 88' lang='lat' dir='ltr'><strong>de</strong></span> <span class='ocrx_word' id='word_1_302' title='bbox 1021 2945 1072 2992; x_wconf 91' lang='lat' dir='ltr'><strong>te</strong></span> <span class='ocrx_word' id='word_1_303' title='bbox 1104 2936 1302 3007; x_wconf 85' lang='lat' dir='ltr'><strong>aliquid</strong></span> <span class='ocrx_word' id='word_1_304' title='bbox 1329 2936 1618 3005; x_wconf 84' lang='lat' dir='ltr'><strong>redemptae</strong></span> <span class='ocrx_word' id='word_1_305' title='bbox 1650 2934 1816 3005; x_wconf 82' lang='lat' dir='ltr'><strong>laudi,</strong></span> 
     </span>
    </p>
   </div>
   <div class='ocr_carea' id='block_1_46' title="bbox 228 3028 1819 3100">
    <p class='ocr_par' dir='ltr' id='par_1_46' title="bbox 228 3028 1819 3100">
     <span class='ocr_line' id='line_1_46' title="bbox 228 3028 1819 3100; baseline -0.003 -13"><span class='ocrx_word' id='word_1_306' title='bbox 228 3041 326 3087; x_wconf 87' lang='lat' dir='ltr'><strong>aut</strong></span> <span class='ocrx_word' id='word_1_307' title='bbox 351 3032 566 3100; x_wconf 81' lang='lat' dir='ltr'><strong>loquaci</strong></span> <span class='ocrx_word' id='word_1_308' title='bbox 597 3031 750 3085; x_wconf 77' lang='lat' dir='ltr'><strong>fama:</strong></span> <span class='ocrx_word' id='word_1_309' title='bbox 790 3029 1136 3098; x_wconf 88' lang='lat' dir='ltr'><strong>credidimus,</strong></span> <span class='ocrx_word' id='word_1_310' title='bbox 1166 3029 1256 3100; x_wconf 90' lang='lat' dir='ltr'><strong>qui</strong></span> <span class='ocrx_word' id='word_1_311' title='bbox 1275 3028 1430 3084; x_wconf 89' lang='lat' dir='ltr'><strong>nobis</strong></span> <span class='ocrx_word' id='word_1_312' title='bbox 1450 3028 1819 3098; x_wconf 74' lang='lat' dir='ltr'><strong>spectantibus</strong></span> 
     </span>
    </p>
   </div>
   <div class='ocr_carea' id='block_1_47' title="bbox 227 3123 1819 3195">
    <p class='ocr_par' dir='ltr' id='par_1_47' title="bbox 227 3123 1819 3195">
     <span class='ocr_line' id='line_1_47' title="bbox 227 3123 1819 3195; baseline 0.001 -15"><span class='ocrx_word' id='word_1_313' title='bbox 227 3141 375 3194; x_wconf 71' lang='lat' dir='ltr'><strong>smpe</strong></span> <span class='ocrx_word' id='word_1_314' title='bbox 420 3124 688 3194; x_wconf 90' lang='lat' dir='ltr'><strong>placuisti.</strong></span> <span class='ocrx_word' id='word_1_315' title='bbox 741 3123 1202 3195; x_wconf 89' lang='lat' dir='ltr'><strong>lnterpellantium</strong></span> <span class='ocrx_word' id='word_1_316' title='bbox 1251 3123 1517 3194; x_wconf 84' lang='lat' dir='ltr'><strong>siquidem</strong></span> <span class='ocrx_word' id='word_1_317' title='bbox 1567 3123 1819 3181; x_wconf 85' lang='lat' dir='ltr'><strong>confusas</strong></span> 
     </span>
    </p>
   </div>
   <div class='ocr_carea' id='block_1_48' title="bbox 1930 1905 3522 1992">
    <p class='ocr_par' dir='ltr' id='par_1_48' title="bbox 1930 1905 3522 1992">
     <span class='ocr_line' id='line_1_48' title="bbox 1930 1905 3522 1992; baseline 0.011 -32"><span class='ocrx_word' id='word_1_318' title='bbox 1930 1905 2036 1960; x_wconf 78' lang='lat'><strong>510</strong></span> <span class='ocrx_word' id='word_1_319' title='bbox 2063 1906 2285 1980; x_wconf 68' lang='lat' dir='ltr'><strong>ve1525]</strong></span> <span class='ocrx_word' id='word_1_320' title='bbox 2331 1925 2606 1967; x_wconf 90' lang='lat' dir='ltr'><strong>sacrarum</strong></span> <span class='ocrx_word' id='word_1_321' title='bbox 2637 1914 2979 1983; x_wconf 86' lang='lat' dir='ltr'><strong>largitionum</strong></span> <span class='ocrx_word' id='word_1_322' title='bbox 3013 1926 3038 1954; x_wconf 81' lang='grc' dir='ltr'>ι</span> <span class='ocrx_word' id='word_1_323' title='bbox 3066 1957 3081 1983; x_wconf 86' lang='grc'><em>,</em></span> <span class='ocrx_word' id='word_1_324' title='bbox 3109 1919 3220 1975; x_wconf 91' lang='lat' dir='ltr'><strong>Deo</strong></span> <span class='ocrx_word' id='word_1_325' title='bbox 3263 1923 3522 1992; x_wconf 87' lang='lat' dir='ltr'><strong>pr0pitio,</strong></span> 
     </span>
    </p>
   </div>
   <div class='ocr_carea' id='block_1_49' title="bbox 1927 1998 3519 2075">
    <p class='ocr_par' dir='ltr' id='par_1_49' title="bbox 1927 1998 3519 2075">
     <span class='ocr_line' id='line_1_49' title="bbox 1927 1998 3519 2075; baseline 0.012 -21"><span class='ocrx_word' id='word_1_326' title='bbox 1927 1998 2263 2068; x_wconf 86' lang='lat' dir='ltr'><strong>dignitatem.</strong></span> <span class='ocrx_word' id='word_1_327' title='bbox 2298 2001 2460 2060; x_wconf 90' lang='lat' dir='ltr'><strong>Utere</strong></span> <span class='ocrx_word' id='word_1_328' title='bbox 2487 2008 2740 2075; x_wconf 90' lang='lat' dir='ltr'><strong>congruis</strong></span> <span class='ocrx_word' id='word_1_329' title='bbox 2783 2007 2887 2065; x_wconf 89' lang='lat' dir='ltr'><strong>tuis</strong></span> <span class='ocrx_word' id='word_1_330' title='bbox 2913 2012 3205 2068; x_wconf 79' lang='lat' dir='ltr'><strong>natalibus</strong></span> <span class='ocrx_word' id='word_1_331' title='bbox 3236 2014 3519 2074; x_wconf 88' lang='lat' dir='ltr'><strong>institutis.</strong></span> 
     </span>
    </p>
   </div>
   <div class='ocr_carea' id='block_1_50' title="bbox 1927 2088 3518 2171">
    <p class='ocr_par' dir='ltr' id='par_1_50' title="bbox 1927 2088 3518 2171">
     <span class='ocr_line' id='line_1_50' title="bbox 1927 2088 3518 2171; baseline 0.011 -27"><span class='ocrx_word' id='word_1_332' title='bbox 1927 2088 2172 2147; x_wconf 83' lang='lat' dir='ltr'><strong>Meruisti</strong></span> <span class='ocrx_word' id='word_1_333' title='bbox 2199 2093 2474 2161; x_wconf 83' lang='lat' dir='ltr'><strong>hactenus,</strong></span> <span class='ocrx_word' id='word_1_334' title='bbox 2512 2104 2571 2150; x_wconf 92' lang='lat' dir='ltr'><strong>ut</strong></span> <span class='ocrx_word' id='word_1_335' title='bbox 2594 2098 2862 2154; x_wconf 91' lang='lat' dir='ltr'><strong>honorum</strong></span> <span class='ocrx_word' id='word_1_336' title='bbox 2893 2101 3106 2171; x_wconf 89' lang='lat' dir='ltr'><strong>fastigia</strong></span> <span class='ocrx_word' id='word_1_337' title='bbox 3128 2103 3474 2162; x_wconf 83' lang='lat' dir='ltr'><strong>credere-mus</strong></span> <span class='ocrx_word' id='word_1_338' title='bbox 3504 2125 3518 2161; x_wconf 88' lang='lat'><strong>:</strong></span> 
     </span>
    </p>
   </div>
   <div class='ocr_carea' id='block_1_51' title="bbox 1928 2187 3522 2256">
    <p class='ocr_par' dir='ltr' id='par_1_51' title="bbox 1928 2187 3522 2256">
     <span class='ocr_line' id='line_1_51' title="bbox 1928 2187 3522 2256; baseline 0.012 -19"><span class='ocrx_word' id='word_1_339' title='bbox 1928 2196 2028 2252; x_wconf 89' lang='lat' dir='ltr'><strong>age</strong></span> <span class='ocrx_word' id='word_1_340' title='bbox 2051 2199 2221 2252; x_wconf 89' lang='lat' dir='ltr'><strong>nunc,</strong></span> <span class='ocrx_word' id='word_1_341' title='bbox 2255 2193 2315 2240; x_wconf 91' lang='lat' dir='ltr'><strong>ut</strong></span> <span class='ocrx_word' id='word_1_342' title='bbox 2344 2187 2439 2242; x_wconf 89' lang='lat' dir='ltr'><strong>tibi</strong></span> <span class='ocrx_word' id='word_1_343' title='bbox 2461 2189 2646 2246; x_wconf 64' lang='lat' dir='ltr'><strong>gratiae</strong></span> <span class='ocrx_word' id='word_1_344' title='bbox 2675 2200 2874 2247; x_wconf 73' lang='lat' dir='ltr'><strong>nostra:</strong></span> <span class='ocrx_word' id='word_1_345' title='bbox 2896 2194 3124 2252; x_wconf 89' lang='lat' dir='ltr'><strong>celsiora</strong></span> <span class='ocrx_word' id='word_1_346' title='bbox 3175 2199 3522 2256; x_wconf 86' lang='lat' dir='ltr'><strong>nihilominus</strong></span> 
     </span>
    </p>
   </div>
   <div class='ocr_carea' id='block_1_52' title="bbox 1927 2274 2287 2332">
    <p class='ocr_par' dir='ltr' id='par_1_52' title="bbox 1927 2274 2287 2332">
     <span class='ocr_line' id='line_1_52' title="bbox 1927 2274 2287 2332; baseline 0 -2"><span class='ocrx_word' id='word_1_347' title='bbox 1927 2274 2287 2332; x_wconf 88' lang='lat' dir='ltr'><strong>conferamus.</strong></span> 
     </span>
    </p>
   </div>
   <div class='ocr_carea' id='block_1_53' title="bbox 2462 2413 2970 2476">
    <p class='ocr_par' dir='ltr' id='par_1_53' title="bbox 2462 2413 2970 2476">
     <span class='ocr_line' id='line_1_53' title="bbox 2462 2413 2970 2476; baseline 0.016 -8"><span class='ocrx_word' id='word_1_348' title='bbox 2462 2413 2797 2474; x_wconf 83' lang='lat' dir='ltr'><strong>EPISTOLA</strong></span> <span class='ocrx_word' id='word_1_349' title='bbox 2836 2419 2970 2476; x_wconf 83' lang='lat' dir='ltr'><strong>XLI.</strong></span> 
     </span>
    </p>
   </div>
   <div class='ocr_carea' id='block_1_54' title="bbox 2159 2520 3280 2575">
    <p class='ocr_par' dir='ltr' id='par_1_54' title="bbox 2159 2520 3280 2575">
     <span class='ocr_line' id='line_1_54' title="bbox 2159 2520 3280 2575; baseline 0.013 -15"><span class='ocrx_word' id='word_1_350' title='bbox 2159 2520 2388 2562; x_wconf 76' lang='lat' dir='ltr'><strong>SENATUI</strong></span> <span class='ocrx_word' id='word_1_351' title='bbox 2403 2523 2552 2564; x_wconf 79' lang='lat' dir='ltr'><strong>URBIS</strong></span> <span class='ocrx_word' id='word_1_352' title='bbox 2571 2525 2732 2567; x_wconf 71' lang='grc' dir='ltr'><strong>ΒΟΜᾸΞ</strong></span> <span class='ocrx_word' id='word_1_353' title='bbox 2762 2529 3132 2573; x_wconf 78' lang='lat' dir='ltr'><strong>THEODORICUS</strong></span> <span class='ocrx_word' id='word_1_354' title='bbox 3156 2534 3280 2575; x_wconf 78' lang='lat' dir='ltr'><strong>REX.</strong></span> 
     </span>
    </p>
   </div>
   <div class='ocr_carea' id='block_1_55' title="bbox 1927 2593 3519 2678">
    <p class='ocr_par' dir='ltr' id='par_1_55' title="bbox 1927 2593 3519 2678">
     <span class='ocr_line' id='line_1_55' title="bbox 1927 2593 3519 2678; baseline 0.014 -30"><span class='ocrx_word' id='word_1_355' title='bbox 1927 2593 2137 2678; x_wconf 74' lang='lat' dir='ltr'><strong>Iudicat</strong></span> <span class='ocrx_word' id='word_1_356' title='bbox 2171 2615 2236 2678; x_wconf 32' lang='lat' dir='ltr'><strong>lae</strong></span> <span class='ocrx_word' id='word_1_357' title='bbox 2283 2597 2599 2678; x_wconf 36' lang='lat' dir='ltr'><strong>C‘yprianum</strong></span> <span class='ocrx_word' id='word_1_358' title='bbox 2656 2605 2850 2678; x_wconf 75' lang='lat' dir='ltr'><strong>meritis</strong></span> <span class='ocrx_word' id='word_1_359' title='bbox 2895 2610 3121 2678; x_wconf 76' lang='lat' dir='ltr'><strong>propriis</strong></span> <span class='ocrx_word' id='word_1_360' title='bbox 3172 2622 3222 2664; x_wconf 91' lang='lat' dir='ltr'><strong>et</strong></span> <span class='ocrx_word' id='word_1_361' title='bbox 3269 2615 3519 2670; x_wconf 83' lang='lat' dir='ltr'><strong>natalium</strong></span> 
     </span>
    </p>
   </div>
   <div class='ocr_carea' id='block_1_56' title="bbox 1995 2667 3519 2789">
    <p class='ocr_par' dir='ltr' id='par_1_56' title="bbox 1995 2667 3519 2789">
     <span class='ocr_line' id='line_1_56' title="bbox 1995 2667 3519 2789; baseline 0.015 -71"><span class='ocrx_word' id='word_1_362' title='bbox 1995 2667 2274 2789; x_wconf 63' lang='lat' dir='ltr'><strong>:plendorc</strong></span> <span class='ocrx_word' id='word_1_363' title='bbox 2306 2667 2584 2750; x_wconf 66' lang='lat' dir='ltr'><strong>[algentem</strong></span> <span class='ocrx_word' id='word_1_364' title='bbox 2607 2673 2676 2726; x_wconf 83' lang='lat' dir='ltr'><strong>ad</strong></span> <span class='ocrx_word' id='word_1_365' title='bbox 2700 2667 2968 2731; x_wconf 69' lang='lat' dir='ltr'><strong>sacrarum</strong></span> <span class='ocrx_word' id='word_1_366' title='bbox 2993 2667 3340 2751; x_wconf 56' lang='lat' dir='ltr'><strong>largitionum</strong></span> <span class='ocrx_word' id='word_1_367' title='bbox 3364 2667 3519 2740; x_wconf 57' lang='lat' dir='ltr'><strong>conti;</strong></span> 
     </span>
     <span class='ocr_line' id='line_1_57' title="bbox 2020 2754 2428 2789; baseline 0 0"><span class='ocrx_word' id='word_1_368' title='bbox 2020 2754 2154 2789; x_wconf 80' lang='lat' dir='ltr'><strong>mam</strong></span> <span class='ocrx_word' id='word_1_369' title='bbox 2181 2755 2428 2789; x_wconf 68' lang='lat' dir='ltr'><strong>coemisse.</strong></span> 
     </span>
    </p>
   </div>
   <div class='ocr_carea' id='block_1_57' title="bbox 2020 2754 2428 2794">
    <p class='ocr_par' dir='ltr' id='par_1_57' title="bbox 2020 2754 2428 2794">
     <span class='ocr_line' id='line_1_58' title="bbox 2020 2754 2428 2794; baseline 0.01 -4"><span class='ocrx_word' id='word_1_370' title='bbox 2020 2754 2154 2792; x_wconf 81' lang='lat' dir='ltr'><strong>tuam</strong></span> <span class='ocrx_word' id='word_1_371' title='bbox 2181 2755 2428 2794; x_wconf 67' lang='grc' dir='ltr'><strong>ευεωιεδε.</strong></span> 
     </span>
    </p>
   </div>
   <div class='ocr_carea' id='block_1_58' title="bbox 1997 2829 3519 2912">
    <p class='ocr_par' dir='ltr' id='par_1_58' title="bbox 1997 2829 3519 2912">
     <span class='ocr_line' id='line_1_59' title="bbox 1997 2829 3519 2912; baseline 0.014 -30"><span class='ocrx_word' id='word_1_372' title='bbox 1997 2829 2149 2884; x_wconf 90' lang='lat' dir='ltr'><strong>Licet</strong></span> <span class='ocrx_word' id='word_1_373' title='bbox 2171 2831 2490 2888; x_wconf 88' lang='lat' dir='ltr'><strong>candidatos</strong></span> <span class='ocrx_word' id='word_1_374' title='bbox 2536 2836 2691 2892; x_wconf 88' lang='lat' dir='ltr'><strong>vobis</strong></span> <span class='ocrx_word' id='word_1_375' title='bbox 2721 2838 3030 2909; x_wconf 89' lang='lat' dir='ltr'><strong>frequenter</strong></span> <span class='ocrx_word' id='word_1_376' title='bbox 3064 2846 3312 2912; x_wconf 89' lang='lat' dir='ltr'><strong>genuerit</strong></span> <span class='ocrx_word' id='word_1_377' title='bbox 3340 2849 3519 2904; x_wconf 87' lang='lat' dir='ltr'><strong>muni-</strong></span> 
     </span>
    </p>
   </div>
   <div class='ocr_carea' id='block_1_59' title="bbox 1927 2915 3520 3002">
    <p class='ocr_par' dir='ltr' id='par_1_59' title="bbox 1927 2915 3520 3002">
     <span class='ocr_line' id='line_1_60' title="bbox 1927 2915 3520 3002; baseline 0.016 -32"><span class='ocrx_word' id='word_1_378' title='bbox 1927 2915 2141 2974; x_wconf 81' lang='lat' dir='ltr'><strong>ficentia</strong></span> <span class='ocrx_word' id='word_1_379' title='bbox 2185 2921 2498 2992; x_wconf 89' lang='lat' dir='ltr'><strong>principalis</strong></span> <span class='ocrx_word' id='word_1_380' title='bbox 2521 2965 2536 2990; x_wconf 93' lang='lat'><strong>,</strong></span> <span class='ocrx_word' id='word_1_381' title='bbox 2569 2935 2623 2980; x_wconf 91' lang='lat' dir='ltr'><strong>et</strong></span> <span class='ocrx_word' id='word_1_382' title='bbox 2649 2927 2876 2985; x_wconf 83' lang='lat' dir='ltr'><strong>fecunda</strong></span> <span class='ocrx_word' id='word_1_383' title='bbox 2907 2933 3234 3002; x_wconf 90' lang='lat' dir='ltr'><strong>indulgentia</strong></span> <span class='ocrx_word' id='word_1_384' title='bbox 3267 2937 3292 2976; x_wconf 76' lang='grc' dir='ltr'>δ</span> <span class='ocrx_word' id='word_1_385' title='bbox 3332 2947 3520 2997; x_wconf 89' lang='lat' dir='ltr'><strong>nostra</strong></span> 
     </span>
    </p>
   </div>
   <div class='ocr_carea' id='block_1_60' title="bbox 1925 3010 3522 3096">
    <p class='ocr_par' dir='ltr' id='par_1_60' title="bbox 1925 3010 3522 3096">
     <span class='ocr_line' id='line_1_61' title="bbox 1925 3010 3522 3096; baseline 0.016 -31"><span class='ocrx_word' id='word_1_386' title='bbox 1925 3010 2082 3066; x_wconf 87' lang='lat' dir='ltr'><strong>vobis</strong></span> <span class='ocrx_word' id='word_1_387' title='bbox 2108 3012 2280 3069; x_wconf 90' lang='lat' dir='ltr'><strong>altera</strong></span> <span class='ocrx_word' id='word_1_388' title='bbox 2314 3015 2386 3072; x_wconf 90' lang='lat' dir='ltr'><strong>sit</strong></span> <span class='ocrx_word' id='word_1_389' title='bbox 2410 3026 2633 3086; x_wconf 90' lang='lat' dir='ltr'><strong>natura;</strong></span> <span class='ocrx_word' id='word_1_390' title='bbox 2665 3020 2876 3078; x_wconf 87' lang='lat' dir='ltr'><strong>habetis</strong></span> <span class='ocrx_word' id='word_1_391' title='bbox 2904 3041 3045 3081; x_wconf 90' lang='lat' dir='ltr'><strong>nunc</strong></span> <span class='ocrx_word' id='word_1_392' title='bbox 3075 3027 3320 3096; x_wconf 86' lang='lat' dir='ltr'><strong>profecto</strong></span> <span class='ocrx_word' id='word_1_393' title='bbox 3346 3031 3522 3090; x_wconf 84' lang='lat' dir='ltr'><strong>virum</strong></span> 
     </span>
    </p>
   </div>
   <div class='ocr_carea' id='block_1_61' title="bbox 1925 3109 3520 3192">
    <p class='ocr_par' dir='ltr' id='par_1_61' title="bbox 1925 3109 3520 3192">
     <span class='ocr_line' id='line_1_62' title="bbox 1925 3109 3520 3192; baseline 0.013 -32"><span class='ocrx_word' id='word_1_394' title='bbox 1925 3121 2090 3177; x_wconf 89' lang='lat' dir='ltr'><strong>quem</strong></span> <span class='ocrx_word' id='word_1_395' title='bbox 2129 3115 2185 3163; x_wconf 92' lang='lat' dir='ltr'><strong>et</strong></span> <span class='ocrx_word' id='word_1_396' title='bbox 2212 3123 2310 3164; x_wconf 91' lang='lat' dir='ltr'><strong>nos</strong></span> <span class='ocrx_word' id='word_1_397' title='bbox 2339 3109 2567 3180; x_wconf 85' lang='lat' dir='ltr'><strong>elegisse</strong></span> <span class='ocrx_word' id='word_1_398' title='bbox 2595 3112 2803 3183; x_wconf 89' lang='lat' dir='ltr'><strong>deceat,</strong></span> <span class='ocrx_word' id='word_1_399' title='bbox 2849 3125 2904 3172; x_wconf 91' lang='lat' dir='ltr'><strong>et</strong></span> <span class='ocrx_word' id='word_1_400' title='bbox 2932 3134 3031 3174; x_wconf 90' lang='lat' dir='ltr'><strong>vos</strong></span> <span class='ocrx_word' id='word_1_401' title='bbox 3061 3123 3364 3192; x_wconf 85' lang='lat' dir='ltr'><strong>suscepisse</strong></span> <span class='ocrx_word' id='word_1_402' title='bbox 3387 3140 3520 3180; x_wconf 92' lang='lat' dir='ltr'><strong>con-</strong></span> 
     </span>
    </p>
   </div>
   <div class='ocr_carea' id='block_1_62' title="bbox 229 3200 1821 3300">
    <p class='ocr_par' dir='ltr' id='par_1_62' title="bbox 229 3212 1817 3285">
     <span class='ocr_line' id='line_1_63' title="bbox 229 3212 1817 3285; baseline 0.003 -15"><span class='ocrx_word' id='word_1_403' title='bbox 229 3217 480 3285; x_wconf 90' lang='lat' dir='ltr'><strong>querelas</strong></span> <span class='ocrx_word' id='word_1_404' title='bbox 510 3212 763 3274; x_wconf 86' lang='lat' dir='ltr'><strong>distincta</strong></span> <span class='ocrx_word' id='word_1_405' title='bbox 790 3217 946 3272; x_wconf 91' lang='lat' dir='ltr'><strong>nimis</strong></span> <span class='ocrx_word' id='word_1_406' title='bbox 961 3233 1024 3274; x_wconf 88' lang='lat' dir='ltr'><strong>ac</strong></span> <span class='ocrx_word' id='word_1_407' title='bbox 1043 3217 1219 3272; x_wconf 89' lang='lat' dir='ltr'><strong>lucida</strong></span> <span class='ocrx_word' id='word_1_408' title='bbox 1249 3217 1512 3272; x_wconf 86' lang='lat' dir='ltr'><strong>relatione</strong></span> <span class='ocrx_word' id='word_1_409' title='bbox 1539 3218 1817 3275; x_wconf 86' lang='lat' dir='ltr'><strong>narrabas.</strong></span> 
     </span>
    </p>
   </div>
   <div class='ocr_carea' id='block_1_63' title="bbox 1928 3200 3522 3300">
    <p class='ocr_par' dir='ltr' id='par_1_63' title="bbox 1928 3200 3522 3288">
     <span class='ocr_line' id='line_1_64' title="bbox 1928 3200 3522 3288; baseline 0.014 -34"><span class='ocrx_word' id='word_1_410' title='bbox 1928 3201 2131 3256; x_wconf 83' lang='lat' dir='ltr'><strong>veniat.</strong></span> <span class='ocrx_word' id='word_1_411' title='bbox 2157 3200 2258 3257; x_wconf 88' lang='lat' dir='ltr'><strong>Cui</strong></span> <span class='ocrx_word' id='word_1_412' title='bbox 2284 3202 2424 3259; x_wconf 89' lang='lat' dir='ltr'><strong>sicut</strong></span> <span class='ocrx_word' id='word_1_413' title='bbox 2464 3203 2797 3264; x_wconf 89' lang='lat' dir='ltr'><strong>fortunatum</strong></span> <span class='ocrx_word' id='word_1_414' title='bbox 2838 3212 2960 3282; x_wconf 29' lang='lat' dir='ltr'><strong>fuit,</strong></span> <span class='ocrx_word' id='word_1_415' title='bbox 2984 3229 3013 3268; x_wconf 92' lang='lat' dir='ltr'><strong>a</strong></span> <span class='ocrx_word' id='word_1_416' title='bbox 3044 3216 3201 3271; x_wconf 91' lang='lat' dir='ltr'><strong>nobis</strong></span> <span class='ocrx_word' id='word_1_417' title='bbox 3239 3218 3402 3288; x_wconf 88' lang='lat' dir='ltr'><strong>eligi,</strong></span> <span class='ocrx_word' id='word_1_418' title='bbox 3447 3222 3522 3276; x_wconf 90' lang='lat' dir='ltr'><strong>ita</strong></span> 
     </span>
    </p>
   </div>
   <div class='ocr_carea' id='block_1_64' title="bbox 228 3306 1820 3380">
    <p class='ocr_par' dir='ltr' id='par_1_64' title="bbox 228 3306 1820 3380">
     <span class='ocr_line' id='line_1_65' title="bbox 228 3306 1820 3380; baseline 0.003 -18"><span class='ocrx_word' id='word_1_419' title='bbox 228 3306 298 3362; x_wconf 84' lang='lat' dir='ltr'><strong>Et</strong></span> <span class='ocrx_word' id='word_1_420' title='bbox 319 3307 411 3378; x_wconf 91' lang='lat' dir='ltr'><strong>qui</strong></span> <span class='ocrx_word' id='word_1_421' title='bbox 441 3309 688 3378; x_wconf 90' lang='lat' dir='ltr'><strong>proprios</strong></span> <span class='ocrx_word' id='word_1_422' title='bbox 708 3308 924 3364; x_wconf 90' lang='lat' dir='ltr'><strong>dolores</strong></span> <span class='ocrx_word' id='word_1_423' title='bbox 947 3308 1248 3379; x_wconf 82' lang='lat' dir='ltr'><strong>exprimere</strong></span> <span class='ocrx_word' id='word_1_424' title='bbox 1271 3325 1377 3364; x_wconf 91' lang='lat' dir='ltr'><strong>non</strong></span> <span class='ocrx_word' id='word_1_425' title='bbox 1409 3317 1684 3380; x_wconf 83' lang='lat' dir='ltr'><strong>poterant,</strong></span> <span class='ocrx_word' id='word_1_426' title='bbox 1713 3309 1820 3366; x_wconf 85' lang='lat' dir='ltr'><strong>tuis</strong></span> 
     </span>
    </p>
   </div>
   <div class='ocr_carea' id='block_1_65' title="bbox 230 3398 1822 3468">
    <p class='ocr_par' dir='ltr' id='par_1_65' title="bbox 230 3398 1822 3468">
     <span class='ocr_line' id='line_1_66' title="bbox 230 3398 1822 3468; baseline 0.001 -15"><span class='ocrx_word' id='word_1_427' title='bbox 230 3398 599 3453; x_wconf 85' lang='lat' dir='ltr'><strong>commendati</strong></span> <span class='ocrx_word' id='word_1_428' title='bbox 639 3398 1048 3468; x_wconf 86' lang='lat' dir='ltr'><strong>allegationibus</strong></span> <span class='ocrx_word' id='word_1_429' title='bbox 1070 3399 1423 3466; x_wconf 87' lang='lat' dir='ltr'><strong>obtinebant;</strong></span> <span class='ocrx_word' id='word_1_430' title='bbox 1456 3406 1595 3453; x_wconf 91' lang='lat' dir='ltr'><strong>etne</strong></span> <span class='ocrx_word' id='word_1_431' title='bbox 1621 3399 1822 3455; x_wconf 88' lang='lat' dir='ltr'><strong>favoris</strong></span> 
     </span>
    </p>
   </div>
   <div class='ocr_carea' id='block_1_66' title="bbox 231 3491 1820 3562">
    <p class='ocr_par' dir='ltr' id='par_1_66' title="bbox 231 3491 1820 3562">
     <span class='ocr_line' id='line_1_67' title="bbox 231 3491 1820 3562; baseline 0.001 -15"><span class='ocrx_word' id='word_1_432' title='bbox 231 3492 459 3562; x_wconf 84' lang='lat' dir='ltr'><strong>alicujus</strong></span> <span class='ocrx_word' id='word_1_433' title='bbox 482 3499 762 3562; x_wconf 88' lang='lat' dir='ltr'><strong>putaretur</strong></span> <span class='ocrx_word' id='word_1_434' title='bbox 777 3507 1029 3548; x_wconf 83' lang='lat' dir='ltr'><strong>excessus</strong></span> <span class='ocrx_word' id='word_1_435' title='bbox 1043 3534 1057 3558; x_wconf 95' lang='lat'><strong>,</strong></span> <span class='ocrx_word' id='word_1_436' title='bbox 1082 3491 1347 3547; x_wconf 88' lang='lat' dir='ltr'><strong>desideria</strong></span> <span class='ocrx_word' id='word_1_437' title='bbox 1364 3491 1663 3562; x_wconf 88' lang='lat' dir='ltr'><strong>supplicum</strong></span> <span class='ocrx_word' id='word_1_438' title='bbox 1689 3492 1820 3562; x_wconf 82' lang='lat' dir='ltr'><strong>ipsis</strong></span> 
     </span>
    </p>
   </div>
   <div class='ocr_carea' id='block_1_67' title="bbox 231 3582 1819 3656">
    <p class='ocr_par' dir='ltr' id='par_1_67' title="bbox 231 3582 1819 3656">
     <span class='ocr_line' id='line_1_68' title="bbox 231 3582 1819 3656; baseline -0.001 -16"><span class='ocrx_word' id='word_1_439' title='bbox 231 3584 584 3656; x_wconf 64' lang='lat' dir='ltr'><strong>praesentibus</strong></span> <span class='ocrx_word' id='word_1_440' title='bbox 600 3584 902 3639; x_wconf 89' lang='lat' dir='ltr'><strong>intimabas.</strong></span> <span class='ocrx_word' id='word_1_441' title='bbox 928 3582 1020 3638; x_wconf 78' lang='grc' dir='ltr'><strong>Οτὶ</strong></span> <span class='ocrx_word' id='word_1_442' title='bbox 1036 3592 1128 3639; x_wconf 93' lang='lat' dir='ltr'><strong>tuo</strong></span> <span class='ocrx_word' id='word_1_443' title='bbox 1151 3583 1525 3639; x_wconf 79' lang='lat' dir='ltr'><strong>altercantium</strong></span> <span class='ocrx_word' id='word_1_444' title='bbox 1548 3583 1819 3639; x_wconf 89' lang='lat' dir='ltr'><strong>desideria</strong></span> 
     </span>
    </p>
   </div>
   <div class='ocr_carea' id='block_1_68' title="bbox 233 3675 1820 3745">
    <p class='ocr_par' dir='ltr' id='par_1_68' title="bbox 233 3675 1820 3745">
     <span class='ocr_line' id='line_1_69' title="bbox 233 3675 1820 3745; baseline -0.001 -11"><span class='ocrx_word' id='word_1_445' title='bbox 233 3685 646 3742; x_wconf 88' lang='lat' dir='ltr'><strong>convenerunt;</strong></span> <span class='ocrx_word' id='word_1_446' title='bbox 703 3686 777 3743; x_wconf 90' lang='lat' dir='ltr'><strong>et,</strong></span> <span class='ocrx_word' id='word_1_447' title='bbox 825 3675 968 3745; x_wconf 88' lang='lat' dir='ltr'><strong>quod</strong></span> <span class='ocrx_word' id='word_1_448' title='bbox 997 3675 1368 3731; x_wconf 85' lang='lat' dir='ltr'><strong>difficillimum</strong></span> <span class='ocrx_word' id='word_1_449' title='bbox 1421 3675 1606 3744; x_wconf 75' lang='lat' dir='ltr'><strong>grati-.13</strong></span> <span class='ocrx_word' id='word_1_450' title='bbox 1650 3689 1820 3744; x_wconf 87' lang='lat' dir='ltr'><strong>genus</strong></span> 
     </span>
    </p>
   </div>
   <div class='ocr_carea' id='block_1_69' title="bbox 234 3763 1819 3840">
    <p class='ocr_par' dir='ltr' id='par_1_69' title="bbox 234 3763 1819 3840">
     <span class='ocr_line' id='line_1_70' title="bbox 234 3763 1819 3840; baseline 0 -15"><span class='ocrx_word' id='word_1_451' title='bbox 234 3779 338 3835; x_wconf 90' lang='lat' dir='ltr'><strong>est,</strong></span> <span class='ocrx_word' id='word_1_452' title='bbox 371 3771 588 3826; x_wconf 73' lang='lat' dir='ltr'><strong>alterna:</strong></span> <span class='ocrx_word' id='word_1_453' title='bbox 618 3769 757 3840; x_wconf 87' lang='lat' dir='ltr'><strong>parti</strong></span> <span class='ocrx_word' id='word_1_454' title='bbox 810 3767 1103 3824; x_wconf 87' lang='lat' dir='ltr'><strong>indiscreta</strong></span> <span class='ocrx_word' id='word_1_455' title='bbox 1154 3763 1318 3824; x_wconf 85' lang='lat' dir='ltr'><strong>laude</strong></span> <span class='ocrx_word' id='word_1_456' title='bbox 1361 3769 1654 3840; x_wconf 88' lang='lat' dir='ltr'><strong>placuisti:</strong></span> <span class='ocrx_word' id='word_1_457' title='bbox 1700 3786 1819 3839; x_wconf 76' lang='lat' dir='ltr'><strong>qua:</strong></span> 
     </span>
    </p>
   </div>
   <div class='ocr_carea' id='block_1_70' title="bbox 232 3862 1820 3935">
    <p class='ocr_par' dir='ltr' id='par_1_70' title="bbox 232 3862 1820 3935">
     <span class='ocr_line' id='line_1_71' title="bbox 232 3862 1820 3935; baseline -0.001 -15"><span class='ocrx_word' id='word_1_458' title='bbox 232 3879 321 3920; x_wconf 90' lang='lat' dir='ltr'><strong>res</strong></span> <span class='ocrx_word' id='word_1_459' title='bbox 350 3865 494 3935; x_wconf 87' lang='lat' dir='ltr'><strong>ipsos</strong></span> <span class='ocrx_word' id='word_1_460' title='bbox 521 3873 764 3919; x_wconf 88' lang='lat' dir='ltr'><strong>oratores</strong></span> <span class='ocrx_word' id='word_1_461' title='bbox 791 3879 1006 3934; x_wconf 89' lang='lat' dir='ltr'><strong>quoque</strong></span> <span class='ocrx_word' id='word_1_462' title='bbox 1053 3863 1348 3933; x_wconf 89' lang='lat' dir='ltr'><strong>postponit.</strong></span> <span class='ocrx_word' id='word_1_463' title='bbox 1397 3862 1532 3918; x_wconf 88' lang='lat' dir='ltr'><strong>Nam</strong></span> <span class='ocrx_word' id='word_1_464' title='bbox 1560 3879 1682 3918; x_wconf 89' lang='lat' dir='ltr'><strong>cum</strong></span> <span class='ocrx_word' id='word_1_465' title='bbox 1714 3864 1820 3920; x_wconf 88' lang='lat' dir='ltr'><strong>illis</strong></span> 
     </span>
    </p>
   </div>
   <div class='ocr_carea' id='block_1_71' title="bbox 234 3954 1816 4028">
    <p class='ocr_par' dir='ltr' id='par_1_71' title="bbox 234 3954 1816 4028">
     <span class='ocr_line' id='line_1_72' title="bbox 234 3954 1816 4028; baseline -0.003 -16"><span class='ocrx_word' id='word_1_466' title='bbox 234 3957 304 4012; x_wconf 91' lang='lat' dir='ltr'><strong>sit</strong></span> <span class='ocrx_word' id='word_1_467' title='bbox 333 3957 664 4028; x_wconf 90' lang='lat' dir='ltr'><strong>propositum</strong></span> <span class='ocrx_word' id='word_1_468' title='bbox 685 3955 774 4009; x_wconf 91' lang='lat' dir='ltr'><strong>diu</strong></span> <span class='ocrx_word' id='word_1_469' title='bbox 805 3963 1032 4010; x_wconf 87' lang='lat' dir='ltr'><strong>tractata</strong></span> <span class='ocrx_word' id='word_1_470' title='bbox 1061 3955 1216 4009; x_wconf 92' lang='lat' dir='ltr'><strong>unius</strong></span> <span class='ocrx_word' id='word_1_471' title='bbox 1244 3954 1414 4024; x_wconf 88' lang='lat' dir='ltr'><strong>partis</strong></span> <span class='ocrx_word' id='word_1_472' title='bbox 1439 3962 1564 4009; x_wconf 87' lang='lat' dir='ltr'><strong>vota</strong></span> <span class='ocrx_word' id='word_1_473' title='bbox 1605 3954 1816 4021; x_wconf 84' lang='lat' dir='ltr'><strong>dicere;</strong></span> 
     </span>
    </p>
   </div>
   <div class='ocr_carea' id='block_1_72' title="bbox 236 4045 1848 4117">
    <p class='ocr_par' dir='ltr' id='par_1_72' title="bbox 236 4045 1848 4117">
     <span class='ocr_line' id='line_1_73' title="bbox 236 4045 1848 4117; baseline -0.002 -14"><span class='ocrx_word' id='word_1_474' title='bbox 236 4049 330 4104; x_wconf 89' lang='lat' dir='ltr'><strong>tibi</strong></span> <span class='ocrx_word' id='word_1_475' title='bbox 370 4062 584 4117; x_wconf 90' lang='lat' dir='ltr'><strong>semper</strong></span> <span class='ocrx_word' id='word_1_476' title='bbox 624 4060 844 4101; x_wconf 83' lang='lat' dir='ltr'><strong>necesse</strong></span> <span class='ocrx_word' id='word_1_477' title='bbox 872 4045 971 4099; x_wconf 89' lang='lat' dir='ltr'><strong>fuit</strong></span> <span class='ocrx_word' id='word_1_478' title='bbox 997 4045 1338 4114; x_wconf 87' lang='lat' dir='ltr'><strong>repentinum</strong></span> <span class='ocrx_word' id='word_1_479' title='bbox 1362 4045 1639 4113; x_wconf 87' lang='lat' dir='ltr'><strong>negotium</strong></span> <span class='ocrx_word' id='word_1_480' title='bbox 1667 4054 1819 4099; x_wconf 73' lang='lat' dir='ltr'><strong>utro-</strong></span> <span class='ocrx_word' id='word_1_481' title='bbox 1846 4059 1848 4061; x_wconf 68' lang='lat'><strong><em>’</em></strong></span> 
     </span>
    </p>
   </div>
   <div class='ocr_carea' id='block_1_73' title="bbox 234 4137 1818 4212">
    <p class='ocr_par' dir='ltr' id='par_1_73' title="bbox 234 4137 1818 4212">
     <span class='ocr_line' id='line_1_74' title="bbox 234 4137 1818 4212; baseline -0.003 -18"><span class='ocrx_word' id='word_1_482' title='bbox 234 4158 339 4212; x_wconf 88' lang='lat' dir='ltr'><strong>que</strong></span> <span class='ocrx_word' id='word_1_483' title='bbox 362 4141 530 4195; x_wconf 90' lang='lat' dir='ltr'><strong>latere</strong></span> <span class='ocrx_word' id='word_1_484' title='bbox 559 4139 852 4195; x_wconf 87' lang='lat' dir='ltr'><strong>declarare.</strong></span> <span class='ocrx_word' id='word_1_485' title='bbox 883 4137 1108 4192; x_wconf 84' lang='lat' dir='ltr'><strong>Additur</strong></span> <span class='ocrx_word' id='word_1_486' title='bbox 1147 4137 1312 4192; x_wconf 90' lang='lat' dir='ltr'><strong>etiam</strong></span> <span class='ocrx_word' id='word_1_487' title='bbox 1353 4137 1551 4205; x_wconf 89' lang='lat' dir='ltr'><strong>regalis</strong></span> <span class='ocrx_word' id='word_1_488' title='bbox 1581 4150 1818 4206; x_wconf 68' lang='lat' dir='ltr'><strong>praesen~</strong></span> 
     </span>
    </p>
   </div>
   <div class='ocr_carea' id='block_1_74' title="bbox 235 4227 1820 4303">
    <p class='ocr_par' dir='ltr' id='par_1_74' title="bbox 235 4227 1820 4303">
     <span class='ocr_line' id='line_1_75' title="bbox 235 4227 1820 4303; baseline -0.004 -14"><span class='ocrx_word' id='word_1_489' title='bbox 235 4235 322 4289; x_wconf 75' lang='lat' dir='ltr'><strong>tia:</strong></span> <span class='ocrx_word' id='word_1_490' title='bbox 359 4233 728 4303; x_wconf 89' lang='lat' dir='ltr'><strong>gravissimum</strong></span> <span class='ocrx_word' id='word_1_491' title='bbox 779 4228 950 4303; x_wconf 77' lang='lat' dir='ltr'><strong>[Niv.,</strong></span> <span class='ocrx_word' id='word_1_492' title='bbox 993 4227 1374 4299; x_wconf 84' lang='lat' dir='ltr'><strong>gratissimum]</strong></span> <span class='ocrx_word' id='word_1_493' title='bbox 1422 4227 1670 4298; x_wconf 78' lang='lat' dir='ltr'><strong>pondus:</strong></span> <span class='ocrx_word' id='word_1_494' title='bbox 1719 4227 1820 4283; x_wconf 90' lang='lat' dir='ltr'><strong>sub</strong></span> 
     </span>
    </p>
   </div>
   <div class='ocr_carea' id='block_1_75' title="bbox 233 4318 1819 4397">
    <p class='ocr_par' dir='ltr' id='par_1_75' title="bbox 233 4318 1819 4397">
     <span class='ocr_line' id='line_1_76' title="bbox 233 4318 1819 4397; baseline -0.006 -17"><span class='ocrx_word' id='word_1_495' title='bbox 233 4342 342 4397; x_wconf 89' lang='lat' dir='ltr'><strong>quo</strong></span> <span class='ocrx_word' id='word_1_496' title='bbox 379 4335 432 4380; x_wconf 90' lang='lat' dir='ltr'><strong>te</strong></span> <span class='ocrx_word' id='word_1_497' title='bbox 470 4325 542 4379; x_wconf 89' lang='lat' dir='ltr'><strong>ita</strong></span> <span class='ocrx_word' id='word_1_498' title='bbox 573 4323 728 4379; x_wconf 86' lang='lat' dir='ltr'><strong>facile</strong></span> <span class='ocrx_word' id='word_1_499' title='bbox 754 4321 980 4390; x_wconf 88' lang='lat' dir='ltr'><strong>contigit</strong></span> <span class='ocrx_word' id='word_1_500' title='bbox 1017 4319 1348 4391; x_wconf 81' lang='lat' dir='ltr'><strong>expeditum,</strong></span> <span class='ocrx_word' id='word_1_501' title='bbox 1373 4328 1431 4373; x_wconf 92' lang='lat' dir='ltr'><strong>ut</strong></span> <span class='ocrx_word' id='word_1_502' title='bbox 1456 4318 1600 4388; x_wconf 90' lang='lat' dir='ltr'><strong>quod</strong></span> <span class='ocrx_word' id='word_1_503' title='bbox 1629 4318 1704 4372; x_wconf 93' lang='lat' dir='ltr'><strong>illi</strong></span> <span class='ocrx_word' id='word_1_504' title='bbox 1727 4318 1819 4372; x_wconf 80' lang='lat' dir='ltr'><strong>vix</strong></span> 
     </span>
    </p>
   </div>
   <div class='ocr_carea' id='block_1_76' title="bbox 234 4409 1816 4489">
    <p class='ocr_par' dir='ltr' id='par_1_76' title="bbox 234 4409 1816 4489">
     <span class='ocr_line' id='line_1_77' title="bbox 234 4409 1816 4489; baseline -0.006 -16"><span class='ocrx_word' id='word_1_505' title='bbox 234 4425 459 4489; x_wconf 88' lang='lat' dir='ltr'><strong>possunt</strong></span> <span class='ocrx_word' id='word_1_506' title='bbox 487 4414 792 4470; x_wconf 79' lang='lat' dir='ltr'><strong>artificiosis</strong></span> <span class='ocrx_word' id='word_1_507' title='bbox 819 4411 1180 4469; x_wconf 87' lang='lat' dir='ltr'><strong>schematibus</strong></span> <span class='ocrx_word' id='word_1_508' title='bbox 1201 4427 1230 4465; x_wconf 90' lang='lat' dir='ltr'><strong>a</strong></span> <span class='ocrx_word' id='word_1_509' title='bbox 1260 4411 1530 4480; x_wconf 90' lang='lat' dir='ltr'><strong>judicibus</strong></span> <span class='ocrx_word' id='word_1_510' title='bbox 1550 4409 1816 4478; x_wconf 78' lang='lat' dir='ltr'><strong>obtinere,</strong></span> 
     </span>
    </p>
   </div>
   <div class='ocr_carea' id='block_1_77' title="bbox 235 4501 1819 4579">
    <p class='ocr_par' dir='ltr' id='par_1_77' title="bbox 235 4501 1819 4579">
     <span class='ocr_line' id='line_1_78' title="bbox 235 4501 1819 4579; baseline -0.004 -16"><span class='ocrx_word' id='word_1_511' title='bbox 235 4518 290 4564; x_wconf 89' lang='lat' dir='ltr'><strong>tu</strong></span> <span class='ocrx_word' id='word_1_512' title='bbox 321 4508 627 4579; x_wconf 87' lang='lat' dir='ltr'><strong>probarcris</strong></span> <span class='ocrx_word' id='word_1_513' title='bbox 656 4506 687 4560; x_wconf 75' lang='lat' dir='ltr'><strong>a&#39;</strong></span> <span class='ocrx_word' id='word_1_514' title='bbox 715 4504 959 4577; x_wconf 87' lang='lat' dir='ltr'><strong>principe</strong></span> <span class='ocrx_word' id='word_1_515' title='bbox 1005 4503 1157 4573; x_wconf 91' lang='lat' dir='ltr'><strong>puris</strong></span> <span class='ocrx_word' id='word_1_516' title='bbox 1199 4502 1610 4572; x_wconf 78' lang='lat' dir='ltr'><strong>allegationibus</strong></span> <span class='ocrx_word' id='word_1_517' title='bbox 1648 4501 1819 4572; x_wconf 88' lang='lat' dir='ltr'><strong>impe-</strong></span> 
     </span>
    </p>
   </div>
   <div class='ocr_carea' id='block_1_78' title="bbox 233 4592 1818 4662">
    <p class='ocr_par' dir='ltr' id='par_1_78' title="bbox 233 4592 1818 4662">
     <span class='ocr_line' id='line_1_79' title="bbox 233 4592 1818 4662; baseline -0.004 -8"><span class='ocrx_word' id='word_1_518' title='bbox 233 4609 397 4655; x_wconf 86' lang='lat' dir='ltr'><strong>trare.</strong></span> <span class='ocrx_word' id='word_1_519' title='bbox 424 4597 548 4652; x_wconf 85' lang='lat' dir='ltr'><strong>Erat</strong></span> <span class='ocrx_word' id='word_1_520' title='bbox 570 4596 820 4652; x_wconf 91' lang='lat' dir='ltr'><strong>nimirum</strong></span> <span class='ocrx_word' id='word_1_521' title='bbox 847 4594 1155 4652; x_wconf 86' lang='lat' dir='ltr'><strong>serenitatis</strong></span> <span class='ocrx_word' id='word_1_522' title='bbox 1184 4601 1382 4649; x_wconf 61' lang='lat' dir='ltr'><strong>nostra:</strong></span> <span class='ocrx_word' id='word_1_523' title='bbox 1410 4592 1464 4646; x_wconf 90' lang='lat' dir='ltr'><strong>in</strong></span> <span class='ocrx_word' id='word_1_524' title='bbox 1487 4593 1689 4648; x_wconf 90' lang='lat' dir='ltr'><strong>bonum</strong></span> <span class='ocrx_word' id='word_1_525' title='bbox 1719 4607 1818 4662; x_wconf 92' lang='lat' dir='ltr'><strong>pu-</strong></span> 
     </span>
    </p>
   </div>
   <div class='ocr_carea' id='block_1_79' title="bbox 231 4684 1811 4762">
    <p class='ocr_par' dir='ltr' id='par_1_79' title="bbox 231 4684 1811 4762">
     <span class='ocr_line' id='line_1_80' title="bbox 231 4684 1811 4762; baseline -0.008 -12"><span class='ocrx_word' id='word_1_526' title='bbox 231 4694 425 4750; x_wconf 81' lang='lat' dir='ltr'><strong>blicum</strong></span> <span class='ocrx_word' id='word_1_527' title='bbox 465 4699 652 4762; x_wconf 87' lang='lat' dir='ltr'><strong>parata</strong></span> <span class='ocrx_word' id='word_1_528' title='bbox 683 4688 948 4745; x_wconf 89' lang='lat' dir='ltr'><strong>sententia</strong></span> <span class='ocrx_word' id='word_1_529' title='bbox 983 4705 996 4742; x_wconf 88' lang='lat'><strong>:</strong></span> <span class='ocrx_word' id='word_1_530' title='bbox 1029 4687 1152 4756; x_wconf 76' lang='lat' dir='ltr'><strong>quia</strong></span> <span class='ocrx_word' id='word_1_531' title='bbox 1182 4686 1382 4740; x_wconf 87' lang='lat' dir='ltr'><strong>nullam</strong></span> <span class='ocrx_word' id='word_1_532' title='bbox 1419 4684 1726 4740; x_wconf 84' lang='lat' dir='ltr'><strong>tarditatem</strong></span> <span class='ocrx_word' id='word_1_533' title='bbox 1758 4684 1811 4738; x_wconf 93' lang='lat' dir='ltr'><strong>in</strong></span> 
     </span>
    </p>
   </div>
   <div class='ocr_carea' id='block_1_80' title="bbox 231 4778 1815 4854">
    <p class='ocr_par' dir='ltr' id='par_1_80' title="bbox 231 4778 1815 4854">
     <span class='ocr_line' id='line_1_81' title="bbox 231 4778 1815 4854; baseline -0.006 -12"><span class='ocrx_word' id='word_1_534' title='bbox 231 4785 604 4854; x_wconf 78' lang='lat' dir='ltr'><strong>cognoscendo</strong></span> <span class='ocrx_word' id='word_1_535' title='bbox 627 4782 845 4853; x_wconf 88' lang='lat' dir='ltr'><strong>negotio</strong></span> <span class='ocrx_word' id='word_1_536' title='bbox 875 4779 1193 4837; x_wconf 88' lang='lat' dir='ltr'><strong>sustinebat.</strong></span> <span class='ocrx_word' id='word_1_537' title='bbox 1225 4778 1350 4835; x_wconf 84' lang='lat' dir='ltr'><strong>Mox</strong></span> <span class='ocrx_word' id='word_1_538' title='bbox 1380 4778 1521 4834; x_wconf 91' lang='lat' dir='ltr'><strong>enim</strong></span> <span class='ocrx_word' id='word_1_539' title='bbox 1551 4794 1582 4833; x_wconf 89' lang='lat' dir='ltr'><strong>a</strong></span> <span class='ocrx_word' id='word_1_540' title='bbox 1610 4786 1664 4834; x_wconf 92' lang='lat' dir='ltr'><strong>te</strong></span> <span class='ocrx_word' id='word_1_541' title='bbox 1689 4793 1815 4833; x_wconf 79' lang='lat' dir='ltr'><strong>nar-</strong></span> 
     </span>
    </p>
   </div>
   <div class='ocr_carea' id='block_1_81' title="bbox 227 4869 1812 4945">
    <p class='ocr_par' dir='ltr' id='par_1_81' title="bbox 227 4869 1812 4945">
     <span class='ocr_line' id='line_1_82' title="bbox 227 4869 1812 4945; baseline -0.006 -12"><span class='ocrx_word' id='word_1_542' title='bbox 227 4887 346 4934; x_wconf 76' lang='lat' dir='ltr'><strong>rata</strong></span> <span class='ocrx_word' id='word_1_543' title='bbox 368 4892 529 4933; x_wconf 83' lang='lat' dir='ltr'><strong>causa</strong></span> <span class='ocrx_word' id='word_1_544' title='bbox 553 4884 843 4945; x_wconf 88' lang='lat' dir='ltr'><strong>conspecta</strong></span> <span class='ocrx_word' id='word_1_545' title='bbox 859 4882 970 4940; x_wconf 88' lang='lat' dir='ltr'><strong>est;</strong></span> <span class='ocrx_word' id='word_1_546' title='bbox 997 4882 1157 4928; x_wconf 90' lang='lat' dir='ltr'><strong>etcur</strong></span> <span class='ocrx_word' id='word_1_547' title='bbox 1187 4870 1427 4926; x_wconf 77' lang='lat' dir='ltr'><strong>tardaret</strong></span> <span class='ocrx_word' id='word_1_548' title='bbox 1449 4869 1649 4940; x_wconf 87' lang='lat' dir='ltr'><strong>negotii</strong></span> <span class='ocrx_word' id='word_1_549' title='bbox 1673 4869 1812 4936; x_wconf 87' lang='lat' dir='ltr'><strong>finis,</strong></span> 
     </span>
    </p>
   </div>
   <div class='ocr_carea' id='block_1_82' title="bbox 230 4961 1815 5038">
    <p class='ocr_par' dir='ltr' id='par_1_82' title="bbox 230 4961 1815 5038">
     <span class='ocr_line' id='line_1_83' title="bbox 230 4961 1815 5038; baseline -0.007 -12"><span class='ocrx_word' id='word_1_550' title='bbox 230 4988 352 5026; x_wconf 75' lang='lat' dir='ltr'><strong>cum</strong></span> <span class='ocrx_word' id='word_1_551' title='bbox 377 4978 432 5025; x_wconf 92' lang='lat' dir='ltr'><strong>tu</strong></span> <span class='ocrx_word' id='word_1_552' title='bbox 479 4968 877 5038; x_wconf 79' lang='lat' dir='ltr'><strong>suggestionem</strong></span> <span class='ocrx_word' id='word_1_553' title='bbox 904 4964 1082 5021; x_wconf 84' lang='lat' dir='ltr'><strong>lucida</strong></span> <span class='ocrx_word' id='word_1_554' title='bbox 1130 4964 1395 5020; x_wconf 87' lang='lat' dir='ltr'><strong>brevitate</strong></span> <span class='ocrx_word' id='word_1_555' title='bbox 1425 4961 1815 5017; x_wconf 86' lang='lat' dir='ltr'><strong>concluderes?</strong></span> 
     </span>
    </p>
   </div>
   <div class='ocr_carea' id='block_1_83' title="bbox 230 5052 1812 5131">
    <p class='ocr_par' dir='ltr' id='par_1_83' title="bbox 230 5052 1812 5131">
     <span class='ocr_line' id='line_1_84' title="bbox 230 5052 1812 5131; baseline -0.005 -14"><span class='ocrx_word' id='word_1_556' title='bbox 230 5062 492 5131; x_wconf 78' lang='lat' dir='ltr'><strong>Didicisti,</strong></span> <span class='ocrx_word' id='word_1_557' title='bbox 523 5070 582 5116; x_wconf 94' lang='lat' dir='ltr'><strong>ut</strong></span> <span class='ocrx_word' id='word_1_558' title='bbox 609 5060 899 5124; x_wconf 89' lang='lat' dir='ltr'><strong>credimus,</strong></span> <span class='ocrx_word' id='word_1_559' title='bbox 927 5057 1174 5128; x_wconf 87' lang='lat' dir='ltr'><strong>judicare</strong></span> <span class='ocrx_word' id='word_1_560' title='bbox 1196 5056 1394 5112; x_wconf 88' lang='lat' dir='ltr'><strong>nostris</strong></span> <span class='ocrx_word' id='word_1_561' title='bbox 1412 5053 1698 5111; x_wconf 89' lang='lat' dir='ltr'><strong>serviendo</strong></span> <span class='ocrx_word' id='word_1_562' title='bbox 1719 5052 1812 5123; x_wconf 86' lang='lat' dir='ltr'><strong>ju-</strong></span> 
     </span>
    </p>
   </div>
   <div class='ocr_carea' id='block_1_84' title="bbox 227 5147 1811 5221">
    <p class='ocr_par' dir='ltr' id='par_1_84' title="bbox 227 5147 1811 5221">
     <span class='ocr_line' id='line_1_85' title="bbox 227 5147 1811 5221; baseline -0.004 -13"><span class='ocrx_word' id='word_1_563' title='bbox 227 5153 399 5208; x_wconf 89' lang='lat' dir='ltr'><strong>diciis.</strong></span> <span class='ocrx_word' id='word_1_564' title='bbox 429 5149 507 5207; x_wconf 89' lang='lat' dir='ltr'><strong>lta</strong></span> <span class='ocrx_word' id='word_1_565' title='bbox 534 5191 549 5216; x_wconf 94' lang='lat'><strong>,</strong></span> <span class='ocrx_word' id='word_1_566' title='bbox 581 5149 726 5221; x_wconf 88' lang='lat' dir='ltr'><strong>quod</strong></span> <span class='ocrx_word' id='word_1_567' title='bbox 771 5149 1204 5206; x_wconf 84' lang='lat' dir='ltr'><strong>efficacissimum</strong></span> <span class='ocrx_word' id='word_1_568' title='bbox 1243 5147 1595 5217; x_wconf 77' lang='lat' dir='ltr'><strong>discipulatus</strong></span> <span class='ocrx_word' id='word_1_569' title='bbox 1641 5160 1811 5214; x_wconf 88' lang='lat' dir='ltr'><strong>genus</strong></span> 
     </span>
    </p>
   </div>
   <div class='ocr_carea' id='block_1_85' title="bbox 225 5237 1810 5314">
    <p class='ocr_par' dir='ltr' id='par_1_85' title="bbox 225 5237 1810 5314">
     <span class='ocr_line' id='line_1_86' title="bbox 225 5237 1810 5314; baseline -0.005 -13"><span class='ocrx_word' id='word_1_570' title='bbox 225 5255 328 5312; x_wconf 78' lang='lat' dir='ltr'><strong>cst,</strong></span> <span class='ocrx_word' id='word_1_571' title='bbox 353 5244 559 5314; x_wconf 83' lang='lat' dir='ltr'><strong>agendo</strong></span> <span class='ocrx_word' id='word_1_572' title='bbox 579 5243 758 5314; x_wconf 88' lang='lat' dir='ltr'><strong>potius</strong></span> <span class='ocrx_word' id='word_1_573' title='bbox 780 5243 1073 5297; x_wconf 87' lang='lat' dir='ltr'><strong>instructus</strong></span> <span class='ocrx_word' id='word_1_574' title='bbox 1095 5256 1154 5297; x_wconf 92' lang='lat' dir='ltr'><strong>es</strong></span> <span class='ocrx_word' id='word_1_575' title='bbox 1181 5256 1346 5311; x_wconf 91' lang='lat' dir='ltr'><strong>quam</strong></span> <span class='ocrx_word' id='word_1_576' title='bbox 1377 5237 1628 5308; x_wconf 82' lang='lat' dir='ltr'><strong>legendo.</strong></span> <span class='ocrx_word' id='word_1_577' title='bbox 1663 5237 1810 5294; x_wconf 90' lang='lat' dir='ltr'><strong>Tali-</strong></span> 
     </span>
    </p>
   </div>
   <div class='ocr_carea' id='block_1_86' title="bbox 223 5328 1810 5408">
    <p class='ocr_par' dir='ltr' id='par_1_86' title="bbox 223 5328 1810 5408">
     <span class='ocr_line' id='line_1_87' title="bbox 223 5328 1810 5408; baseline -0.008 -10"><span class='ocrx_word' id='word_1_578' title='bbox 223 5341 326 5400; x_wconf 83' lang='lat' dir='ltr'><strong>bus</strong></span> <span class='ocrx_word' id='word_1_579' title='bbox 350 5337 511 5408; x_wconf 88' lang='lat' dir='ltr'><strong>igitur</strong></span> <span class='ocrx_word' id='word_1_580' title='bbox 530 5333 786 5392; x_wconf 68' lang='lat' dir='ltr'><strong>institutis</strong></span> <span class='ocrx_word' id='word_1_581' title='bbox 812 5333 1057 5400; x_wconf 88' lang='lat' dir='ltr'><strong>edoctus,</strong></span> <span class='ocrx_word' id='word_1_582' title='bbox 1089 5330 1215 5388; x_wconf 74' lang='lat' dir='ltr'><strong>an:</strong></span> <span class='ocrx_word' id='word_1_583' title='bbox 1233 5328 1508 5402; x_wconf 86' lang='lat' dir='ltr'><strong>sumpsisti</strong></span> <span class='ocrx_word' id='word_1_584' title='bbox 1528 5330 1810 5401; x_wconf 83' lang='lat' dir='ltr'><strong>legationis</strong></span> 
     </span>
    </p>
   </div>
   <div class='ocr_carea' id='block_1_87' title="bbox 266 5465 1806 5565">
    <p class='ocr_par' dir='ltr' id='par_1_87' title="bbox 266 5492 1806 5565">
     <span class='ocr_line' id='line_1_88' title="bbox 266 5492 1806 5565; baseline -0.003 -13"><span class='ocrx_word' id='word_1_585' title='bbox 266 5539 269 5541; x_wconf 89' lang='grc'><strong>-</strong></span> <span class='ocrx_word' id='word_1_586' title='bbox 298 5505 324 5534; x_wconf 77' lang='grc'>⁸</span> <span class='ocrx_word' id='word_1_587' title='bbox 354 5495 599 5552; x_wconf 80' lang='lat' dir='ltr'><strong>Officium</strong></span> <span class='ocrx_word' id='word_1_588' title='bbox 625 5496 838 5552; x_wconf 91' lang='lat' dir='ltr'><strong>comitis</strong></span> <span class='ocrx_word' id='word_1_589' title='bbox 867 5507 1142 5565; x_wconf 84' lang='lat' dir='ltr'><strong>sacrarum</strong></span> <span class='ocrx_word' id='word_1_590' title='bbox 1170 5493 1518 5565; x_wconf 89' lang='lat' dir='ltr'><strong>largitionum</strong></span> <span class='ocrx_word' id='word_1_591' title='bbox 1549 5492 1806 5550; x_wconf 86' lang='lat' dir='ltr'><strong>describit</strong></span> 
     </span>
    </p>
   </div>
   <div class='ocr_carea' id='block_1_88' title="bbox 225 5564 1125 5639">
    <p class='ocr_par' dir='ltr' id='par_1_88' title="bbox 225 5564 1125 5639">
     <span class='ocr_line' id='line_1_89' title="bbox 225 5564 1125 5639; baseline -0.007 -14"><span class='ocrx_word' id='word_1_592' title='bbox 225 5568 551 5626; x_wconf 82' lang='lat' dir='ltr'><strong>Claudianus</strong></span> <span class='ocrx_word' id='word_1_593' title='bbox 579 5569 632 5624; x_wconf 90' lang='lat' dir='ltr'><strong>in</strong></span> <span class='ocrx_word' id='word_1_594' title='bbox 661 5582 916 5639; x_wconf 46' lang='lat' dir='ltr'><strong>panegyt&#39;.</strong></span> <span class='ocrx_word' id='word_1_595' title='bbox 940 5564 1125 5620; x_wconf 82' lang='lat' dir='ltr'><strong>Mallii.</strong></span> 
     </span>
    </p>
   </div>
   <div class='ocr_carea' id='block_1_89' title="bbox 383 5682 1622 5745">
    <p class='ocr_par' dir='ltr' id='par_1_89' title="bbox 383 5682 1622 5745">
     <span class='ocr_line' id='line_1_90' title="bbox 383 5682 1622 5745; baseline -0.005 -9"><span class='ocrx_word' id='word_1_596' title='bbox 383 5686 503 5736; x_wconf 82' lang='lat' dir='ltr'><strong>f.inc</strong></span> <span class='ocrx_word' id='word_1_597' title='bbox 524 5696 671 5733; x_wconf 72' lang='lat' dir='ltr'><strong>sacra)</strong></span> <span class='ocrx_word' id='word_1_598' title='bbox 696 5682 978 5733; x_wconf 80' lang='lat' dir='ltr'><strong>mznulantur</strong></span> <span class='ocrx_word' id='word_1_599' title='bbox 1001 5696 1139 5745; x_wconf 83' lang='lat' dir='ltr'><strong>opes,</strong></span> <span class='ocrx_word' id='word_1_600' title='bbox 1164 5683 1396 5744; x_wconf 82' lang='lat' dir='ltr'><strong>orbisque</strong></span> <span class='ocrx_word' id='word_1_601' title='bbox 1421 5683 1622 5744; x_wconf 88' lang='lat' dir='ltr'><strong>tributa,</strong></span> 
     </span>
    </p>
   </div>
   <div class='ocr_carea' id='block_1_90' title="bbox 378 5745 1449 5806">
    <p class='ocr_par' dir='ltr' id='par_1_90' title="bbox 378 5745 1449 5806">
     <span class='ocr_line' id='line_1_91' title="bbox 378 5745 1449 5806; baseline -0.006 -8"><span class='ocrx_word' id='word_1_602' title='bbox 378 5747 596 5799; x_wconf 45' lang='grc' dir='ltr'><strong>γαμεεεί</strong></span> <span class='ocrx_word' id='word_1_603' title='bbox 621 5746 848 5806; x_wconf 48' lang='lat' dir='ltr'><strong>quidquid</strong></span> <span class='ocrx_word' id='word_1_604' title='bbox 875 5748 1034 5793; x_wconf 76' lang='lat' dir='ltr'><strong>fluviis</strong></span> <span class='ocrx_word' id='word_1_605' title='bbox 1058 5748 1298 5796; x_wconf 81' lang='lat' dir='ltr'><strong>evolvitur</strong></span> <span class='ocrx_word' id='word_1_606' title='bbox 1317 5745 1449 5806; x_wconf 88' lang='lat' dir='ltr'><strong>auri;</strong></span> 
     </span>
    </p>
   </div>
   <div class='ocr_carea' id='block_1_91' title="bbox 378 5807 1596 5871">
    <p class='ocr_par' dir='ltr' id='par_1_91' title="bbox 378 5807 1596 5871">
     <span class='ocr_line' id='line_1_92' title="bbox 378 5807 1596 5871; baseline -0.002 -13"><span class='ocrx_word' id='word_1_607' title='bbox 378 5809 620 5871; x_wconf 71' lang='lat' dir='ltr'><strong>Quidquid</strong></span> <span class='ocrx_word' id='word_1_608' title='bbox 646 5809 756 5856; x_wconf 77' lang='lat' dir='ltr'><strong>Iure</strong></span> <span class='ocrx_word' id='word_1_609' title='bbox 783 5807 944 5868; x_wconf 81' lang='lat' dir='ltr'><strong>procul</strong></span> <span class='ocrx_word' id='word_1_610' title='bbox 972 5822 1121 5871; x_wconf 79' lang='lat' dir='ltr'><strong>venas</strong></span> <span class='ocrx_word' id='word_1_611' title='bbox 1145 5809 1312 5856; x_wconf 84' lang='lat' dir='ltr'><strong>rimata</strong></span> <span class='ocrx_word' id='word_1_612' title='bbox 1333 5819 1596 5871; x_wconf 84' lang='lat' dir='ltr'><strong>sequaces,</strong></span> 
     </span>
    </p>
   </div>
   <div class='ocr_carea' id='block_1_92' title="bbox 381 5870 1354 5936">
    <p class='ocr_par' dir='ltr' id='par_1_92' title="bbox 381 5870 1354 5936">
     <span class='ocr_line' id='line_1_93' title="bbox 381 5870 1354 5936; baseline -0.006 -9"><span class='ocrx_word' id='word_1_613' title='bbox 381 5870 554 5927; x_wconf 64' lang='grc' dir='ltr'>Αιιςιιω</span> <span class='ocrx_word' id='word_1_614' title='bbox 581 5871 806 5936; x_wconf 76' lang='lat' dir='ltr'><strong>pallentis</strong></span> <span class='ocrx_word' id='word_1_615' title='bbox 830 5871 950 5921; x_wconf 79' lang='lat' dir='ltr'><strong>fodit</strong></span> <span class='ocrx_word' id='word_1_616' title='bbox 970 5870 1168 5925; x_wconf 68' lang='lat' dir='ltr'><strong>splenia</strong></span> <span class='ocrx_word' id='word_1_617' title='bbox 1196 5871 1354 5921; x_wconf 78' lang='lat' dir='ltr'><strong>Bessi.</strong></span> 
     </span>
    </p>
   </div>
   <div class='ocr_carea' id='block_1_93' title="bbox 1849 3289 3520 3380">
    <p class='ocr_par' dir='ltr' id='par_1_93' title="bbox 1849 3289 3520 3380">
     <span class='ocr_line' id='line_1_94' title="bbox 1849 3289 3520 3380; baseline 0.015 -34"><span class='ocrx_word' id='word_1_618' title='bbox 1849 3289 1895 3340; x_wconf 85' lang='grc'><strong>.“’</strong></span> <span class='ocrx_word' id='word_1_619' title='bbox 1925 3294 2192 3351; x_wconf 90' lang='lat' dir='ltr'><strong>laudabile</strong></span> <span class='ocrx_word' id='word_1_620' title='bbox 2223 3289 2353 3351; x_wconf 83' lang='lat' dir='ltr'><strong>erit</strong></span> <span class='ocrx_word' id='word_1_621' title='bbox 2381 3307 2564 3355; x_wconf 89' lang='lat' dir='ltr'><strong>vestro</strong></span> <span class='ocrx_word' id='word_1_622' title='bbox 2605 3304 2769 3358; x_wconf 75' lang='grc' dir='ltr'><strong>οωιυί</strong></span> <span class='ocrx_word' id='word_1_623' title='bbox 2817 3304 3086 3363; x_wconf 89' lang='lat' dir='ltr'><strong>bonorum</strong></span> <span class='ocrx_word' id='word_1_624' title='bbox 3139 3310 3257 3380; x_wconf 90' lang='lat' dir='ltr'><strong>lege</strong></span> <span class='ocrx_word' id='word_1_625' title='bbox 3301 3314 3520 3371; x_wconf 88' lang='lat' dir='ltr'><strong>sociari.</strong></span> 
     </span>
    </p>
   </div>
   <div class='ocr_carea' id='block_1_94' title="bbox 1924 3384 3520 3472">
    <p class='ocr_par' dir='ltr' id='par_1_94' title="bbox 1924 3384 3520 3472">
     <span class='ocr_line' id='line_1_95' title="bbox 1924 3384 3520 3472; baseline 0.014 -33"><span class='ocrx_word' id='word_1_626' title='bbox 1924 3384 2043 3442; x_wconf 81' lang='lat' dir='ltr'><strong>Hoc</strong></span> <span class='ocrx_word' id='word_1_627' title='bbox 2084 3396 2264 3442; x_wconf 89' lang='lat' dir='ltr'><strong>tamen</strong></span> <span class='ocrx_word' id='word_1_628' title='bbox 2292 3389 2456 3444; x_wconf 70' lang='lat' dir='ltr'><strong>curia:</strong></span> <span class='ocrx_word' id='word_1_629' title='bbox 2503 3389 2715 3450; x_wconf 88' lang='lat' dir='ltr'><strong>felicius</strong></span> <span class='ocrx_word' id='word_1_630' title='bbox 2761 3399 3035 3465; x_wconf 87' lang='lat' dir='ltr'><strong>provenit,</strong></span> <span class='ocrx_word' id='word_1_631' title='bbox 3065 3402 3211 3472; x_wconf 88' lang='lat' dir='ltr'><strong>quod</strong></span> <span class='ocrx_word' id='word_1_632' title='bbox 3261 3404 3421 3460; x_wconf 88' lang='lat' dir='ltr'><strong>nobis</strong></span> <span class='ocrx_word' id='word_1_633' title='bbox 3462 3414 3520 3461; x_wconf 90' lang='lat' dir='ltr'><strong>et</strong></span> 
     </span>
    </p>
   </div>
   <div class='ocr_carea' id='block_1_95' title="bbox 1923 3476 3516 3567">
    <p class='ocr_par' dir='ltr' id='par_1_95' title="bbox 1923 3476 3516 3567">
     <span class='ocr_line' id='line_1_96' title="bbox 1923 3476 3516 3567; baseline 0.014 -35"><span class='ocrx_word' id='word_1_634' title='bbox 1923 3476 2199 3548; x_wconf 80' lang='lat' dir='ltr'><strong>impolitus</strong></span> <span class='ocrx_word' id='word_1_635' title='bbox 2230 3481 2334 3536; x_wconf 91' lang='lat' dir='ltr'><strong>tiro</strong></span> <span class='ocrx_word' id='word_1_636' title='bbox 2373 3481 2608 3539; x_wconf 88' lang='lat' dir='ltr'><strong>militat:</strong></span> <span class='ocrx_word' id='word_1_637' title='bbox 2640 3486 2730 3541; x_wconf 91' lang='lat' dir='ltr'><strong>illa</strong></span> <span class='ocrx_word' id='word_1_638' title='bbox 2755 3504 2886 3545; x_wconf 91' lang='lat' dir='ltr'><strong>vero</strong></span> <span class='ocrx_word' id='word_1_639' title='bbox 2907 3503 3017 3546; x_wconf 90' lang='lat' dir='ltr'><strong>non</strong></span> <span class='ocrx_word' id='word_1_640' title='bbox 3046 3494 3263 3565; x_wconf 87' lang='lat' dir='ltr'><strong>recipit,</strong></span> <span class='ocrx_word' id='word_1_641' title='bbox 3296 3497 3398 3553; x_wconf 91' lang='lat' dir='ltr'><strong>nisi</strong></span> <span class='ocrx_word' id='word_1_642' title='bbox 3423 3498 3516 3567; x_wconf 89' lang='lat' dir='ltr'><strong>qui</strong></span> 
     </span>
    </p>
   </div>
   <div class='ocr_carea' id='block_1_96' title="bbox 1918 3567 3520 3647">
    <p class='ocr_par' dir='ltr' id='par_1_96' title="bbox 1918 3567 3520 3647">
     <span class='ocr_line' id='line_1_97' title="bbox 1918 3567 3520 3647; baseline 0.011 -24"><span class='ocrx_word' id='word_1_643' title='bbox 1918 3567 2030 3640; x_wconf 88' lang='lat' dir='ltr'><strong>jam</strong></span> <span class='ocrx_word' id='word_1_644' title='bbox 2075 3570 2269 3639; x_wconf 87' lang='lat' dir='ltr'><strong>dignus</strong></span> <span class='ocrx_word' id='word_1_645' title='bbox 2294 3573 2594 3632; x_wconf 89' lang='lat' dir='ltr'><strong>honoribus</strong></span> <span class='ocrx_word' id='word_1_646' title='bbox 2623 3580 2860 3647; x_wconf 90' lang='lat' dir='ltr'><strong>potuerit</strong></span> <span class='ocrx_word' id='word_1_647' title='bbox 2889 3581 3141 3638; x_wconf 91' lang='lat' dir='ltr'><strong>inveniri.</strong></span> <span class='ocrx_word' id='word_1_648' title='bbox 3172 3582 3520 3643; x_wconf 88' lang='lat' dir='ltr'><strong>Convenien-</strong></span> 
     </span>
    </p>
   </div>
   <div class='ocr_carea' id='block_1_97' title="bbox 1924 3662 3522 3748">
    <p class='ocr_par' dir='ltr' id='par_1_97' title="bbox 1924 3662 3522 3748">
     <span class='ocr_line' id='line_1_98' title="bbox 1924 3662 3522 3748; baseline 0.011 -32"><span class='ocrx_word' id='word_1_649' title='bbox 1924 3669 2010 3717; x_wconf 91' lang='lat' dir='ltr'><strong>ter</strong></span> <span class='ocrx_word' id='word_1_650' title='bbox 2029 3677 2160 3732; x_wconf 90' lang='lat' dir='ltr'><strong>ergo</strong></span> <span class='ocrx_word' id='word_1_651' title='bbox 2191 3662 2328 3720; x_wconf 92' lang='lat' dir='ltr'><strong>ordo</strong></span> <span class='ocrx_word' id='word_1_652' title='bbox 2350 3677 2533 3724; x_wconf 88' lang='lat' dir='ltr'><strong>vester</strong></span> <span class='ocrx_word' id='word_1_653' title='bbox 2556 3669 2853 3725; x_wconf 86' lang='lat' dir='ltr'><strong>aestimatur</strong></span> <span class='ocrx_word' id='word_1_654' title='bbox 2883 3672 3114 3730; x_wconf 84' lang='lat' dir='ltr'><strong>eximius</strong></span> <span class='ocrx_word' id='word_1_655' title='bbox 3136 3713 3152 3740; x_wconf 96' lang='lat'><strong>,</strong></span> <span class='ocrx_word' id='word_1_656' title='bbox 3181 3677 3276 3744; x_wconf 92' lang='lat' dir='ltr'><strong>qui</strong></span> <span class='ocrx_word' id='word_1_657' title='bbox 3303 3692 3522 3748; x_wconf 91' lang='lat' dir='ltr'><strong>semper</strong></span> 
     </span>
    </p>
   </div>
   <div class='ocr_carea' id='block_1_98' title="bbox 1923 3752 3521 3837">
    <p class='ocr_par' dir='ltr' id='par_1_98' title="bbox 1923 3752 3521 3837">
     <span class='ocr_line' id='line_1_99' title="bbox 1923 3752 3521 3837; baseline 0.011 -31"><span class='ocrx_word' id='word_1_658' title='bbox 1923 3759 2008 3807; x_wconf 89' lang='lat' dir='ltr'><strong>est</strong></span> <span class='ocrx_word' id='word_1_659' title='bbox 2026 3752 2093 3808; x_wconf 89' lang='lat' dir='ltr'><strong>de</strong></span> <span class='ocrx_word' id='word_1_660' title='bbox 2121 3755 2512 3824; x_wconf 89' lang='lat' dir='ltr'><strong>probatissimis</strong></span> <span class='ocrx_word' id='word_1_661' title='bbox 2534 3769 2911 3830; x_wconf 86' lang='lat' dir='ltr'><strong>congregatus.</strong></span> <span class='ocrx_word' id='word_1_662' title='bbox 2937 3760 3054 3818; x_wconf 88' lang='lat' dir='ltr'><strong>Non</strong></span> <span class='ocrx_word' id='word_1_663' title='bbox 3083 3765 3228 3820; x_wconf 89' lang='lat' dir='ltr'><strong>enim</strong></span> <span class='ocrx_word' id='word_1_664' title='bbox 3259 3765 3370 3822; x_wconf 91' lang='lat' dir='ltr'><strong>illic</strong></span> <span class='ocrx_word' id='word_1_665' title='bbox 3391 3783 3521 3837; x_wconf 89' lang='lat' dir='ltr'><strong>pro-</strong></span> 
     </span>
    </p>
   </div>
   <div class='ocr_carea' id='block_1_99' title="bbox 1924 3841 3515 3925">
    <p class='ocr_par' dir='ltr' id='par_1_99' title="bbox 1924 3841 3515 3925">
     <span class='ocr_line' id='line_1_100' title="bbox 1924 3841 3515 3925; baseline 0.01 -29"><span class='ocrx_word' id='word_1_666' title='bbox 1924 3841 2061 3899; x_wconf 81' lang='lat' dir='ltr'><strong>fanis</strong></span> <span class='ocrx_word' id='word_1_667' title='bbox 2101 3855 2372 3901; x_wconf 89' lang='lat' dir='ltr'><strong>reseratur</strong></span> <span class='ocrx_word' id='word_1_668' title='bbox 2401 3848 2670 3918; x_wconf 90' lang='lat' dir='ltr'><strong>introitus,</strong></span> <span class='ocrx_word' id='word_1_669' title='bbox 2696 3852 2792 3907; x_wconf 89' lang='lat' dir='ltr'><strong>sed</strong></span> <span class='ocrx_word' id='word_1_670' title='bbox 2821 3851 2956 3909; x_wconf 89' lang='lat' dir='ltr'><strong>tales</strong></span> <span class='ocrx_word' id='word_1_671' title='bbox 2976 3855 3102 3910; x_wconf 90' lang='lat' dir='ltr'><strong>illuc</strong></span> <span class='ocrx_word' id='word_1_672' title='bbox 3130 3857 3515 3925; x_wconf 90' lang='lat' dir='ltr'><strong>permittuntur</strong></span> 
     </span>
    </p>
   </div>
   <div class='ocr_carea' id='block_1_100' title="bbox 1923 3936 3514 4008">
    <p class='ocr_par' dir='ltr' id='par_1_100' title="bbox 1923 3936 3514 4008">
     <span class='ocr_line' id='line_1_101' title="bbox 1923 3936 3514 4008; baseline 0.008 -18"><span class='ocrx_word' id='word_1_673' title='bbox 1923 3936 2182 3994; x_wconf 87' lang='lat' dir='ltr'><strong>accedere</strong></span> <span class='ocrx_word' id='word_1_674' title='bbox 2199 3977 2216 4004; x_wconf 96' lang='lat'><strong>,</strong></span> <span class='ocrx_word' id='word_1_675' title='bbox 2237 3939 2425 4008; x_wconf 87' lang='lat' dir='ltr'><strong>quales</strong></span> <span class='ocrx_word' id='word_1_676' title='bbox 2464 3941 2588 3997; x_wconf 90' lang='lat' dir='ltr'><strong>inde</strong></span> <span class='ocrx_word' id='word_1_677' title='bbox 2616 3943 2778 3998; x_wconf 90' lang='lat' dir='ltr'><strong>etiam</strong></span> <span class='ocrx_word' id='word_1_678' title='bbox 2801 3955 3095 4001; x_wconf 90' lang='lat' dir='ltr'><strong>cernuntur</strong></span> <span class='ocrx_word' id='word_1_679' title='bbox 3122 3947 3293 4003; x_wconf 85' lang='lat' dir='ltr'><strong>exire.</strong></span> <span class='ocrx_word' id='word_1_680' title='bbox 3326 3947 3514 4005; x_wconf 89' lang='lat' dir='ltr'><strong>Susci-</strong></span> 
     </span>
    </p>
   </div>
   <div class='ocr_carea' id='block_1_101' title="bbox 1921 4028 3518 4114">
    <p class='ocr_par' dir='ltr' id='par_1_101' title="bbox 1921 4028 3518 4114">
     <span class='ocr_line' id='line_1_102' title="bbox 1921 4028 3518 4114; baseline 0.008 -30"><span class='ocrx_word' id='word_1_681' title='bbox 1921 4028 2035 4099; x_wconf 90' lang='lat' dir='ltr'><strong>pite</strong></span> <span class='ocrx_word' id='word_1_682' title='bbox 2062 4031 2246 4101; x_wconf 87' lang='lat' dir='ltr'><strong>itaque</strong></span> <span class='ocrx_word' id='word_1_683' title='bbox 2273 4033 2535 4103; x_wconf 86' lang='lat' dir='ltr'><strong>collegam</strong></span> <span class='ocrx_word' id='word_1_684' title='bbox 2565 4050 2727 4104; x_wconf 90' lang='lat' dir='ltr'><strong>quem</strong></span> <span class='ocrx_word' id='word_1_685' title='bbox 2753 4038 2954 4114; x_wconf 87' lang='lat' dir='ltr'><strong>palatia</strong></span> <span class='ocrx_word' id='word_1_686' title='bbox 2973 4045 3178 4094; x_wconf 82' lang='lat' dir='ltr'><strong>nostra</strong></span> <span class='ocrx_word' id='word_1_687' title='bbox 3202 4039 3363 4109; x_wconf 89' lang='lat' dir='ltr'><strong>longa</strong></span> <span class='ocrx_word' id='word_1_688' title='bbox 3387 4056 3518 4096; x_wconf 82' lang='lat' dir='ltr'><strong>exa-</strong></span> 
     </span>
    </p>
   </div>
   <div class='ocr_carea' id='block_1_102' title="bbox 1923 4126 3512 4199">
    <p class='ocr_par' dir='ltr' id='par_1_102' title="bbox 1923 4126 3512 4199">
     <span class='ocr_line' id='line_1_103' title="bbox 1923 4126 3512 4199; baseline 0.003 -18"><span class='ocrx_word' id='word_1_689' title='bbox 1923 4126 2221 4183; x_wconf 90' lang='lat' dir='ltr'><strong>minatione</strong></span> <span class='ocrx_word' id='word_1_690' title='bbox 2243 4128 2611 4197; x_wconf 87' lang='lat' dir='ltr'><strong>probaverunt</strong></span> <span class='ocrx_word' id='word_1_691' title='bbox 2641 4147 2653 4181; x_wconf 91' lang='lat'><strong>:</strong></span> <span class='ocrx_word' id='word_1_692' title='bbox 2679 4128 2771 4198; x_wconf 90' lang='lat' dir='ltr'><strong>qui</strong></span> <span class='ocrx_word' id='word_1_693' title='bbox 2794 4129 2957 4196; x_wconf 87' lang='lat' dir='ltr'><strong>regiis</strong></span> <span class='ocrx_word' id='word_1_694' title='bbox 2977 4129 3052 4183; x_wconf 89' lang='lat' dir='ltr'><strong>ita</strong></span> <span class='ocrx_word' id='word_1_695' title='bbox 3082 4129 3382 4199; x_wconf 88' lang='lat' dir='ltr'><strong>intrepidus</strong></span> <span class='ocrx_word' id='word_1_696' title='bbox 3410 4133 3512 4186; x_wconf 88' lang='lat' dir='ltr'><strong>mi-</strong></span> 
     </span>
    </p>
   </div>
   <div class='ocr_carea' id='block_1_103' title="bbox 1923 4218 3516 4291">
    <p class='ocr_par' dir='ltr' id='par_1_103' title="bbox 1923 4218 3516 4291">
     <span class='ocr_line' id='line_1_104' title="bbox 1923 4218 3516 4291; baseline 0.004 -19"><span class='ocrx_word' id='word_1_697' title='bbox 1923 4218 2098 4274; x_wconf 90' lang='lat' dir='ltr'><strong>litavit</strong></span> <span class='ocrx_word' id='word_1_698' title='bbox 2123 4218 2400 4286; x_wconf 75' lang='lat' dir='ltr'><strong>aﬁatibus,</strong></span> <span class='ocrx_word' id='word_1_699' title='bbox 2434 4228 2492 4274; x_wconf 91' lang='lat' dir='ltr'><strong>ut</strong></span> <span class='ocrx_word' id='word_1_700' title='bbox 2515 4218 2666 4288; x_wconf 89' lang='lat' dir='ltr'><strong>jussa</strong></span> <span class='ocrx_word' id='word_1_701' title='bbox 2693 4227 2880 4275; x_wconf 90' lang='lat' dir='ltr'><strong>nostra</strong></span> <span class='ocrx_word' id='word_1_702' title='bbox 2902 4235 3047 4290; x_wconf 60' lang='lat' dir='ltr'><strong>serpe</strong></span> <span class='ocrx_word' id='word_1_703' title='bbox 3077 4221 3234 4276; x_wconf 88' lang='lat' dir='ltr'><strong>nobis</strong></span> <span class='ocrx_word' id='word_1_704' title='bbox 3259 4231 3516 4291; x_wconf 90' lang='lat' dir='ltr'><strong>spectan-</strong></span> 
     </span>
    </p>
   </div>
   <div class='ocr_carea' id='block_1_104' title="bbox 1922 4312 3519 4388">
    <p class='ocr_par' dir='ltr' id='par_1_104' title="bbox 1922 4312 3519 4388">
     <span class='ocr_line' id='line_1_105' title="bbox 1922 4312 3519 4388; baseline 0.004 -22"><span class='ocrx_word' id='word_1_705' title='bbox 1922 4313 2065 4368; x_wconf 90' lang='lat' dir='ltr'><strong>tibus</strong></span> <span class='ocrx_word' id='word_1_706' title='bbox 2089 4320 2252 4384; x_wconf 90' lang='lat' dir='ltr'><strong>atque</strong></span> <span class='ocrx_word' id='word_1_707' title='bbox 2290 4312 2632 4368; x_wconf 88' lang='lat' dir='ltr'><strong>laudantibus</strong></span> <span class='ocrx_word' id='word_1_708' title='bbox 2660 4312 2977 4383; x_wconf 83' lang='lat' dir='ltr'><strong>explicaret.</strong></span> <span class='ocrx_word' id='word_1_709' title='bbox 3010 4312 3352 4383; x_wconf 85' lang='lat' dir='ltr'><strong>Cognoscitis</strong></span> <span class='ocrx_word' id='word_1_710' title='bbox 3389 4331 3519 4388; x_wconf 90' lang='lat' dir='ltr'><strong>pro-</strong></span> 
     </span>
    </p>
   </div>
   <div class='ocr_carea' id='block_1_105' title="bbox 1922 4399 3513 4478">
    <p class='ocr_par' dir='ltr' id='par_1_105' title="bbox 1922 4399 3513 4478">
     <span class='ocr_line' id='line_1_106' title="bbox 1922 4399 3513 4478; baseline 0.006 -24"><span class='ocrx_word' id='word_1_711' title='bbox 1922 4399 2065 4458; x_wconf 90' lang='lat' dir='ltr'><strong>fecto</strong></span> <span class='ocrx_word' id='word_1_712' title='bbox 2107 4417 2227 4471; x_wconf 70' lang='lat' dir='ltr'><strong>quae</strong></span> <span class='ocrx_word' id='word_1_713' title='bbox 2262 4402 2551 4473; x_wconf 89' lang='lat' dir='ltr'><strong>loquimur.</strong></span> <span class='ocrx_word' id='word_1_714' title='bbox 2585 4402 2715 4470; x_wconf 86' lang='lat' dir='ltr'><strong>Quis</strong></span> <span class='ocrx_word' id='word_1_715' title='bbox 2747 4403 2892 4458; x_wconf 91' lang='lat' dir='ltr'><strong>enim</strong></span> <span class='ocrx_word' id='word_1_716' title='bbox 2921 4413 3156 4460; x_wconf 87' lang='lat' dir='ltr'><strong>vestrum</strong></span> <span class='ocrx_word' id='word_1_717' title='bbox 3179 4420 3210 4460; x_wconf 91' lang='lat' dir='ltr'><strong>a</strong></span> <span class='ocrx_word' id='word_1_718' title='bbox 3254 4404 3513 4478; x_wconf 88' lang='lat' dir='ltr'><strong>Cypriani</strong></span> 
     </span>
    </p>
   </div>
   <div class='ocr_carea' id='block_1_106' title="bbox 1921 4494 3515 4570">
    <p class='ocr_par' dir='ltr' id='par_1_106' title="bbox 1921 4494 3515 4570">
     <span class='ocr_line' id='line_1_107' title="bbox 1921 4494 3515 4570; baseline 0.004 -21"><span class='ocrx_word' id='word_1_719' title='bbox 1921 4494 2211 4552; x_wconf 89' lang='lat' dir='ltr'><strong>devotione</strong></span> <span class='ocrx_word' id='word_1_720' title='bbox 2238 4496 2520 4552; x_wconf 89' lang='lat' dir='ltr'><strong>submotus</strong></span> <span class='ocrx_word' id='word_1_721' title='bbox 2545 4498 2661 4552; x_wconf 86' lang='lat' dir='ltr'><strong>est?</strong></span> <span class='ocrx_word' id='word_1_722' title='bbox 2688 4495 2820 4552; x_wconf 90' lang='lat' dir='ltr'><strong>Nam</strong></span> <span class='ocrx_word' id='word_1_723' title='bbox 2844 4497 2935 4566; x_wconf 92' lang='lat' dir='ltr'><strong>qui</strong></span> <span class='ocrx_word' id='word_1_724' title='bbox 2962 4498 3154 4554; x_wconf 91' lang='lat' dir='ltr'><strong>solatia</strong></span> <span class='ocrx_word' id='word_1_725' title='bbox 3181 4497 3299 4568; x_wconf 91' lang='lat' dir='ltr'><strong>ejus</strong></span> <span class='ocrx_word' id='word_1_726' title='bbox 3321 4501 3515 4570; x_wconf 89' lang='lat' dir='ltr'><strong>petiit,</strong></span> 
     </span>
    </p>
   </div>
   <div class='ocr_carea' id='block_1_107' title="bbox 1920 4585 3520 4663">
    <p class='ocr_par' dir='ltr' id='par_1_107' title="bbox 1920 4585 3520 4663">
     <span class='ocr_line' id='line_1_108' title="bbox 1920 4585 3520 4663; baseline 0.006 -23"><span class='ocrx_word' id='word_1_727' title='bbox 1920 4600 2048 4641; x_wconf 79' lang='lat' dir='ltr'><strong>mox</strong></span> <span class='ocrx_word' id='word_1_728' title='bbox 2076 4585 2337 4642; x_wconf 90' lang='lat' dir='ltr'><strong>beneficia</strong></span> <span class='ocrx_word' id='word_1_729' title='bbox 2387 4593 2573 4643; x_wconf 88' lang='lat' dir='ltr'><strong>nostra</strong></span> <span class='ocrx_word' id='word_1_730' title='bbox 2602 4588 2859 4658; x_wconf 89' lang='lat' dir='ltr'><strong>suscepit.</strong></span> <span class='ocrx_word' id='word_1_731' title='bbox 2910 4586 3153 4644; x_wconf 90' lang='lat' dir='ltr'><strong>Obtinuit</strong></span> <span class='ocrx_word' id='word_1_732' title='bbox 3205 4590 3295 4646; x_wconf 89' lang='lat' dir='ltr'><strong>ille</strong></span> <span class='ocrx_word' id='word_1_733' title='bbox 3323 4593 3520 4663; x_wconf 82' lang='lat' dir='ltr'><strong>saepius</strong></span> 
     </span>
    </p>
   </div>
   <div class='ocr_carea' id='block_1_108' title="bbox 1918 4676 3518 4752">
    <p class='ocr_par' dir='ltr' id='par_1_108' title="bbox 1918 4676 3518 4752">
     <span class='ocr_line' id='line_1_109' title="bbox 1918 4676 3518 4752; baseline 0.006 -21"><span class='ocrx_word' id='word_1_734' title='bbox 1918 4676 2369 4733; x_wconf 87' lang='lat' dir='ltr'><strong>invectationibus</strong></span> <span class='ocrx_word' id='word_1_735' title='bbox 2397 4679 2616 4743; x_wconf 89' lang='lat' dir='ltr'><strong>nostris,</strong></span> <span class='ocrx_word' id='word_1_736' title='bbox 2642 4679 2788 4750; x_wconf 91' lang='lat' dir='ltr'><strong>quod</strong></span> <span class='ocrx_word' id='word_1_737' title='bbox 2806 4679 2862 4734; x_wconf 90' lang='lat' dir='ltr'><strong>in</strong></span> <span class='ocrx_word' id='word_1_738' title='bbox 2891 4681 3232 4737; x_wconf 71' lang='lat' dir='ltr'><strong>consistoriis</strong></span> <span class='ocrx_word' id='word_1_739' title='bbox 3260 4682 3346 4752; x_wconf 89' lang='lat' dir='ltr'><strong>agi</strong></span> <span class='ocrx_word' id='word_1_740' title='bbox 3371 4684 3518 4740; x_wconf 88' lang='lat' dir='ltr'><strong>sole-</strong></span> 
     </span>
    </p>
   </div>
   <div class='ocr_carea' id='block_1_109' title="bbox 1916 4770 3514 4842">
    <p class='ocr_par' dir='ltr' id='par_1_109' title="bbox 1916 4770 3514 4842">
     <span class='ocr_line' id='line_1_110' title="bbox 1916 4770 3514 4842; baseline 0.004 -16"><span class='ocrx_word' id='word_1_741' title='bbox 1916 4770 2010 4826; x_wconf 90' lang='lat' dir='ltr'><strong>bat</strong></span> <span class='ocrx_word' id='word_1_742' title='bbox 2031 4771 2283 4842; x_wconf 89' lang='lat' dir='ltr'><strong>antiquis.</strong></span> <span class='ocrx_word' id='word_1_743' title='bbox 2309 4771 2366 4828; x_wconf 92' lang='lat' dir='ltr'><strong>Si</strong></span> <span class='ocrx_word' id='word_1_744' title='bbox 2403 4773 2620 4842; x_wconf 90' lang='lat' dir='ltr'><strong>quando</strong></span> <span class='ocrx_word' id='word_1_745' title='bbox 2649 4774 2791 4829; x_wconf 90' lang='lat' dir='ltr'><strong>enim</strong></span> <span class='ocrx_word' id='word_1_746' title='bbox 2822 4775 3066 4831; x_wconf 90' lang='lat' dir='ltr'><strong>relevare</strong></span> <span class='ocrx_word' id='word_1_747' title='bbox 3099 4776 3256 4832; x_wconf 90' lang='lat' dir='ltr'><strong>libuit</strong></span> <span class='ocrx_word' id='word_1_748' title='bbox 3274 4777 3514 4832; x_wconf 90' lang='lat' dir='ltr'><strong>animum</strong></span> 
     </span>
    </p>
   </div>
   <div class='ocr_carea' id='block_1_110' title="bbox 1916 4864 3510 4940">
    <p class='ocr_par' dir='ltr' id='par_1_110' title="bbox 1916 4864 3510 4940">
     <span class='ocr_line' id='line_1_111' title="bbox 1916 4864 3510 4940; baseline 0.003 -21"><span class='ocrx_word' id='word_1_749' title='bbox 1916 4864 2126 4934; x_wconf 89' lang='lat' dir='ltr'><strong>reipub.</strong></span> <span class='ocrx_word' id='word_1_750' title='bbox 2160 4880 2288 4921; x_wconf 90' lang='lat' dir='ltr'><strong>cura</strong></span> <span class='ocrx_word' id='word_1_751' title='bbox 2317 4864 2620 4936; x_wconf 90' lang='lat' dir='ltr'><strong>fatigatum,</strong></span> <span class='ocrx_word' id='word_1_752' title='bbox 2651 4867 2845 4937; x_wconf 90' lang='lat' dir='ltr'><strong>equina</strong></span> <span class='ocrx_word' id='word_1_753' title='bbox 2873 4869 3131 4924; x_wconf 80' lang='lat' dir='ltr'><strong>exercitia</strong></span> <span class='ocrx_word' id='word_1_754' title='bbox 3169 4870 3510 4940; x_wconf 87' lang='lat' dir='ltr'><strong>petebamus,</strong></span> 
     </span>
    </p>
   </div>
   <div class='ocr_carea' id='block_1_111' title="bbox 1923 4957 3514 5032">
    <p class='ocr_par' dir='ltr' id='par_1_111' title="bbox 1923 4957 3514 5032">
     <span class='ocr_line' id='line_1_112' title="bbox 1923 4957 3514 5032; baseline 0.004 -22"><span class='ocrx_word' id='word_1_755' title='bbox 1923 4964 1980 5010; x_wconf 92' lang='lat' dir='ltr'><strong>ut</strong></span> <span class='ocrx_word' id='word_1_756' title='bbox 2002 4957 2116 5027; x_wconf 92' lang='lat' dir='ltr'><strong>ipsa</strong></span> <span class='ocrx_word' id='word_1_757' title='bbox 2144 4957 2407 5014; x_wconf 88' lang='lat' dir='ltr'><strong>varietate</strong></span> <span class='ocrx_word' id='word_1_758' title='bbox 2428 4973 2607 5014; x_wconf 89' lang='lat' dir='ltr'><strong>rerum</strong></span> <span class='ocrx_word' id='word_1_759' title='bbox 2630 4958 2872 5014; x_wconf 89' lang='lat' dir='ltr'><strong>soliditas</strong></span> <span class='ocrx_word' id='word_1_760' title='bbox 2901 4975 2960 5016; x_wconf 89' lang='lat' dir='ltr'><strong>se</strong></span> <span class='ocrx_word' id='word_1_761' title='bbox 2981 4960 3226 5031; x_wconf 91' lang='lat' dir='ltr'><strong>corporis</strong></span> <span class='ocrx_word' id='word_1_762' title='bbox 3254 4960 3514 5032; x_wconf 90' lang='lat' dir='ltr'><strong>vigorque</strong></span> 
     </span>
    </p>
   </div>
   <div class='ocr_carea' id='block_1_112' title="bbox 1924 5050 3513 5120">
    <p class='ocr_par' dir='ltr' id='par_1_112' title="bbox 1924 5050 3513 5120">
     <span class='ocr_line' id='line_1_113' title="bbox 1924 5050 3513 5120; baseline 0.001 -16"><span class='ocrx_word' id='word_1_763' title='bbox 1924 5058 2194 5106; x_wconf 90' lang='lat' dir='ltr'><strong>recrearet</strong></span> <span class='ocrx_word' id='word_1_764' title='bbox 2223 5069 2235 5104; x_wconf 91' lang='lat'>:</span> <span class='ocrx_word' id='word_1_765' title='bbox 2273 5060 2399 5106; x_wconf 91' lang='lat' dir='ltr'><strong>tunc</strong></span> <span class='ocrx_word' id='word_1_766' title='bbox 2429 5051 2584 5107; x_wconf 89' lang='lat' dir='ltr'><strong>nobis</strong></span> <span class='ocrx_word' id='word_1_767' title='bbox 2609 5065 2800 5108; x_wconf 89' lang='lat' dir='ltr'><strong>causas</strong></span> <span class='ocrx_word' id='word_1_768' title='bbox 2829 5052 3156 5120; x_wconf 89' lang='lat' dir='ltr'><strong>multiplices</strong></span> <span class='ocrx_word' id='word_1_769' title='bbox 3195 5050 3397 5105; x_wconf 91' lang='lat' dir='ltr'><strong>relator</strong></span> <span class='ocrx_word' id='word_1_770' title='bbox 3425 5051 3513 5106; x_wconf 91' lang='lat' dir='ltr'><strong>de-</strong></span> 
     </span>
    </p>
   </div>
   <div class='ocr_carea' id='block_1_113' title="bbox 1919 5127 3515 5213">
    <p class='ocr_par' dir='ltr' id='par_1_113' title="bbox 1919 5127 3515 5213">
     <span class='ocr_line' id='line_1_114' title="bbox 1919 5127 3515 5213; baseline 0.002 -19"><span class='ocrx_word' id='word_1_771' title='bbox 1919 5127 2181 5197; x_wconf 83' lang='lat' dir='ltr'><strong>lectabilis</strong></span> <span class='ocrx_word' id='word_1_772' title='bbox 2211 5142 2520 5212; x_wconf 88' lang='lat' dir='ltr'><strong>ingerebat,</strong></span> <span class='ocrx_word' id='word_1_773' title='bbox 2560 5151 2786 5213; x_wconf 86' lang='lat' dir='ltr'><strong>eratque</strong></span> <span class='ocrx_word' id='word_1_774' title='bbox 2815 5141 2931 5212; x_wconf 90' lang='lat' dir='ltr'><strong>ejus</strong></span> <span class='ocrx_word' id='word_1_775' title='bbox 2960 5140 3251 5197; x_wconf 88' lang='lat' dir='ltr'><strong>infastidita</strong></span> <span class='ocrx_word' id='word_1_776' title='bbox 3294 5153 3515 5209; x_wconf 81' lang='lat' dir='ltr'><strong>sugges-</strong></span> 
     </span>
    </p>
   </div>
   <div class='ocr_carea' id='block_1_114' title="bbox 1921 5233 3513 5305">
    <p class='ocr_par' dir='ltr' id='par_1_114' title="bbox 1921 5233 3513 5305">
     <span class='ocr_line' id='line_1_115' title="bbox 1921 5233 3513 5305; baseline 0 -17"><span class='ocrx_word' id='word_1_777' title='bbox 1921 5235 2018 5303; x_wconf 90' lang='lat' dir='ltr'><strong>tio,</strong></span> <span class='ocrx_word' id='word_1_778' title='bbox 2047 5235 2147 5290; x_wconf 90' lang='lat' dir='ltr'><strong>sub</strong></span> <span class='ocrx_word' id='word_1_779' title='bbox 2182 5233 2377 5305; x_wconf 90' lang='lat' dir='ltr'><strong>judicis</strong></span> <span class='ocrx_word' id='word_1_780' title='bbox 2407 5237 2587 5292; x_wconf 89' lang='lat' dir='ltr'><strong>animo</strong></span> <span class='ocrx_word' id='word_1_781' title='bbox 2619 5236 2860 5291; x_wconf 86' lang='lat' dir='ltr'><strong>taedioso.</strong></span> <span class='ocrx_word' id='word_1_782' title='bbox 2891 5235 2968 5289; x_wconf 88' lang='lat' dir='ltr'><strong>lta</strong></span> <span class='ocrx_word' id='word_1_783' title='bbox 2993 5235 3118 5290; x_wconf 89' lang='lat' dir='ltr'><strong>dum</strong></span> <span class='ocrx_word' id='word_1_784' title='bbox 3153 5247 3348 5289; x_wconf 86' lang='lat' dir='ltr'><strong>causas</strong></span> <span class='ocrx_word' id='word_1_785' title='bbox 3374 5249 3513 5305; x_wconf 77' lang='lat' dir='ltr'><strong>pra:-</strong></span> 
     </span>
    </p>
   </div>
   <div class='ocr_carea' id='block_1_115' title="bbox 1919 5325 3513 5400">
    <p class='ocr_par' dir='ltr' id='par_1_115' title="bbox 1919 5325 3513 5400">
     <span class='ocr_line' id='line_1_116' title="bbox 1919 5325 3513 5400; baseline -0.002 -15"><span class='ocrx_word' id='word_1_786' title='bbox 1919 5327 2097 5385; x_wconf 85' lang='lat' dir='ltr'><strong>standi</strong></span> <span class='ocrx_word' id='word_1_787' title='bbox 2119 5329 2385 5400; x_wconf 87' lang='lat' dir='ltr'><strong>benignus</strong></span> <span class='ocrx_word' id='word_1_788' title='bbox 2405 5330 2596 5387; x_wconf 84' lang='lat' dir='ltr'><strong>artifex</strong></span> <span class='ocrx_word' id='word_1_789' title='bbox 2620 5329 2918 5399; x_wconf 88' lang='lat' dir='ltr'><strong>ingerebat,</strong></span> <span class='ocrx_word' id='word_1_790' title='bbox 2948 5326 3288 5383; x_wconf 90' lang='lat' dir='ltr'><strong>reficiebatur</strong></span> <span class='ocrx_word' id='word_1_791' title='bbox 3303 5325 3513 5382; x_wconf 83' lang='lat' dir='ltr'><strong>animus</strong></span> 
     </span>
    </p>
   </div>
   <div class='ocr_carea' id='block_1_116' title="bbox 1915 5485 3504 5564">
    <p class='ocr_par' dir='ltr' id='par_1_116' title="bbox 1915 5485 3504 5564">
     <span class='ocr_line' id='line_1_117' title="bbox 1915 5485 3504 5564; baseline -0.003 -15"><span class='ocrx_word' id='word_1_792' title='bbox 1915 5492 2084 5564; x_wconf 80' lang='lat' dir='ltr'><strong>Hujus</strong></span> <span class='ocrx_word' id='word_1_793' title='bbox 2125 5491 2377 5564; x_wconf 83' lang='lat' dir='ltr'><strong>frequens</strong></span> <span class='ocrx_word' id='word_1_794' title='bbox 2406 5490 2611 5548; x_wconf 90' lang='lat' dir='ltr'><strong>mentio</strong></span> <span class='ocrx_word' id='word_1_795' title='bbox 2640 5489 2700 5545; x_wconf 84' lang='lat' dir='ltr'><strong>tit</strong></span> <span class='ocrx_word' id='word_1_796' title='bbox 2726 5490 2781 5546; x_wconf 92' lang='lat' dir='ltr'><strong>in</strong></span> <span class='ocrx_word' id='word_1_797' title='bbox 2809 5487 2942 5545; x_wconf 87' lang='lat' dir='ltr'><strong>Cod.</strong></span> <span class='ocrx_word' id='word_1_798' title='bbox 2975 5485 3184 5545; x_wconf 87' lang='lat' dir='ltr'><strong>Theod.</strong></span> <span class='ocrx_word' id='word_1_799' title='bbox 3226 5495 3284 5544; x_wconf 88' lang='lat' dir='ltr'><strong>et</strong></span> <span class='ocrx_word' id='word_1_800' title='bbox 3305 5486 3504 5545; x_wconf 85' lang='lat' dir='ltr'><strong>Justin.</strong></span> 
     </span>
    </p>
   </div>
   <div class='ocr_carea' id='block_1_117' title="bbox 1914 5565 3506 5699">
    <p class='ocr_par' dir='ltr' id='par_1_117' title="bbox 1914 5565 3506 5699">
     <span class='ocr_line' id='line_1_118' title="bbox 1914 5565 3506 5699; baseline -0.004 -7"><span class='ocrx_word' id='word_1_801' title='bbox 1914 5565 2181 5693; x_wconf 44' lang='lat'><strong>1333813121111</strong></span> <span class='ocrx_word' id='word_1_802' title='bbox 2207 5643 2519 5694; x_wconf 86' lang='lat' dir='ltr'><strong>senatorum</strong></span> <span class='ocrx_word' id='word_1_803' title='bbox 2551 5632 2640 5686; x_wconf 86' lang='lat' dir='ltr'><strong>lilii</strong></span> <span class='ocrx_word' id='word_1_804' title='bbox 2674 5631 3040 5688; x_wconf 88' lang='lat' dir='ltr'><strong>nascebantur</strong></span> <span class='ocrx_word' id='word_1_805' title='bbox 3062 5639 3346 5699; x_wconf 83' lang='lat' dir='ltr'><strong>senatores</strong></span> <span class='ocrx_word' id='word_1_806' title='bbox 3367 5673 3382 5697; x_wconf 95' lang='lat'><strong>,</strong></span> <span class='ocrx_word' id='word_1_807' title='bbox 3410 5631 3506 5687; x_wconf 92' lang='lat' dir='ltr'><strong>lib.</strong></span> 
     </span>
    </p>
   </div>
   <div class='ocr_carea' id='block_1_118' title="bbox 1914 5701 3502 5838">
    <p class='ocr_par' dir='ltr' id='par_1_118' title="bbox 1914 5701 3502 5838">
     <span class='ocr_line' id='line_1_119' title="bbox 1914 5701 3502 5838; baseline -0.004 -74"><span class='ocrx_word' id='word_1_808' title='bbox 1914 5711 1972 5838; x_wconf 54' lang='lat' dir='ltr'><strong>Si</strong></span> <span class='ocrx_word' id='word_1_809' title='bbox 2021 5711 2142 5778; x_wconf 84' lang='lat' dir='ltr'><strong>quis</strong></span> <span class='ocrx_word' id='word_1_810' title='bbox 2183 5708 2536 5768; x_wconf 87' lang='lat' dir='ltr'><strong>senatorium.</strong></span> <span class='ocrx_word' id='word_1_811' title='bbox 2593 5703 2734 5760; x_wconf 84' lang='lat' dir='ltr'><strong>Cod.</strong></span> <span class='ocrx_word' id='word_1_812' title='bbox 2777 5701 2989 5761; x_wconf 71' lang='lat' dir='ltr'><strong>&#39;l‘lieod.</strong></span> <span class='ocrx_word' id='word_1_813' title='bbox 3050 5703 3145 5760; x_wconf 84' lang='lat' dir='ltr'><strong>lib.</strong></span> <span class='ocrx_word' id='word_1_814' title='bbox 3205 5719 3280 5773; x_wconf 75' lang='grc' dir='ltr'><strong>γι,</strong></span> <span class='ocrx_word' id='word_1_815' title='bbox 3331 5704 3414 5761; x_wconf 85' lang='lat' dir='ltr'><strong>tit.</strong></span> <span class='ocrx_word' id='word_1_816' title='bbox 3449 5705 3502 5757; x_wconf 74' lang='lat'><strong>2.</strong></span> 
     </span>
     <span class='ocr_line' id='line_1_120' title="bbox 1950 5797 2109 5838; baseline 0 -1"><span class='ocrx_word' id='word_1_817' title='bbox 1950 5797 2109 5838; x_wconf 74' lang='lat' dir='ltr'><strong>uner.</strong></span> 
     </span>
    </p>
   </div>
   <div class='ocr_carea' id='block_1_119' title="bbox 1950 5797 2109 5838">
    <p class='ocr_par' dir='ltr' id='par_1_119' title="bbox 1950 5797 2109 5838">
     <span class='ocr_line' id='line_1_121' title="bbox 1950 5797 2109 5838; baseline 0 -1"><span class='ocrx_word' id='word_1_818' title='bbox 1950 5797 2109 5838; x_wconf 71' lang='lat' dir='ltr'><strong>UBET.</strong></span> 
     </span>
    </p>
   </div>
  </div>
