4018 6348
445 277 552 337 675

1674 270 1747 330 Μ.
1786 266 2063 331 AURELII
2099 242 2497 333 essstéaom

3617 274 3730 334 616

444 390 825 447 beneficiorum
852 386 1108 445 aviditate
1134 398 1449 443 succensus.
1479 383 1575 443 His
1604 384 1767 456 igitur
1807 388 2033 445 adhazsit
2061 397 2109 457 Α
2135 388 2396 458 suspirat.
2453 386 2834 459 Spectaculum
2861 393 3070 444 tantum
3099 386 3316 446 fabricis
3342 388 3551 446 clarum
3577 431 3594 457 ,
3631 389 3730 445 sed

444 483 715 554 obsequiis
740 480 1064 538 candidatus
1102 479 1193 548 qui
1221 478 1299 533 sic
1328 477 1580 533 militavit
1618 479 1800 535 animo
1824 489 2031 549 nostro,

445 585 503 631 ut
530 576 674 633 nulla
718 589 843 635 eum
890 560 1140 643 gravaret
1168 571 1418 629 offensio.
1467 571 1840 630 lraseebamur
1893 590 2037 646 smpe

446 667 618 723 causis
649 665 933 736 improbis,
962 680 1065 723 nec
1097 673 1275 721 tamen
1303 663 1587 734 displicere
1616 673 1831 734 poterat
1855 665 2035 736 lingua

446 757 693 813 relatoris
723 774 737 811 :
773 757 1168 812 damnabamus
1213 755 1479 815 interdum
1532 757 1837 825 negotium,
1884 758 2037 828 cujus

446 849 696 920 placebat
723 855 996 913 assertor;
1027 854 1082 903 et
1112 847 1370 917 impetum
1397 846 1569 902 nostri
1590 847 1756 911 animi
1784 846 2036 918 frequen-

448 950 530 998 ter
556 941 828 1006 sustinuit,
853 940 946 1010 qui
966 941 1151 1009 gratia:
1180 947 1453 995 momenta
1477 940 1738 1010 possedit.
1762 940 2038 999 Gloriatur

447 1037 610 1092 etiam
639 1055 748 1093 non
778 1045 1024 1092 extrema
1056 1036 1174 1092 luce
1198 1037 1478 1093 natalium.
1531 1037 1663 1092 Nam
1695 1046 1853 1109 pater
1879 1040 2033 1106 huic,

448 1128 585 1184 sicut
624 1128 974 1193 meministis,
1033 1126 1211 1198 Opilio
1269 1127 1386 1194 fuit,
1441 1129 1521 1183 vir
1546 1130 1761 1197 quidem
1814 1131 2039 1201 abjectis

451 1222 785 1292 temporibus
812 1221 878 1276 ad
901 1221 1156 1277 excubias
1188 1231 1365 1276 tamen
1398 1221 1659 1291 palatinas
1687 1222 1912 1279 electus.
1936 1225 2037 1291 Qui

450 1318 620 1373 multo
649 1319 881 1388 amplius
910 1334 1156 1374 crescere
1185 1320 1398 1389 potuit,
1433 1320 1532 1375 nisi
1564 1321 1694 1376 fides
1723 1320 1821 1375 sub
1851 1319 2041 1374 aridis-

448 1412 584 1466 sima
631 1412 1083 1467 remunerationis
1120 1413 1403 1469 sterilitate
1430 1413 1705 1484 jacuisset.
1740 1413 1849 1485 94,
1903 1412 2040 1479 Quid

451 1505 596 1559 enim
622 1503 869 1560 conferre
896 1512 1112 1575 poterat
1141 1507 1315 1561 tenuis
1354 1506 1619 1561 donator?
1650 1506 1752 1572 Qui
1783 1507 1829 1560 si
1861 1514 2041 1560 tamen

451 1613 558 1653 non
611 1597 822 1661 ditavit,
872 1598 1107 1653 innotuit
1154 1607 1223 1652 ἰε
1276 1600 1401 1668 quia
1442 1613 1650 1669 magna:
1702 1598 2043 1654 abundantia)

451 1686 621 1743 laudis
650 1698 733 1744 est
755 1731 769 1757 ,
792 1689 845 1744 in
875 1691 1099 1759 penuria
1130 1690 1340 1760 reipub.
1374 1691 1462 1746 vel
1489 1691 1783 1746 mediocria
1814 1705 2037 1745 munera

2139 483 2354 538 actione
2381 482 2753 549 deterrimum,
2810 482 2862 538 in
2894 484 3100 539 honore
3129 484 3395 555 Scythicae
3422 485 3604 541 Dianai
3642 502 3732 543 re-

2136 583 2369 646 pertum,
2393 590 2514 645 qua:
2534 576 2811 646 sanguinis
2837 574 3105 631 effusione
3132 576 3423 646 gaudebat.
3453 578 3498 632 Ο
3519 580 3732 637 misera:

2137 668 2472 739 deccptionis
2523 683 2787 736 errorem,
2842 668 2985 723 illam
3033 669 3371 725 desiderasse
3398 669 3583 726 colere
3610 685 3733 739 quae

2135 756 2415 814 hominum
2459 767 2636 815 morte
2663 759 3016 831 placabaturl
3050 759 3289 817 Primum
3320 762 3422 817 sibi
3455 777 3555 832 per
3583 761 3733 818 lui-os

2139 860 2193 907 et
2218 853 2383 909 silvas
2428 853 2718 924 agrestium
2751 854 3075 924 populorum
3103 863 3231 910 nota
3273 854 3378 927 [ed.
3412 857 3534 923 Λα,
3584 855 3730 927 vota]

2137 953 2193 1000 et
2220 946 2596 1002 venationibus
2636 945 2818 1001 dedita
2850 964 2863 1000 :
2914 946 3057 1001 hanc
3095 947 3365 1017 triplicem
3393 948 3552 1003 deam
3600 948 3733 1002 falsa

2138 1037 2520 1106 imaginatione
2533 1036 2824 1105 finxerunt,
2852 1037 3023 1108 ipsam
3055 1038 3109 1093 in
3130 1039 3271 1093 cailo
3298 1036 3528 1103 Lunam,
3557 1039 3726 1108 ipsam

2138 1128 2191 1183 in
2219 1128 2367 1185 silvis
2413 1129 2658 1195 Dianam,
2708 1129 2881 1200 ipsam
2928 1129 3071 1198 apud
3118 1130 3320 1185 inferos
3352 1128 3734 1199 Proserpinam

2139 1236 2258 1276 esse
2287 1221 2584 1276 firmantes.
2635 1220 2743 1276 Sed
2792 1222 2967 1276 solum
2993 1220 3150 1276 Erebi
3181 1230 3457 1292 potentem
3497 1238 3609 1277 non
3641 1222 3735 1275 im-

2139 1313 2308 1385 probe
2338 1314 2564 1368 forsitan
2604 1314 2941 1369 :estimarunt
2968 1356 2984 1382 ,
3015 1314 3232 1384 quando
3265 1314 3357 1368 tali
3385 1314 3619 1368 falsitate
3645 1314 3736 1367 dc-

2142 1408 2303 1479 cepti,
2338 1407 2392 1463 in
2414 1406 2709 1479 profundas
2737 1408 2845 1463 vivi
2872 1408 3126 1465 tenebras
3152 1426 3274 1471 cum
3315 1410 3428 1467 suis
3454 1410 3734 1473 erroribus

2140 1500 2495 1556 intraverunt.
2543 1500 2698 1555 Hunc
2745 1501 2928 1555 ludum
2979 1501 3276 1567 crudelem,
3330 1501 3733 1571 sanguinariam

2141 1592 2471 1663 voluptatem
2497 1632 2511 1659 ,
2545 1592 2862 1661 religionem
2914 1592 3132 1662 impiam
3159 1633 3174 1658 ,
3208 1592 3501 1651 humanam
3553 1594 3637 1663 (nt
3664 1593 3735 1646 ita

2142 1683 2392 1754 dixerim)
2432 1682 2737 1748 feritatem,
2763 1682 3123 1743 Athenienses
3149 1683 3380 1752 primum
3410 1681 3478 1735 ad
3503 1683 3736 1737 civitatis

450 1779 727 1835 meruisse.
760 1779 898 1835 Vicit
928 1780 1044 1852 ipse
1082 1780 1315 1850 majores
1358 1797 1484 1837 suos
1533 1782 1789 1837 felicitate
1822 1782 2039 1837 smculo-
2070 1781 2115 1840 B
2143 1791 2254 1831 sua:
2282 1774 2583 1845 perduxere
2604 1775 2891 1838 culturam,
2912 1774 3124 1844 justitia
3156 1775 3503 1845 permittente
3534 1774 3730 1840 divina,

449 1889 598 1940 rum;
628 1881 704 1940 et,
734 1874 880 1943 quod
907 1874 1136 1944 amplius
1183 1883 1403 1932 evectus
1430 1882 1534 1942 est,
1562 1874 1761 1929 nostris
1792 1884 1875 1930 est
1904 1882 2042 1929 tem-

450 1965 672 2036 poribus
699 1966 1101 2036 applicandum.
1150 1965 1295 2021 Talis
1323 1967 1525 2035 quippe
1571 1965 1735 2020 estin
1782 1963 2040 2034 subjectis

450 2074 701 2116 mensura
731 2069 1106 2130 provectuum,
1133 2059 1309 2129 qualis
1325 2059 1487 2114 fuerit
1515 2066 1570 2113 et
1594 2056 1846 2112 distantia
1867 2056 2039 2110 domi-

450 2166 664 2207 norum.
722 2152 1081 2222 Quapropter,
1116 2150 1176 2206 P.
1229 2151 1315 2218 C.,
1366 2151 1684 2223 prredictum
1710 2150 2040 2221 Cyprianum

448 2244 561 2299 suis
581 2244 787 2298 meritis
812 2252 868 2298 et
890 2243 1147 2297 natalium
1177 2244 1466 2313 splendore
1495 2243 1786 2312 fulgentem
1810 2280 1825 2308 ,
1854 2242 1924 2296 ad
1954 2256 2041 2296 sa—

449 2349 664 2390 crarum
693 2335 1036 2403 largitionum
1064 2334 1278 2390 culmen
1309 2335 1586 2391 ereximus
1611 2350 1625 2400 ;
1678 2344 1736 2388 ut
1781 2342 1833 2388 et
1862 2341 2041 2389 vester

452 2436 716 2498 augeatur
737 2442 995 2482 numerus
1017 2466 1032 2493 ,
1062 2436 1116 2482 et
1145 2427 1398 2484 incitetur
1426 2428 1644 2483 devotio
1666 2427 2035 2483 servientium.

452 2519 761 2587 IEstimatc,
789 2520 1219 2577 reverendissimi
1250 2520 1436 2585 Patres
1461 2564 1475 2591 ,
1506 2520 1633 2592 quid
1662 2519 1729 2576 de
1751 2528 1929 2576 vestro
1952 2537 2041 2581 or-

449 2614 576 2671 dine
601 2631 945 2673 censeremus
975 2635 987 2670 :
1014 2616 1230 2686 quando
1259 2632 1375 2683 eos,
1406 2632 1543 2687 quos
1570 2616 1724 2673 vobis
1754 2630 2040 2687 aggregen-

448 2708 546 2764 dos
573 2708 864 2778 credimus,
898 2708 1177 2780 multiplici
1207 2710 1529 2779 allegationc
1558 2708 1928 2780 pnedicatnus.

975 2862 1308 2920 EPISTOLA
1344 2862 1503 2919 XLII.

481 2971 684 3015 ΙΔΧΙΙΟ
713 2973 835 3014 νιιιο
879 2972 1129 3025 ιιριυδτιιι
1154 2998 1168 3025 ,
1199 2973 1451 3024 CONSULI,
1481 2972 1849 3014 ΤΗΙ-1000810118
1870 2972 1998 3015 REX.

447 3046 657 3129 Feritas
698 3052 1110 3129 spectaculorum
1134 3092 1155 3129 ,_
1193 3051 1629 3129 amphitheatrum
1677 3050 1807 3118 Titi,
1839 3062 1889 3107 et
1928 3053 2037 3107 ludi

514 3124 598 3195 qui
624 3123 679 3174 in
707 3121 777 3195 eo
796 3121 1080 3175 edebantur
1122 3121 1512 3195 describuntur;
1546 3122 1880 3195 hortaturque
1911 3139 2036 3177 con-

515 3193 677 3317 sulet:
708 3193 777 3245 ad
830 3194 1049 3262 prwmt'a
1100 3192 1449 3264 pugnantibus
1495 3192 1883 3262 muniﬁcentia:
1930 3195 2037 3248 lar—

515 3279 631 3317 aten
672 3280 723 3317 a.

513 3279 723 3332 gtenaa.

512 3353 572 3409 Si
598 3352 940 3410 consularem
969 3354 1393 3412 munificentiam
1423 3366 1753 3428 provocant,
1785 3359 1877 3428 qui
1906 3375 2032 3429 per-

446 3456 604 3503 uneta
651 3463 941 3518 corporum
986 3448 1321 3506 flexibilitate
1364 3452 1635 3507 luctantur
1672 3469 1687 3518 ;
1735 3453 1781 3507 si
1831 3468 2035 3523 organo

444 3540 759 3596 canentibus
786 3542 1027 3597 redditur
1054 3543 1369 3599 vicissitudo
1398 3545 1775 3615 praemiorum;
1808 3546 1855 3602 si
1888 3548 2037 3603 venit

444 3633 513 3687 ad
543 3634 774 3703 pretium
805 3634 1143 3692 delectabilis
1172 3638 1441 3693 cantilena
1474 3657 1487 3693 :
1542 3654 1650 3710 quo
1690 3655 1915 3697 munere
1942 3657 2036 3697 vo-

446 3735 605 3783 nator
632 3728 930 3798 explendas
955 3738 1078 3800 est,
1123 3733 1219 3801 qui
1268 3740 1327 3787 ut
1378 3735 1745 3803 spectantibus
1798 3736 2030 3805 placeat,

445 3820 557 3876 suis
580 3820 845 3876 mortibus
871 3822 1135 3877 elaborat.
1152 3823 1495 3894 Voluptatem
1524 3835 1744 3896 praestat
1772 3829 2033 3898 sanguine

443 3926 543 3966 suo
590 3909 653 3979 δ,
696 3919 751 3965 et
799 3910 999 3968 infelici
1039 3921 1187 3969 sorte
1238 3916 1560 3971 constrictus
1588 3915 1804 3972 festinat
1832 3918 2032 3989 populo

444 4005 661 4072 placere
686 4045 701 4072 ,
730 4004 821 4074 qui
852 4020 975 4060 eum
1008 4022 1114 4061 non
1143 4014 1297 4077 optat
1323 4009 1581 4064 evadere.
1606 4010 1773 4064 Actus
1793 4010 2032 4065 detesta-

444 4094 583 4159 bilis,
617 4102 893 4151 certamen
943 4095 1161 4162 infelix,
1194 4114 1316 4153 cum
1345 4099 1473 4155 feris
1500 4102 1639 4155 velle
1679 4101 2029 4172 contendere,

442 4200 575 4254 quas
603 4186 855 4243 fortiores
884 4202 944 4243 se
966 4204 1073 4243 non
1102 4188 1313 4244 dubitat
1338 4190 1598 4248 invenire.
1634 4192 1759 4247 Sola
1789 4201 1872 4248 est
1900 4208 2031 4263 ergo

443 4276 497 4330 in
528 4277 759 4333 fallendo
806 4282 1173 4352 praesumptio,
1206 4284 1424 4339 unicum
1455 4284 1509 4339 in
1539 4284 1860 4357 deceptione
1889 4288 2031 4342 sola-

444 4366 595 4421 tium.
627 4368 726 4434 Qui
760 4371 804 4425 si
845 4371 1014 4426 teram
1039 4388 1144 4427 non
1174 4383 1447 4430 mereatur
1472 4374 1733 4445 effugere,
1761 4377 2028 4434 interdum

443 4473 545 4513 nec
587 4462 919 4531 sepulturam
967 4467 1168 4535 poterit
1217 4468 1479 4525 invenire.
1522 4469 1712 4525 Adhuc
1739 4472 2029 4541 superstite

2146 1877 2206 1924 ut
2231 1870 2298 1931 ad
2348 1868 2654 1925 illusionem
2704 1868 2996 1939 spectaculi
3036 1869 3388 1940 perveniret,
3420 1870 3567 1938 quod
3594 1869 3735 1931 falsa:

2143 1960 2419 2028 religionis
2447 1960 2679 2017 ambitus
2708 1960 3022 2015 invenisset.
3051 1958 3167 2015 lloc
3192 1959 3295 2014 Titi
3319 1961 3565 2033 potentia
3592 1962 3735 2032 prin-

2144 2052 2330 2124 cipalis
2359 2052 2665 2107 divitiarum
2692 2051 2911 2123 profuso
2934 2052 3153 2109 flumine
3173 2054 3431 2122 cogitavit
3450 2054 3734 2110 tedificium

2144 2144 2280 2211 fieri,
2311 2145 2452 2200 unde
2484 2153 2646 2217 caput
2674 2146 2886 2202 urbium
2914 2148 3196 2218 potuisset.
3250 2147 3386 2203 Cum
3438 2149 3728 2214 theatrum,

2142 2236 2287 2306 quod
2313 2244 2397 2291 est
2424 2237 2880 2307 hemisphzerium,
2912 2237 3099 2294 Graece
3129 2240 3367 2308 dicatur,
3400 2243 3727 2312 amphithea-

2142 2342 2284 2388 trum
2314 2334 2465 2403 quasi
2496 2334 2550 2389 in
2582 2350 2745 2389 unum
2788 2334 2974 2405 juncta
3015 2334 3120 2389 duo
3164 2336 3384 2400 visoria,
3418 2346 3572 2392 recte
3601 2354 3728 2392 eon-

2142 2433 2250 2481 stat
2292 2441 2410 2482 esse
2440 2428 2776 2482 nominatum
2805 2445 2817 2480 :
2850 2427 2939 2482 ovi
2986 2428 3169 2498 specie
3210 2427 3326 2497 ejus
3352 2443 3576 2485 arenam
3608 2445 3731 2485 con-

2142 2520 2365 2577 cludens
2406 2520 2534 2594 [ed.,
2570 2520 2672 2588 Qui
2716 2522 2953 2593 speciem
3004 2522 3120 2593 ejus
3150 2538 3312 2577 arena
3345 2522 3727 2595 concludens],

2141 2622 2202 2669 ut
2238 2616 2685 2671 concurrentibus
2716 2623 2899 2685 aptum
2927 2614 3146 2671 daretur
3173 2614 3407 2685 spatium
3432 2631 3445 2679 ;
3491 2622 3548 2669 et
3578 2630 3729 2684 spec-

2144 2714 2318 2762 tantes
2346 2706 2527 2761 omnia
2551 2704 2760 2763 facilius
2793 2707 3064 2776 viderent,
3092 2707 3217 2763 dum
3245 2707 3492 2777 qumdam
3524 2709 3730 2777 prolixa

2141 2797 2442 2855 rotunditas
2472 2799 2720 2854 universa
2770 2799 3084 2867 collegerat.
3137 2798 3250 2852 ltur
3291 2812 3421 2866 ergo
3472 2796 3540 2853 ad
3584 2798 3727 2863 talia,

2140 2907 2261 2962 qua:
2276 2890 2521 2961 refugere
2547 2892 2771 2948 deberet
2798 2892 3122 2947 humanitas.
3150 2891 3357 2945 Primus
3385 2888 3560 2958 fragili
3587 2890 3729 2960 ligno

2141 2984 2376 3047 conlisus
2403 2985 2571 3040 currit
2596 2984 2664 3039 ad
2696 3000 2791 3039 ora
2821 2985 3143 3049 belluarum,
3175 2992 3229 3038 et
3255 2983 3384 3039 illud
3408 2983 3557 3052 quod
3586 2984 3731 3053 cupit

2144 3077 2401 3144 evadere,
2431 3092 2625 3147 magno
2657 3079 2860 3149 impetu
2890 3078 3099 3134 videtur
3125 3086 3400 3149 appetere.
3437 3076 3561 3131 Pari
3590 3077 3645 3131 in
3674 3091 3730 3133 se

2063 3175 2110 3239 C
2140 3184 2303 3225 cursu
2329 3170 2549 3226 festinat
2578 3179 2632 3226 et
2671 3170 2939 3241 praedator
2959 3179 3014 3226 ct
3038 3171 3215 3241 prmda
3238 3187 3251 3237 ;
3278 3186 3377 3226 nec
3397 3169 3559 3224 aliter
3589 3179 3733 3225 tutus

2138 3280 2259 3321 esse
2280 3273 2496 3336 potest,
2531 3265 2631 3321 nisi
2660 3263 2787 3319 huic
2807 3279 2968 3335 quem
2992 3264 3165 3319 vitare
3193 3262 3342 3332 cupit
3367 3302 3381 3327 ,
3407 3263 3728 3317 occurrerit.

2138 3358 2289 3414 Tunc
2315 3360 2370 3413 in
2400 3372 2527 3417 aere
2557 3357 2695 3411 saltu
2738 3357 2983 3429 corporis
3029 3355 3239 3410 elevato
3266 3354 3416 3424 quasi
3445 3362 3623 3409 vestes
3651 3353 3728 3407 le-

2135 3450 2365 3508 vissima:
2388 3449 2633 3519 supinata
2659 3448 2899 3503 membra
2926 3446 3215 3516 jaciuntur,
3248 3452 3302 3501 et
3328 3443 3536 3515 quidam
3563 3458 3723 3499 arcus

2138 3557 2431 3613 corporeus
2460 3558 2620 3612 supra
2647 3540 2880 3596 belluam
2910 3540 3158 3605 libratus,
3192 3538 3320 3593 dum
3344 3552 3520 3592 nmras
3549 3535 3729 3589 disce—

2136 3634 2299 3691 dendi
2329 3635 2498 3699 facit,
2532 3634 2630 3690 sub
2661 3633 2777 3704 ipso
2805 3632 3063 3687 velocitas
3116 3631 3286 3686 ferina
3342 3628 3587 3684 discedit.
3640 3626 3729 3681 Sic

2137 3727 2333 3783 accidit
2380 3735 2437 3783 ut
2466 3726 2556 3781 ille
2584 3726 2755 3796 magis
2783 3725 2954 3795 possit
2979 3724 3159 3779 mitior
3185 3721 3387 3785 videri,
3413 3720 3505 3789 qui
3535 3719 3729 3789 proba-
3769 3723 3773 3727 ’

2136 3826 2225 3874 tur
2252 3817 2403 3874 illudi
2439 3836 2451 3871 :
2483 3818 2621 3873 alter
2647 3818 2857 3887 angulis
2887 3817 2939 3872 in
2968 3814 3295 3886 quadrifaria
3323 3812 3512 3869 mundi
3544 3812 3724 3866 distri-

2134 3911 2361 3967 butione
2390 3912 2727 3982 compositis,
2784 3911 2999 3966 rotabili
3032 3910 3146 3984 [αν.
3196 3920 3244 3964 et
3288 3907 3431 3979 Cuj.,
3464 3904 3724 3976 roboralij

2132 4003 2391 4061 facilitate
2420 4020 2752 4075 priesmnens
2778 4047 2792 4073 ,
2826 4021 2932 4060 non
2961 4003 3288 4060 discedendo
3318 4002 3455 4071 fugit
3483 4043 3500 4070 ,
3533 4017 3641 4057 non
3668 4014 3723 4056 se

2133 4098 2344 4166 longius
2378 4097 2625 4153 faciendo
2648 4096 2904 4163 discedit,
2935 4096 3178 4167 sequitur
3208 4096 3609 4166 insequentem,
3631 4108 3723 4162 po—

2134 4192 2358 4263 plitibus
2379 4206 2438 4247 se
2463 4190 2697 4249 reddens
2723 4193 3047 4261 proximum,
3072 4200 3129 4246 ut
3157 4190 3407 4259 orayitet
3440 4203 3717 4245 ursorum:

2133 4285 2224 4342 ille
2251 4285 2305 4340 in
2337 4296 2550 4342 tenuem
2573 4286 2813 4355 regulam
2853 4294 3041 4340 ventre
3078 4285 3213 4357 iam,
3247 4280 3455 4353 venire]
3503 4297 3720 4351 suspeu~

2133 4396 2224 4436 sus
2251 4380 2439 4435 invitat
2489 4378 2820 4435 exitiabilem
2870 4378 3073 4443 feram,
3125 4384 3181 4432 et
3229 4375 3332 4430 nisi
3385 4373 3719 4446 periclitatus

2132 4474 2313 4538 fuerit,
2348 4474 2421 4527 nil
2452 4472 2593 4528 unde
2617 4473 2799 4527 vivere
2829 4471 3001 4541 possit
3039 4470 3309 4539 acquirit;
3339 4468 3476 4522 alter
3504 4481 3566 4522 se
3607 4479 3719 4535 ges-

441 4550 661 4608 homine
689 4555 827 4623 perit
851 4572 1067 4627 corpus,
1093 4566 1149 4613 et
1170 4569 1459 4631 antequam
1482 4561 1718 4618 cadaver
1739 4563 2024 4633 efficiatur,
2056 4562 2103 4620 D
2132 4567 2281 4621 tabili
2330 4581 2488 4621 muro
2534 4580 2827 4621 cannarum
2858 4571 3047 4620 contra
3101 4562 3452 4618 suavissimum
3504 4557 3718 4621 animal,

442 4642 772 4699 truculenter
821 4646 1135 4702 absumitur.
1166 4646 1368 4721 Captus
1389 4666 1514 4708 esea
1545 4651 1605 4707 fit
1629 4653 1770 4708 hosti
1793 4667 1920 4719 suo,
1970 4664 2028 4709 et

440 4736 591 4793 illum
623 4736 795 4810 (proh
835 4736 1060 4811 dolor!)
1090 4743 1253 4800 satiat
1278 4760 1440 4816 quem
1468 4760 1529 4802 se
1555 4746 1821 4817 perimere
1865 4762 2026 4819 posse

512 4905 549 4979 tt.
568 4894 802 4979 Innptuit
830 4902 1005 4979 active
1032 4903 1215 4979 posuit
1235 4923 1332 4976 pro
1354 4914 1540 4979 notum
1563 4905 1706 4979 fecit,
1736 4914 1793 4962 ut
1818 4905 2022 4979 S.Gre—

437 4968 645 5051 got-ius“
668 4967 888 5039 Magnus
910 4967 1128 5051 _libfvﬂn
1158 4967 1292 5051 Reg.
1314 5018 1328 5043 ,
1360 4977 1544 5051 indict.
1578 4976 1612 5032 2
1642 5020 1657 5046 ,
1685 4967 1806 5051 cap.
1836 4977 1938 5051 115
1966 4989 2021 5036 et

439 5038 559 5092 114.
593 5038 682 5095 Sic
710 5056 870 5112 supra
894 5045 1029 5101 dixit
1065 5038 1420 5103 Cassiodorus
1445 5038 1814 5104 innotescenda
1856 5050 1948 5106 lib.
1978 5066 2018 5122 1,

439 5123 522 5165 eo.
557 5110 645 5164 24.
689 5110 883 5165 Jumn.

437 5123 522 5180 ep.
557 5123 645 5164 24.
689 5123 883 5171 tuam.

513 5180 537 5220 δ
573 5182 920 5264 ῖθῃδιξουθῐιι
945 5196 1031 5264 _et
1071 5189 1400 5264 spectacula,
1460 5192 1513 5247 in
1551 5193 1745 5262 quibus
1771 5193 2019 5251 homines

436 5266 559 5335 cum
583 5251 709 5335 feris
726 5251 1281 5335 decertabantfvocat
1310 5251 1491 5335 ludum
1515 5251 1789 5335 cr'udclem
1817 5276 1871 5321 et
1890 5283 2016 5323 san-

474 5329 733 5407 ninariam
791 5329 1157 5407 voluptatem,
1216 5333 1667 5407 quemadmodum
1702 5337 2018 5407 theatrales

459 5401 758 5477 unctiones,
800 5401 1550 5477 spectaculorumeditiones,
1582 5413 1636 5460 et
1663 5406 1766 5461 alia
1789 5407 1904 5476 ejus
1933 5423 2016 5477 ge-

434 5469 578 5548 p'eris
604 5505 618 5530 ,
648 5469 952 5548 voluptates
974 5473 1259 5548 appellari
1277 5483 1486 5529 constat
1511 5515 1525 5540 ,
1556 5476 1700 5545 quod
1731 5469 2015 5533 continuat

439 5532 695 5605 VOpiscus
744 5532 794 5615 in
823 5532 1113 5598 Aureliano
1160 5562 1173 5597 :
1228 5532 1592 5615 Sequentibus
1635 5548 1823 5603 diebus
1872 5532 2013 5603 datae

432 5615 558 5689 [sunt
608 5612 806 5689 pepqu
851 5615 1155 5689 voluptates
1205 5612 1448 5689 ludorum
1501 5618 1868 5689 scenicorum,
1900 5620 2007 5689 95

433 5675 1043 5759 indornm'cirgznsiu_iii,
1075 5688 1439 5759 venationum,
1471 5675 2011 5758 gladiatorutn,'n‘au'-

435 5747 675 5803 machina.
710 5750 777 5806 Et
798 5747 1157 5811 Tertullianus
1186 5758 1268 5812 his
1313 5747 1524 5817 verbis:
1560 5761 1689 5816 Nam
1725 5773 1778 5816 et
1817 5747 2007 5819 onlnes

435 5821 553 5879 litim
590 5820 827 5890 profana:
879 5829 1310 5896 spectaculorum
1340 5833 1673 5887 seculariua
1701 5836 1878 5905 una}:
1904 5847 2003 5890 nes

2134 4657 2282 4713 ericii
2310 4650 2559 4726 exemplo
2587 4695 2603 4722 ,
2651 4663 2963 4727 receptatus
3008 4654 3264 4718 includit,
3323 4651 3414 4722 qui
3455 4650 3638 4706 subito
3667 4650 3717 4702 in

2134 4755 2317 4818 tergus
2342 4764 2498 4804 suum
2527 4746 2815 4817 refugiens,
2859 4748 3003 4803 intra
3026 4762 3088 4804 se
3125 4746 3389 4802 collectus
3434 4739 3718 4800 abscondi~

2125 4923 2193 4982 ex
2231 4910 2391 4966 rebus
2442 4910 2535 4966 Dei
2583 4918 2853 4967 constant.
2905 4908 2997 4965 Sic
3041 4908 3356 4966 Lactantius
3409 4907 3715 4982 spectacula

2124 4980 2389 5052 damnans
2414 5024 2431 5049 ,
2458 4983 2753 5052 voluptatis
2776 4997 2907 5037 voce
2936 4997 3311 5051 saepenumero
3338 4980 3532 5052 utitur.
3565 4981 3624 5035 L.
3668 4994 3710 5052 ξ,

2122 5050 2185 5123 tl.
2212 5052 2278 5123 de
2316 5050 2496 5121 Spect.
2530 5050 2635 5123 Ιλξι
2664 5096 2677 5120 ,
2711 5053 2772 5107 C.
2814 5054 2881 5108 de
2932 5050 3156 5123 expeus.
3192 5053 3461 5108 ludorum.
3497 5050 3714 5107 Trebel-

2124 5121 2226 5177 lius
2258 5121 2428 5179 Pollio
2459 5124 2513 5177 in
2559 5122 2799 5179 Galienis
2825 5121 3057 5180 duobus.
3092 5123 3168 5180 Ne
3223 5124 3425 5179 diutius
3451 5168 3464 5189 ,
3518 5124 3709 5193 inquit,

2123 5194 2334 5266 theatro
2364 5202 2418 5250 et
2446 5196 2589 5250 circo
2619 5195 2829 5250 addicta
2860 5210 3002 5266 resp.
3039 5212 3137 5266 per
3166 5196 3526 5266 voluptatum
3554 5194 3711 5266 depe-

2122 5264 2254 5319 riret
2302 5266 2601 5321 illecebras.
2653 5264 3051 5322 Salvianus'de
3108 5265 3459 5321 Providentia
3513 5264 3608 5319 Dei
3639 5264 3709 5316 ait

2121 5335 2253 5406 nihil
2284 5352 2401 5391 esse
2423 5337 2706 5391 criminum
2737 5337 2821 5391 vel
2868 5336 3198 5405 flagitiorum
3240 5338 3387 5406 quod
3431 5353 3540 5391 non
3572 5341 3710 5390 esset

2120 5405 2175 5459 in
2224 5408 2567 5477 spectaculis,
2613 5409 2702 5463 ubi
2754 5408 3000 5463 homines
3029 5405 3405 5463 lacerarentur
3445 5423 3569 5463 cum
3608 5406 3706 5460 cir-

2119 5478 2586 5547 cumspicientium
2626 5479 2923 5547 voluptate.
2979 5477 3117 5534 llinc
3164 5477 3492 5535 Prudentius
3520 5486 3704 5533 contra

2116 5547 2499 5620 Syixiiiiaclium
2525 5590 2539 5615 ,
2573 5565 2693 5604 cum
2722 5550 2790 5604 ad
2814 5548 3128 5619 abroganda
3172 5550 3487 5620 spectacula
3537 5548 3706 5605 Hono-

2115 5618 2253 5671 rium
2283 5620 2620 5675 cohortatur.

2206 5719 2483 5786 :lru‘mortes
2506 5723 2794 5786 miserorum
2818 5721 3072 5786 hominum
3098 5723 3357 5786 prohibeto
3374 5722 3507 5774 litari

2204 5781 2376 5834 Nullus
2398 5785 2450 5834 in
2484 5785 2604 5835 orbe
2638 5784 2796 5843 cadat,
2822 5785 2966 5848 cujus
2984 5788 3050 5837 sit
3073 5781 3217 5849 pinna
3246 5784 3486 5900 valuptas.

3310 5862 3441 5899 noss.
