3958 6464
203 304 311 374 671

1498 312 1858 372 VARIARUM
1897 313 2100 372 LIBER
2140 313 2199 372 V.

3367 313 3473 374 678

201 439 322 496 tur;
363 436 419 484 et
449 442 571 484 cum
598 441 865 499 nusquam
891 424 1200 483 discesserit
1223 468 1238 494 ,
1269 426 1385 496 ejus
1406 411 1788 497 corpusculum
1821 433 1871 492 Α
1898 429 2072 484 aliena
2120 443 2285 498 regna
2318 431 2640 498 transmitti;
2672 447 2792 502 qua:
2822 446 2889 488 ne
2934 433 3088 489 vobis
3133 427 3484 486 redderentur

201 538 313 577 non
342 521 575 576 videtur.
607 520 738 575 Nam
767 520 904 576 sicut
930 520 1020 575 ille
1049 521 1300 575 veniente
1323 520 1595 575 contrario
1636 536 1796 576 revo-

203 614 356 670 lutus
385 614 437 667 in
468 613 734 682 sphreram
762 612 1098 668 naturalibus
1125 611 1436 668 defcnsatur
1461 612 1684 676 aculeis,
1719 611 1801 668 sic

206 705 314 760 iste
341 704 595 766 consutili
647 712 797 760 crate
850 704 1199 774 praecinctus,
1251 703 1514 765 munitior
1559 703 1804 764 redditur

205 797 506 868 fragilitate
530 812 859 863 cannarum;
893 797 984 854 alii
1009 797 1180 856 tribus
1196 837 1212 864 ,
1251 804 1309 854 ut
1330 795 1402 854 ita
1420 796 1668 862 dixerim,
1691 795 1802 852 dis-

207 891 424 962 positis,
457 890 667 946 ostiolis
695 890 838 963 [atii,
864 887 1136 960 hostiolis]
1165 899 1409 959 paratam
1428 889 1482 950 in
1503 904 1567 946 se
1595 889 1801 950 rabiem

207 995 511 1052 provocare
555 989 890 1052 praesumunt
921 998 934 1034 :
972 980 1025 1034 in
1055 981 1263 1051 patenti
1319 995 1443 1035 area
1482 979 1802 1036 cancellosis

206 1089 270 1128 se
297 1073 542 1144 postibus
586 1073 897 1128 occulentes
924 1113 941 1139 ,
983 1071 1146 1128 modo
1193 1071 1398 1138 facies,
1440 1071 1604 1127 modo
1652 1078 1802 1141 terga

209 1175 614 1232 monstrantes;
647 1173 705 1220 ut
736 1166 933 1220 mirum
959 1166 1030 1220 sit
1051 1165 1284 1221 evadere
1312 1181 1448 1238 quos
1475 1166 1549 1222 ita
1580 1165 1804 1236 respicis

209 1274 310 1330 per
355 1259 573 1313 leonum
604 1273 807 1327 ungues
835 1257 1135 1326 dentesque
1163 1257 1420 1312 volitare:
1450 1256 1588 1312 alter
1603 1255 1804 1317 labenti

209 1359 332 1406 rota
361 1350 488 1407 feris
519 1348 774 1416 offertur;
799 1349 986 1405 eadem
1023 1348 1162 1403 alter
1186 1349 1430 1417 erigitur,
1464 1357 1522 1403 ut
1549 1348 1806 1419 periculis

210 1443 509 1500 auferatur.
539 1443 630 1500 Sic
656 1443 772 1500 haec
791 1442 1039 1498 machina
1081 1442 1317 1508 adinfidi
1347 1443 1532 1500 mundi
1568 1443 1803 1500 formata

211 1537 553 1607 qualitatem,
581 1537 712 1592 istos
735 1553 830 1608 spe
859 1537 1089 1602 refovet,
1121 1536 1242 1591 illos
1269 1535 1462 1591 timore
1489 1535 1802 1592 discruciat:

212 1630 464 1684 omnibus
497 1637 675 1684 tamen
707 1629 962 1696 vicissim,
988 1638 1048 1684 ut
1073 1628 1330 1698 decipere
1359 1629 1550 1698 possit,
1580 1626 1804 1684 arridet.

213 1719 458 1789 Longum
502 1729 586 1776 est
634 1737 732 1791 per
759 1729 840 1777 tot
881 1721 1250 1792 periculorum
1277 1736 1437 1777 casus
1465 1721 1806 1776 sermonibus

1901 520 2114 587 infesta,
2143 530 2326 576 nostra
2351 522 2596 576 fecerunt
2617 525 2860 578 absolute
2889 525 3204 579 certamina.
3252 524 3349 580 Ubi
3377 537 3482 600 est,

1902 615 2042 684 quod
2071 623 2218 670 tanta
2250 615 2485 670 lectione
2513 617 2786 684 saginatus
2810 658 2824 683 ,
2859 606 2992 672 alios
3036 618 3248 673 solebas
3293 617 3490 678 doch

1902 705 1970 760 de
2022 706 2302 761 moribus?
2351 705 2466 761 Iloe
2496 707 2540 762 si
2590 707 2852 762 voluisses
2905 724 3028 766 eum
3074 725 3262 766 sorore
3300 717 3486 772 nostra

1903 806 2158 865 tractare,
2189 798 2374 868 utique
2402 799 2554 860 vobis
2595 815 2702 854 non
2753 803 3015 870 potuisset
3053 801 3333 860 accidere:
3360 804 3490 876 quia

1903 907 2004 950 nec
2032 892 2253 950 fratrem
2283 893 2604 962 permiserat
2631 893 2772 959 laedi,
2805 909 2903 956 nec
2929 895 3179 950 maritum
3206 895 3408 952 fecerat
3432 899 3489 962 in

1902 985 2066 1040 rebus
2091 985 2284 1042 talibus
2318 985 2566 1042 inveniri.
2597 984 2770 1054 Atque
2799 984 2920 1040 ideo
2949 1000 3046 1054 per
3075 985 3224 1046 illum
3261 993 3319 1050 et
3344 987 3491 1052 illum

1903 1076 2112 1145 legatos
2139 1083 2353 1131 nostros
2379 1076 2674 1132 salutantes
2699 1074 3115 1134 honoriﬁcentia
3141 1078 3490 1146 competenti,

1903 1170 2136 1242 petimus
2181 1177 2236 1224 ut
2267 1170 2405 1226 hanc
2449 1169 2766 1238 injustitiam
2809 1169 3123 1224 deliberatio
3166 1178 3344 1225 vestra
3373 1186 3493 1240 per-

1906 1268 2106 1318 tractet
2138 1279 2149 1313 :
2177 1277 2244 1314 ne
2277 1269 2557 1330 parentum
2591 1268 2889 1315 vestrorum
2920 1261 3130 1314 animus
3159 1260 3493 1316 evidentibus

1907 1354 2086 1409 causis
2131 1353 2418 1422 excitatus,
2443 1352 2648 1421 cogitet
2676 1352 2872 1424 aliquid
2897 1359 3106 1408 tentare
3133 1351 3277 1421 quod
3303 1367 3494 1422 pacem

1905 1449 2155 1504 videatur
2181 1449 2503 1518 irrumpere.
2534 1447 2780 1503 Graviter
2808 1446 3070 1515 siquidem
3096 1446 3244 1502 dolet
3280 1445 3493 1516 injuria,

1907 1557 2028 1612 qua:
2067 1542 2354 1610 contigerit
2382 1543 2684 1611 insperata;
2713 1549 2766 1602 et
2792 1541 2838 1596 si
2862 1539 2986 1594 inde
3013 1541 3298 1612 proveniat
3320 1541 3496 1607 dolus,

1909 1635 2052 1694 unde
2073 1635 2393 1690 credebatur
2413 1634 2692 1690 auxilium.
2735 1633 2988 1699 Quaedam
3018 1649 3146 1688 vero
3184 1648 3281 1704 per
3306 1634 3496 1690 harum

1911 1727 2204 1797 portitores
2239 1725 2406 1780 verbo
2436 1723 2590 1778 vobis
2638 1721 2953 1777 insinuanda
2997 1722 3392 1789 commisimus;
3443 1730 3498 1778 ut

213 1811 452 1880 evagari.
479 1810 589 1867 Sed
615 1822 743 1882 apte
767 1811 1100 1881 jungendum
1127 1820 1230 1878 est,
1259 1812 1404 1882 quod
1433 1813 1507 1867 ait
1535 1812 1602 1870 de
1623 1813 1808 1870 inferis
1837 1827 1882 1886 Β
1909 1817 2239 1872 aestimantes
2268 1816 2470 1883 omnia,
2496 1814 2622 1886 quid
2646 1813 2758 1869 tieri
2789 1814 2841 1870 in
2867 1821 3015 1868 tanta
3045 1828 3208 1868 causa
3229 1821 3498 1884 oporteat,

212 1900 536 1958 Mantuanus
569 1921 582 1956 :
623 1903 755 1970 Quis
781 1904 1049 1960 scelerum
1079 1905 1538 1976 comprehendere
1566 1905 1806 1964 formas?

208 1993 333 2062 quis
357 1993 538 2049 omnia
570 2010 850 2064 poenarum
875 2011 1195 2066 percurrere
1223 1997 1444 2052 nomina
1465 2000 1633 2068 possit
1656 2000 1679 2053 ?
1699 1998 1807 2054 Sed

207 2084 384 2149 vobis,
411 2085 605 2154 quibus
635 2102 861 2144 necesse
886 2095 971 2144 est
999 2089 1127 2144 talia
1158 2090 1373 2160 populis
1393 2091 1671 2158 exhibere,
1698 2091 1806 2148 lar-

207 2178 379 2246 gitate
409 2194 600 2235 manus
622 2179 829 2237 fundite
858 2183 1100 2253 praemia,
1134 2191 1192 2238 ut
1221 2184 1336 2240 haec
1363 2185 1576 2241 miseris
1598 2184 1807 2243 faciatis

209 2283 332 2324 esse
361 2270 561 2324 votiva.
587 2270 803 2342 Alioqui
823 2274 1062 2330 violenta
1081 2276 1380 2345 compulsio
1409 2286 1511 2344 est,
1544 2278 1807 2334 solemnia

210 2360 354 2416 dona
383 2362 704 2421 subtrahere
731 2406 746 2433 ,
780 2375 836 2422 et
873 2377 1079 2425 mortes
1123 2369 1470 2427 detestabiles
1514 2371 1801 2443 imperare.

211 2453 280 2509 Et
328 2454 450 2511 ideo
479 2456 738 2528 quidquid
777 2459 831 2514 in
858 2459 1073 2531 longam
1103 2464 1551 2520 consuetudinem
1582 2466 1804 2537 antiqua

211 2546 536 2604 liberalitate
563 2550 830 2620 pervenit,
873 2553 991 2608 sine
1021 2554 1200 2625 aliqua
1221 2554 1483 2636 dilatione
1521 2559 1807 2616 concedite

211 2639 534 2708 supplicanti
571 2657 583 2695 :
613 2643 738 2712 quia
783 2644 1066 2700 homicidii
1093 2656 1280 2703 reatus
1305 2657 1408 2716 est,
1441 2649 1546 2704 illis
1575 2666 1696 2706 esse
1727 2660 1807 2707 te-

216 2745 428 2797 nacem,
471 2745 608 2801 quos
637 2733 804 2789 editio
828 2744 1008 2790 vestra
1038 2736 1289 2791 invitavit
1313 2737 1379 2791 ad
1409 2749 1660 2794 mortem.
1689 2739 1807 2796 Heu

211 2822 399 2877 mundi
429 2837 583 2880 error
615 2825 910 2881 dolendus!
945 2827 1003 2882 Si
1028 2837 1172 2884 esset
1190 2829 1333 2885 ullus
1358 2832 1626 2900 tequitatis
1654 2833 1808 2888 intui-

213 2921 330 2979 tus,
363 2923 525 2971 tantze
545 2916 744 2972 divitia:
771 2933 870 2988 pro
891 2919 1003 2973 vita
1033 2921 1344 2974 mortalium
1374 2921 1638 2980 deberent
1667 2924 1804 2992 dari,

213 3015 425 3074 quanta:
454 3007 510 3062 in
534 3016 738 3067 mortes
763 3009 1046 3066 hominum
1075 3010 1328 3067 videntur
1355 3011 1582 3070 effundi.

741 3144 1077 3202 EPISTOLA
1114 3147 1295 3203 XLIII.

284 3249 632 3292 TRANSMUNDO
663 3253 782 3294 REGI
815 3254 1182 3296 WANDALORUM
1214 3258 1577 3299 TIIEODORICUS
1603 3259 1729 3299 REX.

213 3325 424 3405 Laudat
466 3348 695 3405 sororem
721 3349 900 3397 suam,
947 3352 1100 3405 quant
1137 3334 1498 3392 Trausmttndo
1539 3339 1592 3392 in
1624 3338 1808 3392 matri-

283 3402 513 3454 monium
535 3402 774 3469 dederat;
798 3415 847 3477 et
867 3402 1196 3477 con—queritur
1214 3407 1350 3477 quod
1376 3408 1484 3477 ipse
1506 3407 1808 3463 Gesalecum

281 3488 440 3542 regno
470 3484 679 3550 propter
705 3475 1508 3550 perﬁdiamexpulsumbenigne
1527 3483 1803 3550 exceperit,

283 3552 436 3613 atque
465 3545 520 3597 in
549 3551 756 3598 exteras
785 3547 966 3617 plagas
996 3545 1111 3600 cum
1141 3549 1334 3601 divitiis
1365 3545 1730 3604 transmiserit.

287 3655 542 3723 Quamvis
573 3673 603 3712 a
633 3656 859 3714 diversis
900 3660 1116 3728 regibus
1147 3661 1368 3731 expetiti
1399 3679 1496 3732 pro
1525 3661 1805 3717 solidanda

214 3752 502 3808 concordia
535 3763 628 3808 aut
656 3762 845 3824 neptes
885 3754 1153 3824 dedimus,
1186 3763 1278 3809 aut
1323 3753 1477 3825 ﬁlias,
1512 3755 1620 3811 Deo
1653 3756 1808 3812 nobis

213 3843 530 3916 inspirante,
565 3844 960 3915 conjunximus,
995 3846 1124 3901 nulli
1158 3854 1334 3902 tamen
1355 3849 1680 3904 mstimamus
1709 3864 1808 3905 nos

213 3934 414 4005 aliquid
466 3936 641 3992 simile
667 3938 980 4008 contulisse,
1007 3955 1169 4010 quam
1198 3940 1344 4010 quod
1370 3955 1680 4010 germanam
1711 3958 1809 3997 no-

213 4039 403 4098 stram,
451 4033 666 4102 generis
694 4033 869 4089 Amali
897 4035 1169 4105 singulare
1190 4036 1537 4106 prazconium,
1567 4044 1808 4092 vestrum

213 4122 442 4177 fecimus
471 4139 591 4179 esse
619 4125 925 4194 conjugium
960 4145 971 4179 :
1006 4126 1256 4181 feminam
1285 4128 1582 4198 prudentiae
1617 4137 1810 4183 vestra:

215 4228 426 4282 parem,
461 4229 580 4284 quzc
611 4232 719 4271 non
752 4225 959 4272 tantum
989 4219 1284 4274 reverenda
1314 4236 1497 4290 regno,
1549 4230 1809 4290 quantum

214 4306 479 4363 mirabilis
503 4309 673 4377 possit
694 4325 814 4365 esse
837 4311 1085 4368 consilio.
1129 4311 1236 4368 Sed
1263 4321 1456 4383 stupeo
1484 4329 1582 4368 vos
1607 4313 1689 4368 his
1718 4314 1810 4368 be-

137 4409 146 4414 ·
216 4396 425 4452 neliciis
453 4399 722 4468 obligatos
750 4398 1103 4470 Gesalecum,
1156 4405 1248 4474 qui
1295 4405 1497 4459 nostris
1553 4405 1806 4474 inimicis,

216 4486 344 4542 dum
372 4506 402 4544 a
432 4490 589 4548 nobis
619 4491 911 4563 foveretur,
943 4495 1227 4565 adjunctus
1250 4505 1351 4562 est,
1384 4497 1436 4551 in
1462 4504 1696 4552 vestram
1715 4496 1810 4550 de-

1909 1909 2248 1980 providentia
2286 1918 2464 1966 vestra
2498 1916 2762 1978 reponat:
2795 1908 2921 1977 quia
2969 1923 3078 1962 non
3107 1917 3191 1964 est
3229 1907 3345 1965 leve
3372 1924 3497 1981 prn-

1909 2003 2098 2060 dentes
2126 2004 2269 2060 viros
2289 2003 2342 2058 in
2366 2002 2515 2073 pacis
2543 2003 2835 2058 constituta
2859 2015 3104 2071 peccare.

2421 2134 2750 2191 EPISTULA
2789 2133 2969 2190 XLIV.

1968 2244 2315 2286 TRANSMUNDO
2347 2235 2372 2266 ⁸
2397 2243 2518 2283 nscr
2544 2243 2911 2282 wannawncu
2942 2242 3307 2283 'rnsooontcus
3333 2243 3458 2284 sex.

1909 2322 2105 2379 Scribit
2131 2339 2184 2376 se
2211 2325 2597 2376 excusationem
2636 2322 2748 2391 ejus
2791 2320 3246 2392 purgationemque
3281 2322 3344 2376 ob
3393 2321 3497 2375 Ge-

1978 2394 2137 2448 laseci
2179 2395 2553 2463 susceptionem
2581 2392 2760 2463 iibenti
2803 2394 2977 2446 animo
3004 2395 3306 2461 accepisse;
3333 2401 3383 2446 et
3410 2409 3495 2447 re-

1977 2466 2134 2519 mittit
2162 2462 2375 2519 munera
2401 2463 2463 2518 ab
2494 2481 2552 2518 eo
2579 2462 2676 2518 sibi
2701 2463 2898 2518 oblata.

1978 2556 2289 2625 Ostendisti,
2319 2557 2730 2628 prudentissime
2752 2570 2956 2625 regum,
2979 2563 3099 2626 post
3118 2555 3317 2612 erroris
3337 2570 3498 2613 even-

1909 2660 2022 2706 tum
2044 2649 2380 2721 sapientibus
2397 2649 2688 2704 subvenire
2717 2663 2877 2718 posse
2904 2647 3218 2714 consilium;
3246 2663 3346 2704 nec
3367 2663 3496 2719 per-

1910 2743 2123 2798 tinacia:
2141 2743 2329 2798 vitium
2359 2757 2456 2798 vos
2483 2755 2686 2806 amare,
2719 2740 2861 2810 quod
2882 2740 3054 2796 brutis
3083 2740 3390 2796 hominibus
3418 2741 3498 2796 vi-

1908 2837 2064 2892 detur
2092 2834 2363 2890 accidere.
2395 2833 2684 2904 Obligastis
2713 2833 2949 2888 animum
2991 2848 3200 2898 meum,
3232 2842 3377 2888 tan-ta
3399 2848 3498 2890 vos

1910 2925 1963 2980 in
2004 2924 2199 2980 melius
2227 2923 2504 2979 celeritate
2534 2921 2813 2977 mutando.
2846 2920 2980 2975 Nam
3012 2937 3133 2976 cum
3163 2937 3258 2976 rex
3287 2921 3498 2977 satisfa-

1909 3017 2000 3082 cit,
2030 3015 2286 3085 quaelibet
2315 3014 2449 3070 dura
2471 3012 2715 3070 dissolvit
2743 3029 2757 3064 :
2793 3011 2915 3080 quia
2941 3011 3019 3066 sic
3048 3017 3130 3067 est
3157 3011 3210 3072 in
3241 3011 3497 3081 principi-

1909 3111 2010 3166 bus
2025 3110 2300 3165 humilitas
2320 3109 2576 3178 gloriosa,
2599 3105 3050 3177 quemadmodum
3072 3107 3125 3162 in
3140 3107 3499 3168 mediocribus

1831 3208 1875 3268 C
1911 3203 2098 3258 odiosa
2128 3209 2310 3272 potest
2353 3217 2470 3255 esse
2493 3199 2768 3270 jactautia.
2805 3197 2986 3269 Nuper
3024 3199 3178 3258 vobis
3205 3199 3500 3268 objecimus

1909 3291 2151 3348 Gesaleci
2170 3291 2440 3360 quondam
2455 3291 2598 3360 regis
2609 3290 2794 3346 dolosa
2805 3289 3158 3348 meditatione
3171 3290 3463 3348 discessum
3480 3309 3497 3360 ;

1907 3384 2004 3440 sed
2031 3401 2127 3440 vos
2149 3384 2440 3440 nobilitatis
2468 3391 2656 3440 vestra:
2678 3376 2950 3441 metueres
2970 3389 3026 3435 et
3046 3381 3286 3447 honoris,
3317 3389 3500 3449 aetum

1908 3476 1985 3530 rei
2028 3474 2183 3529 nobis
2222 3475 2320 3528 sub
2350 3475 2578 3528 veritate
2607 3472 2944 3528 declarastis.
2978 3469 3128 3526 Unde
3157 3488 3264 3526 non
3293 3472 3389 3526 fuit
3419 3473 3495 3528 sic

1909 3565 2299 3636 vituperabile,
2355 3565 2626 3620 hominem
2678 3565 2923 3638 [ed.Ac.,
2971 3561 3270 3640 hominum]
3318 3579 3497 3641 prat'is

1908 3658 2299 3729 suspicionibus
2329 3657 2503 3713 locum
2534 3656 2765 3724 dedisse,
2797 3668 3054 3728 quantmn
3096 3661 3386 3730 gloriosum
3416 3670 3498 3718 est

1908 3751 2273 3807 dominantem
2299 3759 2405 3806 tam
2434 3751 2714 3806 celerrime
2742 3767 2800 3806 se
2841 3753 3079 3821 potuisse
3124 3769 3373 3822 purgare.
3403 3752 3498 3810 Ille

1909 3842 2053 3896 enim
2079 3843 2170 3912 qui
2199 3842 2373 3897 minus
2413 3849 2624 3912 poterat
2665 3841 2814 3910 cogi,
2843 3842 3035 3896 animm
3063 3858 3170 3898 non
3197 3859 3385 3912 passus
3415 3854 3498 3900 est

1911 3951 2107 3990 arcana
2136 3935 2359 3990 violare.
2386 3933 2484 3989 Cui
2516 3934 2659 3990 laudi
2689 3935 3128 4002 vicissitudinem,
3154 3935 3206 3990 in
3235 3951 3339 4004 qua
3369 3951 3496 4006 pos-

1910 4043 2094 4082 sumus
2120 4035 2292 4096 parte,
2336 4024 2639 4090 reddentes,
2674 4027 2935 4081 sinceram
2966 4026 3335 4096 purgationem
3367 4043 3498 4097 pura

1909 4128 2092 4172 mente
2131 4118 2488 4188 suscepimus;
2520 4117 2613 4172 sed
2655 4117 2770 4170 auri
2803 4117 3098 4171 transmissi
3126 4131 3348 4170 munera
3391 4133 3498 4173 non

1914 4221 2186 4277 tenemus;
2219 4217 2277 4264 ut
2307 4217 2361 4265 et
2388 4209 2488 4280 ipsi
2519 4207 2849 4277 intelligatis,
2878 4223 3093 4263 causam
3119 4224 3216 4279 per
3237 4208 3498 4278 justitiam

1912 4303 2077 4361 fuisse
2105 4314 2325 4366 motam,
2357 4317 2516 4372 quam
2540 4301 2686 4356 nulla
2717 4300 2891 4371 potuit
2919 4300 3071 4355 linire
3095 4300 3372 4356 venalitas.
3400 4301 3499 4357 Fe-

1913 4397 2084 4451 cimus
2108 4394 2320 4464 utrique
2348 4394 2569 4462 regalia.
2606 4393 2697 4447 Sic
2727 4408 2826 4448 nos
2855 4394 3225 4464 superavimus
3265 4396 3500 4467 tyranni~

1914 4504 2033 4544 cam
2058 4488 2424 4558 cupiditatem,
2450 4487 2587 4541 sicut
2609 4493 2663 4541 et
2679 4501 2774 4542 vos
2793 4486 2986 4542 vicisse
3014 4495 3497 4544 constaterrorem.

217 4581 518 4640 fensionem
546 4585 624 4641 sic
654 4585 820 4642 fuisse
840 4598 1168 4660 susceptum,
1199 4598 1256 4645 ut
1275 4591 1366 4658 qui
1397 4589 1464 4644 ad
1489 4606 1585 4646 vos
1614 4590 1814 4646 viribus
1841 4592 1892 4652 D
1919 4582 2164 4638 Rcdeanl
2222 4581 2288 4636 ad
2336 4579 2928 4660 CUbiCUlumnveSll‘UIn
2973 4595 3195 4636 munera
3214 4620 3228 4645 9
3274 4595 3502 4650 quorum

217 4675 525 4744 destitutus,
562 4678 909 4750 privatusque
939 4681 1168 4737 fortunis
1195 4691 1444 4748 venerat,
1497 4681 1670 4736 subita
1711 4698 1809 4753 pe-

217 4767 387 4822 cuniae
425 4769 671 4825 ubertate
700 4773 1030 4843 completus,
1065 4773 1131 4828 ad
1161 4781 1348 4842 gentes
1377 4781 1588 4828 exteras
1613 4775 1810 4844 probe«

221 4867 308 4912 tur
333 4860 711 4928 transmissus;
743 4865 835 4934 qui
861 4867 1124 4934 quamvis,
1159 4867 1270 4922 Deo
1309 4866 1531 4938 juvante
1555 4909 1570 4935 ,
1619 4867 1813 4924 laedere

220 4951 293 5003 nil
326 4953 513 5020 possit,
541 4962 722 5010 tamen
746 4957 980 5011 animum
1004 4967 1196 5012 vestra:
1218 4958 1559 5028 cogitationis
1580 4961 1809 5029 aperuit.

220 5041 357 5108 Quid
409 5056 726 5116 exspectent
775 5058 1158 5109 extraneorum
1183 5050 1324 5122 jura,
1369 5052 1415 5106 si
1456 5052 1535 5107 sic
1580 5060 1817 5107 meretur

221 5135 498 5194 aﬂinitas?
527 5139 658 5196 Nam
690 5142 734 5198 si
774 5159 934 5200 causa
982 5145 1364 5201 misericordia:
1410 5155 1692 5216 susceptus
1736 5151 1818 5201 est

223 5227 277 5282 in
328 5245 495 5301 regno
524 5242 724 5301 vestro,
782 5237 955 5291 teneri
1007 5237 1238 5293 debuit:
1285 5238 1329 5292 si
1361 5246 1550 5292 nostro
1599 5245 1819 5307 propter

222 5336 480 5382 excessus
522 5327 710 5398 pulsus
737 5336 856 5393 est,
888 5345 997 5386 non
1028 5337 1344 5400 oportuerat
1369 5343 1489 5385 cum
1521 5327 1720 5384 divitiis
1751 5327 1820 5382 ad

296 5540 322 5569 ι
351 5529 432 5586 Ex
453 5530 756 5603 Nicephoro
782 5533 876 5589 lib.
917 5548 1025 5589 xvu
1058 5531 1265 5588 Eccles.
1300 5531 1528 5600 Histor.,
1562 5548 1680 5603 cap.
1715 5531 1802 5587 II.

222 5599 627 5672 Iransmundus
653 5603 826 5659 forma
869 5606 1066 5660 eximia
1096 5613 1151 5659 et
1177 5605 1355 5659 animo
1387 5599 1580 5672 t‘naguo
1610 5599 1706 5670 vir,
1739 5605 1807 5660 ad

223 5671 623 5745 Theodericum
677 5673 979 5731 Gothorum
1051 5689 1230 5743 regem
1282 5671 1548 5745 legatione
1600 5677 1802 5743 missa,

224 5743 667 5817 Amalasuntbam
699 5746 814 5816 ejus
840 5761 1150 5815 germanam
1181 5747 1236 5800 in
1266 5743 1667 5804 matrimonium
1708 5763 1805 5817 pe-

225 5822 346 5869 tens
376 5816 694 5886 impetravit,
726 5827 779 5872 et
807 5827 1066 5887 praetcrea
1109 5818 1252 5872 mille
1283 5817 1428 5872 dedit
1479 5816 1722 5874 armatos
1752 5824 1810 5878 et

225 5887 462 5958 quinque
505 5887 781 5944 hominum
821 5889 1019 5958 millia,
1065 5903 1183 5957 qua:
1224 5889 1516 5946 satellitum
1559 5888 1810 5946 ordinem

1919 4681 2127 4728 tantum
2173 4671 2377 4728 oblatio
2423 4669 2631 4725 videtur
2657 4655 2796 4726 "esse
2822 4670 3142 4739 gratissima.
3199 4671 3505 4740 Negligatur

1917 4781 2127 4830 aurum,
2160 4765 2249 4821 ubi
2291 4765 2520 4820 electum
2572 4770 2656 4818 est
2683 4764 3027 4820 conscientiae
3075 4766 3504 4835 prmmium;pa«

1918 4859 2081 4913 tiatur
2111 4856 2402 4927 aliquando
2429 4855 2719 4926 repulsam,
2751 4856 2894 4927 quod
2924 4871 3138 4928 semper
3166 4857 3342 4911 avaris
3369 4856 3504 4924 regi-

1918 4954 2018 5008 bus
2065 4953 2385 5023 imperabat.
2432 4949 2535 5004 Eat
2590 4964 2731 5005 nunc
2783 4958 2937 5005 actus
2983 4950 3086 5005 iste
3131 4960 3228 5019 per
3273 4956 3459 5017 gentes
3491 4989 3506 5015 ,

1921 5047 2142 5102 charum
2175 5055 2454 5119 parentem
2494 5061 2601 5101 non
2647 5061 2933 5102 excusasse
2961 5045 3170 5114 culpam
3195 5083 3211 5111 ,
3260 5049 3315 5096 et
3352 5041 3508 5096 laesos

1921 5141 2131 5195 animos
2170 5140 2439 5209 respuisse
2478 5139 2780 5211 pecuniam.
2816 5137 2918 5201 Ita,
2952 5137 3096 5206 quod
3125 5150 3222 5206 per
3248 5133 3388 5189 bella
3417 5147 3508 5187 so-

1922 5233 2066 5288 lebat
2104 5231 2288 5300 quaeri,
2339 5231 2538 5285 amoris
2579 5230 2755 5285 studio
2784 5230 3115 5284 declaratum
3145 5234 3227 5282 est
3269 5223 3508 5296 potuisse

1922 5324 2214 5384 contemni.
2247 5323 2552 5395 lntelligant
2579 5331 2834 5395 parentes
2863 5320 2999 5377 tales
3030 5319 3197 5376 fuisse
3220 5319 3312 5391 qui
3332 5316 3508 5374 studio

1912 5533 2228 5608 implerent.
2252 5532 2367 5590 Hoc
2389 5541 2568 5588 autem
2589 5531 2846 5608 defuncto
2877 5525 3223 5608 Hilderiehus
3255 5523 3511 5608 Honorici

1912 5599 2302 5662 cx'Genserico
2354 5605 2602 5674 prognati
2648 5601 2784 5674 illius
2810 5599 3222 5674 regnavithvir
3269 5599 3414 5674 mitis
3455 5606 3509 5652 et

1916 5694 2044 5741 non,
2069 5686 2129 5732 ut
2153 5678 2240 5732 hic
2263 5667 2666 5750 Transmundns
2685 5715 2699 5741 ,
2733 5667 2961 5750 Aristius
3003 5677 3058 5750 et
3084 5667 3511 5750 Christiaporum

1911 5739 2510 5817 virorumpersccutor.
2542 5744 2622 5817 Ad
2645 5739 3143 5817 huncmllildericum
3173 5739 3510 5797 Athalaricuz

1913 5820 2098 5877 scribit
2126 5813 2260 5875 infra
2284 5818 2375 5873 lib.
2401 5833 2476 5884 ix,
2509 5815 2669 5886 epist.
2700 5813 2752 5878 1.
2773 5813 2922 5871 Ιιόιια
