4018 6348
497 272 602 330 679

1691 269 1760 323 Μ.
1803 266 2075 323 AURELll
2113 260 2510 325 CASSIODORI

3673 272 3781 332 680

497 382 734 440 avaritia:
760 396 951 438 causas
979 381 1080 435 sibi
1122 379 1461 450 nequiverint
1492 379 1749 432 excitare.
1790 379 1977 432 Omnia
2007 381 2081 434 si-
2102 388 2156 441 ιλ
2189 383 2397 435 animus
2426 383 2475 434 in
2502 380 2712 444 futuris,
2744 382 2956 450 quando
2980 385 3373 453 prmtcritorum
3402 399 3777 445 commonetur

496 476 708 547 quidem
740 475 1011 544 superavit
1039 472 1298 527 affectus:
1336 480 1461 525 tunc
1504 471 1664 541 coepit
1690 472 1882 540 petitio
1914 472 2080 538 magis

494 567 760 635 desinere,
812 565 1028 635 quando
1075 565 1315 636 pulsatus
1363 562 1576 632 objecta
1627 578 1733 616 non
1762 578 1952 631 passus
2000 571 2083 617 est

492 656 780 727 abnegare.
813 656 1058 728 Recipite
1086 656 1248 725 igitur
1276 669 1498 709 munera
1529 654 1775 710 sensibus
1808 661 2079 724 suscepta,

491 765 599 805 non
630 750 895 805 manibus.
928 748 1157 804 Suavius
1196 747 1350 802 nobis
1390 746 1488 801 fuit
1524 746 1625 801 ista
1669 745 1891 801 reddere
1919 761 2081 815 quam

490 841 662 897 multo
715 840 939 910 grandia
977 839 1301 911 suscepisse.
1353 835 1542 893 Estote
1592 852 1735 892 nunc
1778 836 1845 891 ad
1887 837 2081 892 similia

488 930 652 998 cauti,
685 930 752 984 ad
775 937 1004 985 ventura
1044 929 1259 985 solliciti
1292 946 1305 982 :
1350 927 1476 999 quia
1514 927 1809 984 instructus
1835 926 2082 984 redditur

2191 474 2469 541 exemplis.
2505 474 2841 543 Quaprolitcr
2885 475 2975 529 illo
3024 488 3077 531 et
3114 479 3204 532 illo
3236 479 3423 547 legatis
3470 485 3666 538 vestris
3695 499 3777 539 re-

2186 562 2473 619 deuntibus
2526 563 2833 633 plenissime
2888 567 3161 622 reddimus
3214 569 3555 626 salutationis
3612 574 3783 629 allec:

2186 663 2324 725 tum,
2355 665 2602 726 optantes
2631 664 2690 711 ut
2734 658 3047 728 sospitatem
3077 671 3313 717 vestram
3364 664 3547 719 divina
3577 681 3776 722 conce-

2187 747 2338 813 dant,
2370 747 2525 816 cujus
2571 749 2728 806 nobis
2769 750 2977 808 animos
3020 754 3352 812 validissime
3402 759 3776 827 cognoscimus

2186 853 2306 897 esse
2333 841 2591 899 sociatos.
3368 853 3377 857 ’

2176 1123 2668 1208 SEXTUS.

1593 1114 1704 1185 95
1754 1123 2101 1206 LIBER

924 1304 967 1361 Ι.
998 1320 1243 1363 εοιωυιλ
1270 1320 1626 1362 consuu'rus.

554 1394 861 1456 Priscorum
894 1399 1097 1469 judicio
1127 1400 1302 1469 qualis
1329 1398 1399 1454 sit
1437 1398 1769 1466 consulatus,
1794 1399 1918 1457 hinc
1957 1416 2074 1456 om-

485 1491 611 1547 nino
638 1491 795 1546 datur
846 1490 1089 1559 intelligi,
1137 1490 1349 1560 quando
1393 1490 1533 1545 inter
1577 1490 1761 1545 mundi
1788 1491 2073 1561 dignitates

484 1582 706 1637 eximias
735 1582 883 1637 solus
911 1583 1110 1637 meruit
1136 1582 1337 1637 habere
1363 1582 1628 1653 palmatas
1649 1592 1825 1639 vestes
1855 1594 1899 1650 ⁸,
1934 1599 2068 1654 quas

481 1675 702 1731 felicitas
727 1675 917 1744 dabat;
935 1676 1155 1746 praemia
1176 1675 1526 1745 vincentium,
1545 1691 1742 1732 nomen
1769 1691 2063 1744 annorum;

480 1769 853 1838 compensatio
902 1768 1017 1823 sola
1081 1768 1168 1822 cui
1214 1768 1548 1823 debebantur
1605 1770 1807 1825 omnia.
1860 1767 2071 1823 Statum

478 1861 704 1930 reipubl.
724 1860 982 1915 Romana:
1002 1859 1106 1915 viri
1126 1858 1280 1916 fortis
1294 1860 1517 1916 dextera
1532 1862 1803 1927 tuebatur,
1827 1862 2069 1918 fortunas

478 1950 737 2011 omnium,
770 1966 835 2005 ac
863 1950 1067 2005 liberos
1117 1949 1276 2019 hujus
1317 1952 1540 2006 consilia
1580 1953 1962 2020 vindicabant;
2014 1961 2070 2010 et

478 2050 558 2097 tot
584 2042 795 2110 magnis
826 2040 1025 2097 debitis
1065 2041 1182 2096 sola
1231 2050 1349 2096 erat
1394 2042 1554 2112 hujus
1582 2043 1864 2099 retributio
1894 2043 2069 2113 digni-

476 2133 618 2198 tatis,
650 2139 867 2201 reperta
897 2132 952 2186 in
980 2131 1242 2187 libertatis
1265 2139 1535 2199 ornatum,
1568 2133 1785 2187 inventa
1814 2133 1881 2188 ad
1905 2149 2069 2203 gene-

476 2224 588 2277 rale
616 2224 887 2292 gaudium.
926 2221 1033 2278 Per
1071 2223 1219 2277 illam
1249 2224 1499 2277 nimirum
1528 2232 1700 2278 status
1746 2224 1954 2295 imperii
1976 2225 2066 2294 ju-

476 2317 612 2385 giter
633 2317 825 2384 crevit,
846 2317 993 2370 illam
1015 2330 1227 2388 semper
1247 2316 1372 2373 felix
1394 2316 1565 2372 Roma
1586 2318 1841 2389 suscepit,
1873 2319 2066 2373 merito

475 2406 681 2475 pridem
714 2406 853 2480 [alii,
885 2405 1124 2479 quidem]
1154 2422 1323 2478 genus
1358 2408 1660 2464 habebatur
1684 2409 1916 2482 imperii,
1946 2425 2065 2465 me-

473 2498 579 2552 rito
602 2513 763 2569 supra
784 2512 972 2553 omnes
1001 2498 1145 2554 cives
1174 2508 1406 2570 poterat,
1436 2501 1528 2569 qui
1556 2502 1623 2556 ab
1646 2502 1803 2557 hoste
1832 2502 2062 2572 patriam

472 2588 780 2645 vindicabat
811 2606 825 2643 ε
858 2590 1115 2646 utilitates
1156 2592 1396 2662 publicas
1433 2593 1532 2648 sub
1578 2594 1833 2663 mquitate
1880 2595 2063 2665 dispo-

470 2694 625 2745 nens,
653 2679 741 2749 jus
761 2681 977 2738 dicebat
998 2684 1159 2739 etiam
1182 2684 1378 2755 capiti;
1409 2685 1504 2739 sed
1532 2692 1646 2739 tuto
1670 2686 1744 2739 illi
1775 2687 2060 2743 commissa

471 2780 551 2826 est
578 2780 821 2841 potestas
848 2774 1015 2841 necis,
1048 2775 1140 2843 qui
1162 2773 1337 2829 fuerat
1361 2786 1549 2831 auctor
1577 2777 1781 2831 salutis.
1813 2776 1951 2833 Hinc
1979 2786 2062 2833 est

468 2863 615 2934 quod
643 2866 804 2921 etiam
832 2865 1005 2923 fasces
1034 2875 1196 2937 atque
1222 2884 1439 2924 secures
1460 2876 1622 2925 tanta:
1650 2872 1904 2941 potestati
1926 2888 2060 2942 pra:-

467 2964 635 3025 ceptae
664 2964 791 3012 sunt
829 2958 1042 3029 illigari,
1074 2967 1135 3013 ut
1164 2975 1286 3015 cum
1316 2961 1522 3016 tardius
1543 2961 1901 3029 solverentur,
1936 2977 2055 3017 mo-

370 3084 377 3093 .
466 3059 580 3102 ram
610 3047 1010 3107 deliberationis
1056 3049 1395 3120 acciperent,
1442 3052 1489 3107 si
1516 3051 1584 3107 de
1611 3052 1757 3108 caede
1785 3061 1878 3108 aut
1917 3068 2052 3109 nece

464 3138 695 3196 hominis
722 3139 920 3209 aliquid
948 3141 1286 3196 censuissent
1316 3160 1330 3194 :
1365 3142 1439 3197 ita
1470 3153 1528 3198 ut
1571 3159 1695 3200 cum
1726 3146 1907 3200 omnia
1936 3145 2051 3216 ejus

464 3230 803 3285 traderentur
835 3230 1078 3299 arbitrio,
1109 3246 1179 3286 ne
1224 3232 1577 3290 insolesceret
1622 3237 1822 3305 animo,
1864 3238 2051 3293 consul

463 3318 637 3377 dictus
661 3327 743 3377 est
770 3335 803 3374 a
830 3322 1182 3379 consulendo.
1213 3321 1352 3380 Hinc
1380 3332 1529 3381 tanta
1552 3326 1771 3398 largitas
1811 3327 2049 3400 proﬂue-

534 3486 558 3514 η
583 3476 661 3554 E_x
682 3478 765 3533 his
782 3478 959 3533 verbis
983 3487 1208 3549 apparet
1229 3480 1482 3554 habuisse
1502 3483 1750 3554 consules
1766 3492 2050 3554 praetextas

462 3553 516 3601 et
543 3549 807 3621 palmatas
854 3548 1205 3621 vestes,quae
1242 3548 1561 3621 Capitolina:
1598 3548 1943 3621 dicebantur;
1994 3565 2049 3611 et

462 3632 581 3694 cum
626 3619 975 3694 imperatores
993 3620 1235 3694 cuipiam
1254 3619 1614 3694 consulatum
1660 3619 2040 3694 decreverant,

460 3687 526 3739 ad
556 3687 815 3760 eumAtale
843 3690 1043 3760 aliquid
1072 3687 1212 3747 datis
1251 3693 1443 3749 litteris
1487 3694 1829 3751 ascribebant
1860 3716 1872 3750 :
1913 3716 1931 3748 ι
1968 3687 2045 3754 Te

459 3768 641 3837 manet
669 3758 1221 3837 Capitolia'palmata;
1260 3781 1278 3815 ι
1312 3764 1456 3837 quod
1485 3779 1554 3819 ex
1583 3764 1815 3835 Vopisco
1846 3768 2039 3837 probo.

459 3825 589 3902 )Zide
617 3825 858 3902 panum,
903 3825 1021 3902 ca'p.
1053 3830 1104 3896 4,
1138 3825 1227 3886 lib.
1262 3825 1345 3902 Ix;
1396 3825 1701 3890 Comment.
1754 3825 1941 3893 Bndss.
1973 3870 2046 3881 ~—

456 3894 593 3975 Yide
614 3894 912 3975 Festuinpt
940 3894 1203 3975 Servium,
1235 3894 1385 3958 Grtil.
1412 3914 1467 3960 et
1494 3905 1613 3975 Cuj.
1647 3907 1781 3963 Vide
1809 3908 2043 3964 Mamer-

455 3968 624 4043 tinum
651 3970 1164 4043 initio_Panegyrici,
1193 3968 1315 4043 pag.
1350 3975 1470 4030 174.
1493 3968 1685 4032 Juns'r.

526 4038 551 4076 ιι
584 4038 646 4094 L.
677 4057 780 4122 una
798 4039 877 4093 De
905 4038 1036 4122 ofﬁc}
1070 4038 1291 4122 consth
1321 4046 1356 4099 l.
1386 4045 1435 4112 5,
1464 4056 1518 4102 et
1546 4048 1582 4100 l.
1608 4048 1693 4122 20,
1726 4049 1791 4122 Si
1810 4060 2037 4122 rogatus,

454 4108 516 4162 de
554 4112 855 4165 manumiss.
881 4108 1071 4166 vindic.
1104 4113 1241 4169 Sunt
1269 4108 1449 4171 autem
1479 4127 1605 4173 octo
1636 4108 1724 4174 hic
1744 4108 1918 4176 obiter
1941 4108 2038 4177 ob;

452 4180 730 4246 servanda,
789 4183 819 4234 a
868 4179 1190 4239 Cassiodoro
1238 4189 1570 4262 accuratius,
1618 4204 1780 4258 quam
1811 4208 2037 4262 usquam

452 4265 482 4326 a
519 4265 790 4321 quoquam
837 4262 1023 4326 notata
1070 4256 1379 4312 consulatus
1408 4256 1721 4326 argumenta
1757 4279 1767 4314 :
1804 4261 1853 4315 1.
1886 4256 2037 4319 fastis

452 4318 580 4399 dare
602 4318 832 4399 nomen;
863 4322 917 4375 2.
936 4323 1124 4399 fasces
1153 4334 1208 4380 et
1235 4342 1450 4399 secures
1470 4318 1720 4399 habere;
1755 4333 1805 4385 '5.
1839 4349 2033 4388 manu-

2174 1308 2287 1375 bat,
2319 1315 2378 1363 ut
2420 1307 2508 1363 illa
2555 1306 2744 1362 dextra
2792 1322 2911 1377 qua:
2946 1306 3266 1375 sanguinem
3294 1305 3515 1377 copiose
3564 1306 3772 1363 fuderat

2175 1400 2447 1465 hostium,
2482 1399 2603 1454 vita:
2645 1399 2904 1454 auxilium
2947 1398 3152 1453 civibus
3198 1407 3445 1453 manaret
3489 1399 3769 1467 irriguum.

2174 1491 2264 1547 Sic
2293 1507 2429 1563 quos
2458 1491 2643 1547 felices
2669 1506 2767 1561 per
2803 1490 2944 1545 bella
2996 1487 3232 1555 fecerat,
3279 1489 3457 1544 studio
3509 1490 3773 1558 largitatis

2171 1584 2440 1654 explebat.
2494 1582 2551 1637 In
2580 1590 2924 1652 augmentum
2966 1582 3102 1655 [alii,
3156 1581 3557 1653 argumentum]
3607 1583 3770 1636 etiam

2170 1677 2398 1749 publicae
2444 1675 2629 1745 gloria:
2678 1675 2924 1730 solvebat
2970 1672 3201 1728 famulos
3234 1672 3364 1742 jugo
3393 1673 3577 1728 servili
3608 1671 3658 1738 δ,
3683 1673 3771 1742 qui

2170 1769 2476 1824 libertatem
2502 1775 2663 1821 tantae
2691 1766 2913 1821 dederat
2958 1764 3182 1820 civitati.
3214 1763 3322 1819 Sed
3372 1780 3516 1819 nunc
3562 1766 3769 1819 sumitis

2170 1863 2272 1917 ista
2301 1860 2524 1927 felicius,
2554 1860 2769 1929 quando
2799 1873 2897 1915 nos
2925 1858 3186 1913 habemus
3213 1859 3431 1912 labores
3458 1858 3765 1923 consulum,

2171 1959 2227 2006 et
2254 1965 2351 2006 vos
2380 1949 2574 2018 gaudia
2603 1947 2945 2016 dignitatum.
2979 1945 3236 2000 Palmatze
3274 1945 3543 2014 siquidem
3572 1956 3766 2002 vestra:

2170 2049 2370 2096 nostra:
2417 2040 2717 2110 probantur
2766 2053 2887 2095 esse
2936 2038 3210 2103 victoriae;
3271 2045 3327 2093 et
3386 2038 3765 2109 prOSperrimae

2169 2132 2493 2189 conditionis
2515 2140 2711 2187 eventu
2731 2142 2776 2195 ο,
2796 2146 2893 2187 vos
2917 2130 2972 2185 in
2998 2145 3131 2201 pace
3161 2129 3549 2198 ingenuitatem
3579 2130 3766 2185 ceditis

2168 2221 2400 2289 famulis,
2449 2236 2570 2277 cum
2598 2236 2699 2277 nos
2726 2222 3074 2277 securitatem
3120 2220 3311 2276 demus
3347 2236 3445 2291 per
3482 2220 3630 2276 bella
3662 2221 3765 2277 Ro-

2138 2314 2361 2369 ‘manis.
2408 2315 2586 2383 Atque
2613 2314 2734 2369 ideo
2765 2329 2861 2383 per
2907 2314 3053 2368 illam
3094 2314 3444 2369 indictionem
3502 2316 3764 2369 consula-

2168 2416 2253 2463 tus
2283 2415 2334 2462 te
2363 2405 2681 2463 decoramus
2709 2406 3005 2477 insignibus
3031 2404 3082 2460 ἀ.
3113 2404 3278 2474 Pinge
3299 2414 3480 2461 vastos
3507 2406 3761 2462 humeros

2166 2501 2318 2557 vario
2348 2501 2530 2556 colore
2556 2500 2822 2577 palmatae,
2856 2498 3085 2554 validam
3111 2514 3329 2553 manum
3357 2500 3633 2555 victoriali
3661 2501 3760 2555 sci-

2164 2591 2329 2663 pione
2358 2591 2581 2647 nobilita
2605 2632 2619 2658 ,
2666 2592 2809 2646 lares
2850 2590 3099 2661 proprios
3138 2590 3301 2646 etiam
3333 2591 3534 2645 calceis
3562 2592 3758 2648 auratis

2165 2682 2445 2752 egredere,
2473 2682 2662 2737 sellam
2692 2681 2937 2737 curulem
2966 2695 3067 2751 pro
3095 2696 3192 2736 sua
3220 2681 3600 2751 magnitudine
3626 2683 3757 2737 mul-

2164 2776 2234 2830 tis
2259 2776 2515 2846 gradibus
2537 2776 2717 2832 enisus
2743 2774 3005 2843 ascende;
3034 2782 3095 2830 ut
3124 2776 3178 2830 in
3206 2776 3319 2831 otio
3339 2776 3621 2845 subjectus
3648 2793 3757 2833 me-

2162 2870 2360 2937 rearis,
2391 2869 2537 2937 quod
2583 2884 2683 2924 nos
2723 2884 2819 2939 per
2866 2868 3133 2924 maximos
3178 2868 3392 2924 labores
3438 2870 3756 2926 assumimus

2163 2960 2511 3030 imperantes.
2543 2958 2678 3016 Rem
2709 2959 3053 3016 victoriarum
3082 2961 3262 3031 agitis,
3291 2962 3384 3031 qui
3412 2962 3557 3017 bella
3588 2964 3754 3018 nesci-

2160 3053 2228 3107 tis
2260 3071 2273 3106 :
2306 3068 2424 3118 nos,
2450 3053 2673 3122 juvante
2702 3052 2835 3120 Deo,
2877 3056 3132 3123 regimus,
3176 3071 3275 3111 nos
3303 3056 3662 3123 consulimus,
3704 3064 3754 3113 et

2158 3152 2393 3199 vestrum
2424 3160 2624 3199 nomen
2646 3159 2848 3199 annum
2873 3144 3121 3213 designat
3152 3157 3198 3200 ο.
3235 3146 3455 3203 Vicistis
3496 3150 3753 3207 felicitate

2159 3238 2448 3309 principes,
2481 3239 2572 3309 qui
2593 3246 2648 3294 et
2667 3240 2904 3295 honores
2932 3255 3171 3296 suunnos
3197 3241 3398 3310 geritis,
3424 3252 3479 3298 et
3508 3245 3751 3301 domina-

2160 3331 2323 3388 tionis
2344 3332 2501 3388 taedia
2530 3348 2639 3388 non
2666 3333 2896 3390 habetis.
2931 3332 3273 3406 Quapropter
3301 3337 3443 3407 erige
3469 3338 3749 3395 confiden-

2157 3489 2441 3545 consiliutn
2484 3490 2726 3559 prehere
2767 3490 3146 3547 manumittere
3171 3492 3488 3549 volentibus.
3525 3494 3606 3549 De
3634 3495 3744 3550 cir-

2157 3560 2399 3635 censium
2448 3561 2705 3635 editione,
2759 3562 2934 3631 deque
2984 3564 3515 3631 manumissionibus,
3568 3582 3746 3635 quoea

2155 3631 2464 3706 consulibus
2505 3632 2689 3706 statim
2721 3640 2883 3700 atque
2911 3634 3282 3706 magistratum
3314 3636 3545 3690 inierant
3585 3631 3744 3706 expc-

2152 3700 2479 3775 diebanturL
2517 3702 2832 3775 Ammianus
2886 3703 3133 3775 quaedam
3187 3708 3461 3761 memoriae
3512 3700 3745 3775 prodidit

2151 3770 2405 3859 libkxxn.
2439 3771 2646 3859 Eudem.
2677 3770 3139 3859 plertiiiet'Sidonii
3168 3770 3743 3859 Apollinarisharnien

2148 3841 2200 3914 i_n
2229 3841 2555 3914 Panegyrico
2583 3843 2649 3914 ad
2678 3841 3052 3906 ’Anthemium,
3098 3846 3151 3900 in
3195 3841 3332 3913 fine,
3367 3855 3422 3902 et
3466 3847 3743 3906 Claudiaiti

2149 3911 2203 3966 in
2234 3912 2266 3983 4
2292 3911 2572 3968 consulatu
2604 3912 2848 3970 Honorii.
2880 3914 3065 3971 Baoss.
3304 3982 3307 3983 ν

2222 3982 2247 4020 ἀ
2278 3984 2507 4057 insignia
2533 3985 2911 4057 magistratus,
2941 3991 3247 4057 παράσημα,
3278 3982 3456 4057 qualia
3477 3988 3739 4044 Iustinia-

2222 4008 2247 4020 "
2278 4008 2507 4052 ιιιδιδιιιίι
2538 4008 2911 4053 ιιιειδιδιηιιυδ,
2941 4010 3014 4042 πα
3051 4011 3247 4053 «unum,
3278 4008 3456 4057 qualia
3477 4008 3739 4044 ausuma-

2150 4069 2281 4139 ηυξι
2302 4054 2500 4139 novel].
2526 4054 2614 4120 2f,
2639 4054 2977 4139 dell’rzntore
3005 4008 3238 4139 liis-idin
3261 4061 3539 4139 describit,
3570 4061 3739 4139 δίφρον

2147 4145 2201 4178 τε
2233 4126 2548 4207 ἐξέιργτξμχυ,
2571 4130 2649 4179 καὶ
2672 4129 2903 4207 πέλεῖευν,
2930 4135 3015 4207 κ-ειὶ
3045 4132 3280 4207 ῥάϐδους,
3310 4142 3414 4207 etc.
3442 4130 3613 4186 FOBN.

2222 4204 2245 4232 ε
2277 4194 2592 4251 Nominibus
2620 4197 2901 4252 consulum
2950 4194 3179 4255 Roman.
3223 4194 3345 4255 anni
3377 4204 3736 4257 numeraban-

2145 4272 2249 4340 tur,
2295 4264 2451 4329 infra,
2505 4264 2600 4340 lib.
2632 4282 2705 4320 ix.
2756 4283 2843 4338 ep.
2895 4268 2982 4324 29.
3014 4270 3297 4325 Justinian.
3324 4314 3340 4340 ,
3372 4273 3569 4327 novell.
3606 4271 3731 4338 103,

2144 4333 2299 4413 {vaga
2340 4338 2617 4413 τῷ-χρρννί)
2644 4333 2936 4413 pugna}.
2969 4341 3194 4406 Seneca,
3229 4333 3433 4409 libfiii,
3477 4360 3598 4413 cap.
3644 4333 3730 4409 3|,

451 4390 692 4481 mittere;
813 4394 978 4481 vestis
1016 4396 1363 4481 pallinata';‘_5.
1408 4390 1717 4481 victorialis'
1746 4403 2035 4481 scipioifi.
2069 4417 2120 4475 1)
2147 4390 2319 4481 de‘lra
2351 4390 2555 4481 E'De'ilit
2576 4390 3198 4481 duodeeiinvfaseesrs'ed
3223 4390 3328 4467 non
3356 4390 3731 4469 i'ééifbiiiaiii

453 4462 630 4544 aurati
670 4462 865 4529 calcei;
898 4464 950 4516 7.
992 4462 1131 4544 sella
1156 4462 1381 4536 curulis;
1425 4468 1478 4544 8.
1501 4471 1759 4544 _denique
1790 4462 2037 4544 niiSsilia,

450 4544 577 4612 quin
617 4532 921 4612 hoc_versu
961 4535 1332 4612 significantur
1361 4532 1375 4592 Ξ
1406 4541 1481 4612 ad
1500 4542 1595 4596 bas
1643 4532 1919 4612 largitates
1946 4532 2039 4600 ve:-

448 4602 627 4682 niatis,
652 4602 751 4682 qui
775 4619 868 4658 vos
888 4602 1045 4682 pares
1075 4608 1240 4663 tantis
1270 4611 1516 4682 expensis
1543 4628 1661 4668 esse
1691 4602 2033 4682 cognoscitis.

446 4671 525 4726 De
573 4671 952 4757 quibusnsupq
983 4675 1095 4757 lib.
1129 4694 1185 4744 ιι,
1239 4671 1394 4757 epist.
1426 4680 1493 4746 2,
1527 4671 1786 4757 egimus.“
1802 4684 2035 4757 Insignia

446 4743 957 4817 consularitatigac
1010 4743 1293 4817 potestatis
1340 4743 1589 4806 dicuntur
1638 4753 1791 4809 initio
1836 4743 1940 4812 lib:
1981 4774 2033 4814 v1

444 4811 575 4866 Cod.
603 4811 805 4868 Theod.
839 4814 1005 4871 Fonn.

513 4882 603 4959 _Sic
632 4884 899 4959 Ammian.
931 4888 1166 4945 Marcell.
1185 4932 1199 4957 ,
1233 4891 1325 4947 lib.
1370 4908 1510 4959 χχιι,
1541 4892 1859 4951 Mamertino
1888 4912 2021 4953 con-

441 4953 555 5007 sule
585 4954 705 5032 cal._
729 4952 995 5032 Januariis
1040 4952 1196 5032 ludos
1223 4963 1441 5032 edente,
1470 4952 1909 5024 manumittendis
1954 4952 2024 5025 ex

440 5039 592 5106 more
618 5025 977 5106 iiLductis_per
987 5031 1379 5106 admissionum
1422 5025 1746 5106 proximum.
1775 5039 2024 5095 Claudia-

440 5109 540 5149 nus
570 5095 622 5150 in
650 5094 933 5171 Eutropio,
964 5101 1055 5155 lib.
1085 5117 1103 5157 ι
1135 5120 1148 5156 :

806 5218 1213 5292 Libertatemun
1233 5225 1454 5292 daturus,

564 5278 718 5338 Quam
743 5282 953 5331 nondum
976 5278 1176 5347 meruit,
1202 5278 1388 5338 scandit
1411 5278 1621 5341 sublime
1649 5294 1882 5345 tribunal.

479 5381 601 5475 S‘Sic
874 5405 929 5444 ui
977 5389 1280 5475 fferacliani
1308 5394 1439 5451 Cod.
1473 5396 1741 5457 Theodos.
1784 5402 2016 5475 dein/ir.

436 5453 517 5509 Itis
538 5472 653 5529 qua;
676 5456 769 5529 sub
801 5467 971 5529 tyran.
1000 5459 1119 5518 Jun.

466 5596 477 5606 .
510 5536 532 5564 ο
552 5525 924 5610 Βοιεῠαηςίιιί
953 5534 1044 5602 qui
1080 5537 1417 5610 consulatum
1447 5540 1694 5609 inierant,
1727 5547 2021 5603 manumis-

434 5599 616 5686 εἰς)ηῇ
655 5599 929 5686 erpedire,
954 5599 1119 5686 servis
1149 5608 1425 5686 imponere
1474 5599 1785 5686 vindictam,
1816 5599 2017 5686 eosque

435 5667 850 5755 adlibertatem
898 5667 1491 5755 perducere.;ldeoque
1540 5683 1739 5739 factum
1773 5667 2016 5755 'putojnt

438 5735 693 5820 Ulpianus
708 5742 801 5798 lib.
825 5758 860 5800 η
883 5735 949 5820 de
964 5743 1263 5820 oﬂicioﬁ97
1288 5735 2016 5820 consulisadenia—mimissio:

435 5811 594 5871 nibus
637 5815 975 5888 tractaverit,
1018 5811 1359 5900 otiiciin'ique
1387 5811 1621 5891 consulis
1650 5850 1769 5889 esse
1796 5811 2009 5912 dixerit,

2144 4477 2282 4531 rium
2324 4479 2603 4532 consulem
2637 4496 2650 4531 :
2684 4494 2713 4532 a
2744 4477 2833 4533 me
2869 4483 3137 4535 numerari
3167 4483 3339 4536 voluit
3385 4499 3607 4547 annum,
3640 4484 3730 4540 sed

2142 4547 2297 4622 deest
2326 4549 2454 4622 mihi
2482 4550 2859 4622 sacerdotium.
2894 4549 3124 4607 Pacatus
3152 4555 3525 4622 panegyristes
3557 4555 3730 4610 Tlieo~

2143 4616 2299 4673 dosio
2330 4618 2540 4673 Seniori
2573 4619 2818 4693 :_Consul
2876 4622 2996 4691 quis
3045 4616 3612 4693 credturfhabiturus
3650 4634 3729 4681 est

2138 4703 2336 4744 nomen
2368 4706 2560 4745 annus.
2588 4691 2866 4763 Apuleius,
2893 4693 3141 4763 apologia
3165 4693 3217 4762 2,
3247 4691 3311 4749 ad
3337 4695 3527 4751 Claud.
3562 4696 3726 4751 Maxi-

2139 4774 2285 4813 mum
2314 4762 2694 4836 proconsulem
2717 4780 2730 4815 :
2761 4762 2943 4832 Signa,
2975 4779 3093 4835 qua:
3124 4766 3379 4836 impressa
3408 4775 3541 4821 sunt
3571 4784 3719 4822 reco-

2130 4841 2376 4957 lgnoatzat,
2406 4832 2655 4889 consules
2681 4833 2844 4903 legat,
2877 4832 3049 4891 annos
3104 4832 3401 4910 computet.
3451 4837 3510 4896 In
3559 4837 3723 4894 veteri

2151 4915 2239 4957 ani
2278 4918 2309 4957 e
2340 4921 2354 4955 :
2436 4938 2447 4947 ο

2151 4915 2309 4971 apiue
2340 4921 2354 4955 :
2436 4938 2447 4947 ο

2265 5036 2367 5108 irei-
2390 5040 2498 5108 vice
2519 5043 2604 5103 qui
2629 5053 2765 5108 sacra
2787 5042 3016 5093 discinxit
3032 5046 3195 5108 jurgia
3217 5049 3387 5107 judex.

2253 5098 2430 5151 Consul
2456 5108 2505 5153 et
2527 5098 2714 5154 aeterno
2736 5105 2982 5158 decoravit
3005 5098 3203 5158 nomine
3217 5098 3388 5160 "fastos.

2204 5200 2342 5280 Hinc
2362 5205 2526 5280 edita;
2547 5206 2783 5280 rationes
2812 5222 2933 5280 cum
2962 5209 3050 5280 die
3078 5218 3134 5266 et
3173 5212 3423 5279 consule,
3457 5214 3494 5267 l.
3523 5229 3562 5280 ι,
3596 5213 3630 5268 l.
3662 5211 3712 5280 6,

2134 5273 2196 5329 Si
2220 5277 2331 5344 quis
2360 5291 2468 5347 ex.,
2503 5275 2531 5347 §
2556 5276 2615 5330 Si
2637 5277 2862 5343 initium,
2888 5279 2950 5332 Ι).
2974 5278 3052 5333 De
3072 5282 3291 5337 edendo.
3323 5273 3717 5340 Libellis'accu;

2133 5353 2373 5421 satorum
2417 5346 2529 5402 dies
2555 5355 2633 5421 _et
2678 5349 2924 5421 consules
2971 5353 3430 5420 exprimebantur,
3463 5356 3497 5409 l.
3535 5357 3588 5421 5,
3638 5354 3715 5409 De

2131 5433 2304 5472 accus.
2338 5415 2506 5486 Leges
2553 5417 2695 5472 inter
2740 5417 2873 5474 Cod.
2922 5415 3334 5480 constitutiones
3375 5415 3490 5481 sine
3535 5415 3621 5481 die
3662 5434 3713 5480 et

2130 5489 2368 5565 consule
2404 5489 2773 5565 pronﬁi‘ulgatae.
2827 5488 2896 5545 Ut
2935 5492 3071 5565 _mihi
3106 5510 3212 5548 non
3243 5497 3312 5549 sit
3341 5497 3562 5552 dubium
3587 5498 3709 5565 quin

2130 5556 2460 5637 haetantiu's,
2510 5560 2600 5637 lib.
2622 5556 2730 5637 'vi,
2763 5561 3011 5637 consules
3044 5563 3141 5637 his
3172 5567 3349 5620 verbis
3404 5556 3661 5637 intelligat
3691 5584 3704 5620 :

2126 5628 2227 5694 Qui
2270 5630 2337 5684 ad
2375 5628 2654 5700 gerendos,
2688 5633 2879 5708 inquit,
2914 5633 3260 5708 magistratus
3289 5639 3411 5692 vita:
3439 5654 3549 5694 suae
3577 5628 3705 5708 ope-

2125 5716 2240 5753 ram
2281 5710 2620 5783 convertunt,
2656 5712 2714 5759 ut
2738 5704 2907 5761 fastos
2934 5704 3148 5777 signent
3173 5715 3227 5765 et
3249 5711 3405 5767 annis
3434 5704 3706 5783 imponant

2122 5785 2341 5828 nomen.
2373 5771 2540 5831 Fons.
