3958 6460
85 264 212 322 ’081

1402 263 1760 322 VARIARUM
1801 263 1999 320 LIBER
2039 264 2121 318 \"l.

3327 261 3435 318 682

99 381 247 436 tiam
302 385 532 441 mentis
554 393 666 440 tua:
690 399 704 437 :
731 380 979 438 consules
1007 395 1126 436 esse
1166 380 1534 447 magnanimos
1561 379 1737 435 decet.
1772 389 1820 447 Α
1853 385 2034 440 tatem,
2061 392 2131 430 ne
2170 385 2262 429 aut
2305 391 2400 429 nos
2445 390 2632 444 parum
2671 373 2880 430 de'di'sse
2908 372 3208 442 videamur,
3256 381 3349 427 aut
3378 383 3434 427 tu

95 469 259 542 Opes
290 473 560 543 privatas
587 489 694 529 non
724 472 948 540 cogites,
979 469 1071 540 qui
1090 468 1327 539 gratiam
1354 469 1622 539 publicam
1645 467 1742 523 do-

99 562 305 617 nando
341 562 571 619 habere
615 563 924 619 decrevisti.
956 561 1091 616 llinc
1132 568 1213 616 est
1240 560 1403 624 enim,
1434 559 1577 628 quod
1606 559 1743 613 alios

99 652 338 721 iudices
386 655 569 710 etiam
601 671 710 710 non
737 661 988 722 rogantes
1016 651 1320 715 evehimus;
1354 649 1605 706 consules
1644 663 1744 702 au-

101 753 224 798 tem
257 755 578 813 sperantes
597 743 981 799 tantummodo
1011 756 1426 813 promovemus;
1461 748 1522 794 ut
1549 738 1649 794 soli
1679 737 1744 792 ad

117 842 211 890 ias
248 836 565 904 iargitates
592 837 842 906 veniatis,
869 836 962 907 qui
991 851 1088 891 vos
1115 849 1274 906 pares
1303 833 1466 888 tantis
1493 830 1744 902 expensis

113 939 238 983 esse
293 929 668 996 cognoscitis.
714 929 927 997 Alioqui
955 942 1120 984 onera
1151 935 1332 982 essent
1375 925 1586 995 potius,
1629 937 1743 977 non

106 1018 396 1086 honores,
434 1023 487 1076 si
529 1035 694 1092 supra
723 1020 864 1075 vires
889 1019 1088 1088 aliquid
1116 1017 1515 1088 imponeremus
1540 1012 1739 1068 invitis.

107 1107 336 1165 Fruere
381 1110 561 1179 igitur
597 1111 853 1165 decenter
879 1108 1094 1179 optatis.
1146 1107 1242 1162 llic
1285 1116 1368 1161 est
1394 1105 1627 1159 ambitus
1652 1101 1744 1172 qui

105 1201 431 1267 probatur.
466 1197 596 1254 Esto
617 1199 818 1254 mundo
845 1199 1042 1261 clarus,
1077 1197 1170 1252 tibi
1201 1196 1614 1266 prosperrimus,
1639 1193 1744 1248 tuis

108 1299 310 1344 autem
342 1290 598 1360 posteris
624 1286 852 1346 feliciter
876 1289 1186 1345 imitandus.

542 1421 613 1479 ll.
643 1438 888 1479 FORIULA
923 1432 949 1460 ἰ
973 1436 1346 1477 .rarrmcuws.

173 1515 253 1570 #Si
289 1514 652 1586 antiquitatis
698 1515 939 1571 ordinem
960 1523 1369 1586 perscrutemur
1413 1510 1620 1582 origine
1663 1511 1742 1566 di-

103 1605 448 1674 gnitatum,
500 1603 995 1690 patriciorumjb‘r.
1039 1617 1089 1659 et
1119 1603 1260 1676 Cuj.,
1299 1602 1635 1674 potitiorum]
1664 1603 1743 1657 fa-

115 1698 275 1753 milia
303 1697 443 1754 Jovi
468 1698 714 1755 noscitur
740 1697 905 1754 fuisse
931 1697 1125 1764 dicata,
1157 1705 1219 1752 ut
1239 1695 1434 1751 summi
1460 1695 1555 1766 Dei
1583 1696 1743 1766 (sicut

1849 469 2202 538 negligentins
2233 475 2450 529 tractes,
2469 466 2512 518 si
2544 475 2596 519 te
2617 465 2813 534 aliquid
2833 465 3102 520 mediocre
3129 464 3435 536 suscepisse

1849 561 2140 630 putaveris.
2177 558 2518 629 Quapropter
2555 559 2622 612 ab
2653 559 2740 612 illa
2777 558 3069 615 indictione
3095 567 3282 614 nostro
3311 574 3430 614 mu-

1848 668 1979 706 nere
2019 651 2356 717 sublevatus,
2394 650 2710 720 patriciatus
2739 649 2955 704 culmen
2992 651 3220 706 ascende
3240 691 3254 716 ,
3284 650 3432 720 quod

1849 745 2068 814 quidam
2092 743 2442 810 jnridicorum
2474 750 2501 780 θ
2532 756 2562 794 a
2587 739 2829 810 patribus
2856 739 3056 794 dictum
3084 755 3202 796 esse
3244 741 3430 796 volue-

1846 840 1992 898 runt,
2019 831 2252 886 facturus
2271 831 2450 886 omnia
2470 844 2589 900 qua:
2613 837 2816 882 tantam
2837 829 3194 884 reverentiam
3214 829 3424 884 decent.

1846 924 1976 978 Nam
2022 924 2268 992 quamvis
2314 936 2508 990 magna
2555 920 2844 977 contulerit
2890 928 3074 976 nostra
3119 921 3426 990 clementia,

1847 1015 2010 1080 habes
2028 1015 2201 1070 adhuc
2225 1015 2366 1084 quod
2379 1023 2680 1084 exspectes,
2697 1013 2742 1068 si
2767 1021 2816 1068 te
2831 1012 3178 1083 probabiliter
3200 1019 3428 1067 tractare

1845 1106 2162 1161 contendas.

2130 1239 2192 1294 Ill
2239 1255 2485 1296 FORMULA
2517 1255 2788 1295 ramrscn
2816 1254 3110 1296 rnm'ronto.

1917 1332 1974 1388 Si
2004 1333 2226 1388 honoris
2250 1333 2479 1402 alicujus
2507 1341 2590 1388 est
2635 1333 2785 1400 origo
2814 1332 3128 1398 laudabilis,
3159 1330 3204 1386 si
3226 1329 3425 1386 bonum

1845 1424 2052 1478 initium
2095 1423 2443 1492 sequentibus
2469 1422 2629 1478 rebus
2677 1430 2772 1492 pot
2790 1430 2854 1476 -st
2899 1422 3029 1477 dare
3060 1420 3424 1492 przcconium,

1848 1515 1939 1569 tali
1967 1522 2189 1571 auctore
2225 1512 2544 1584 praefectura
2578 1514 2900 1584 prietoriana
2943 1513 3223 1582 gloriatur,
3252 1512 3343 1581 qui
3373 1519 3428 1565 et

1845 1604 2046 1661 mundo
2083 1603 2547 1676 prudentissimus,
2587 1614 2644 1659 et
2670 1603 2942 1658 Divinitati
2971 1604 3204 1658 maxime
3231 1603 3426 1672 proba-

1849 1703 1936 1750 tur
1961 1704 2231 1765 acceptus.
2263 1694 2398 1750 Nam
2424 1710 2544 1751 cum
2575 1693 2785 1750 Pharao
2815 1710 2909 1749 rex
2929 1691 3218 1765 Egyptius
3238 1691 3304 1748 de
3327 1707 3428 1762 pe-

114 1791 434 1862 pntavere)
469 1791 677 1851 cultura
701 1788 883 1843 locum
915 1787 1232 1857 primarium
1271 1765 1599 1856 possideret.
1635 1785 1742 1840 Sed
1776 1765 1816 1824 Β
1846 1787 2016 1842 riculo
2045 1787 2235 1842 futura:
2262 1786 2418 1842 famis
2460 1787 2711 1842 inauditis
2739 1787 2963 1844 somniis
2993 1794 3294 1856 urgeretur,
3328 1801 3428 1840 nec

103 1881 252 1950 quia
283 1897 400 1937 vos
431 1882 635 1951 aliquid
656 1881 865 1936 habere
892 1879 1120 1934 decebat
1147 1878 1431 1944 eximium,
1463 1885 1518 1932 et
1547 1892 1743 1932 nomen

117 1971 310 2042 ipsum
333 1973 596 2044 patribus
632 1986 825 2041 magna
855 1985 915 2026 se
937 1969 1215 2024 vicinitate
1247 1968 1525 2038 jungehat,
1557 1983 1746 2039 snper-

116 2061 370 2119 stitione
418 2063 708 2128 derelicta,
759 2060 826 2114 ad
876 2068 1113 2115 vestrum
1141 2067 1341 2114 emtum
1388 2056 1529 2113 felici
1558 2058 1746 2113 condi—

120 2151 286 2207 tione
318 2152 604 2221 migravit,
636 2151 759 2222 quia
781 2149 1113 2221 pontiﬁcalis
1156 2150 1271 2204 laus
1298 2148 1641 2204 conscientia:
1661 2164 1745 2203 se-

118 2243 288 2298 natui
311 2250 480 2298 recte
501 2249 718 2312 poterat
742 2241 1060 2296 convenire.
1085 2239 1174 2295 Sic
1194 2254 1261 2295 ex
1283 2238 1524 2306 augurali
1543 2237 1744 2293 familia

125 2347 292 2402 reges
323 2346 552 2403 quoque
587 2331 719 2400 legis
765 2331 1062 2398 insti‘.utos.,
1103 2344 1211 2386 non
1253 2327 1464 2398 injuria,
1496 2328 1622 2398 quia
1651 2330 1745 2384 de-

123 2421 246 2478 cuit
276 2437 312 2476 a
349 2421 450 2477 tali
477 2422 757 2493 proposito
789 2421 990 2486 venire,
1019 2421 1109 2490 qui
1147 2421 1361 2490 publica
1387 2421 1743 2491 poteratjura

129 2520 410 2568 tractare.
461 2510 602 2568 Hinc
646 2521 730 2568 est
755 2511 900 2582 quod
925 2521 980 2568 et
1029 2512 1204 2568 honor
1249 2512 1367 2582 ipse
1393 2513 1602 2568 cinctus
1630 2521 1742 2578 est,

122 2618 266 2658 eum
295 2611 550 2672 vacaret,
579 2605 712 2658 nihil
743 2604 1136 2673 jurisdictionis
1165 2604 1392 2673 habens,
1422 2613 1477 2660 et
1493 2604 1745 2674 judican-

135 2693 208 2749 tis
233 2693 524 2765 cingulum
555 2709 661 2749 non
684 2694 989 2764 deponens;
1015 2695 1068 2748 in
1095 2709 1203 2764 quo
1230 2692 1458 2748 felicitas
1487 2706 1744 2764 perpetua

134 2785 416 2854 nascitur,
439 2785 566 2842 dum
596 2786 924 2842 successoris
951 2785 1174 2840 ambitio
1201 2801 1310 2840 non
1340 2786 1579 2840 timetur.
1611 2785 1744 2840 Nam

136 2889 275 2934 mox
298 2885 366 2933 ut
393 2877 551 2934 datus
581 2877 762 2945 fuerit,
787 2878 839 2931 in
866 2877 990 2932 vita:
1013 2885 1224 2946 tempus
1244 2876 1511 2944 reliquum
1539 2875 1747 2930 homini

136 2966 201 3022 ﬁt
252 2983 485 3024 cozevus
526 2986 539 3022 :
589 2958 814 3024 ornatus
866 2967 1191 3033 individuus,
1245 2966 1516 3036 cingulum
1558 2965 1747 3038 ﬁdele,

137 3059 296 3128 quod
325 3059 503 3114 nescit
539 3069 664 3114 ante
683 3060 935 3114 deserere
962 3073 1125 3128 quam
1154 3059 1222 3113 de
1261 3058 1462 3115 mundo
1497 3060 1746 3116 homines

1843 1877 2103 1932 visionem
2123 1885 2328 1931 tantam
2347 1875 2640 1932 humanum
2663 1883 2844 1948 posset
2861 1876 3099 1932 revelare
3121 1876 3423 1938 consilium,

1843 1967 2041 2038 Joseph
2065 1970 2145 2024 vir
2168 1969 2360 2025 beatus
2382 1971 2630 2026 inventus
2645 1977 2744 2034 est,
2769 1971 2859 2040 qui
2882 1977 2937 2025 et
2958 1970 3135 2025 futura
3161 1970 3428 2026 veraciter

1844 2060 2178 2129 praediceret,
2209 2069 2264 2114 et
2291 2060 2616 2130 periclitanti
2639 2061 2838 2131 populo
2860 2060 3272 2131 prudentissime
3299 2060 3427 2114 sub-

1843 2153 2071 2207 veniret.
2109 2151 2226 2223 Ipse
2251 2153 2482 2224 primum
2511 2153 2668 2224 hujus
2695 2153 2968 2224 dignitatis
3012 2153 3203 2208 infulas
3231 2165 3425 2207 conse-

1843 2243 2042 2308 cravit;
2089 2239 2116 2278 ἀ
2145 2241 2262 2312 ipse
2298 2253 2615 2313 carpentum
2661 2244 2990 2300 reverendus
3036 2242 3282 2298 ascendit
3313 2259 3326 2295 :
3358 2240 3425 2295 ad

1844 2334 1948 2389 hoc
1973 2335 2159 2403 gloriae
2187 2336 2400 2392 culmen
2421 2345 2668 2406 evectus,
2709 2349 2768 2392 ut
2811 2353 2909 2407 per
2927 2336 3252 2406 sapientiam
3295 2349 3427 2396 con-

1845 2424 2010 2479 ferret
2046 2427 2255 2496 populis
2285 2427 2429 2497 quod
2470 2438 2729 2499 praestare
2754 2443 2864 2482 non
2903 2435 3156 2498 potuerat
3179 2424 3425 2496 potentia
3461 2485 3472 2493 ε

1844 2516 2185 2572 dominantis.
2218 2518 2300 2574 Ab
2328 2520 2419 2575 illo
2442 2536 2674 2589 namque
2703 2521 3005 2590 patriarcha
3027 2527 3082 2574 et
3104 2534 3245 2573 nunc
3269 2524 3426 2587 pater

1846 2609 2146 2680 appellatur
2188 2612 2398 2682 imperii
2429 2630 2444 2666 :
2479 2613 2654 2682 ipsum
2706 2612 2972 2681 hodieque
3015 2618 3233 2666 resonat
3262 2619 3286 2647 ο
3319 2623 3426 2663 vox

1846 2701 2127 2770 prazconis,
2160 2701 2431 2756 instruens
2455 2701 2708 2770 judicem,
2734 2717 2800 2756 ne
2826 2717 2884 2756 sc
2913 2701 3148 2770 patiatur
3175 2712 3296 2754 esse
3318 2697 3426 2751 dis-

1847 2793 2100 2848 similem.
2129 2793 2342 2860 Merito,
2375 2802 2435 2848 ut
2460 2796 2548 2850 cui
2594 2803 2743 2849 tanta
2792 2802 3031 2864 potestas
3077 2793 3252 2864 potuit
3289 2784 3422 2858 dari,

1847 2883 2120 2937 videretur
2147 2899 2361 2953 semper
2380 2884 2648 2939 subtiliter
2673 2885 2971 2939 admoneri.
3003 2881 3258 2949 Quaedam
3285 2881 3426 2937 enim

1849 2970 1974 3025 huic
2017 2970 2260 3041 dignitati
2315 2980 2371 3026 et
2419 2972 2698 3027 nobiscum
2747 2971 2870 3042 jura
2921 2969 3226 3026 communia
3281 2977 3424 3024 sunt.

1849 3061 2084 3118 Exhibet
2122 3064 2265 3119 enim
2297 3065 2412 3121 sine
2432 3065 2838 3134 praescriptione
2865 3063 3205 3134 longinquos,
3235 3075 3426 3130 magna

133 3152 441 3221 contingat
462 3151 628 3206 exire.
654 3150 827 3206 Credo
856 3150 924 3206 ad
951 3151 1356 3208 similitudinem
1383 3149 1746 3222 pontiﬁcatus,
1777 3141 1823 3204 C
1853 3154 2153 3225 quantitate
2181 3155 2682 3221 mulctaterrantes,
2710 3155 2891 3210 ﬁscum
2921 3170 3022 3226 pro
3051 3169 3147 3210 sua
3167 3153 3429 3210 delibera--

141 3240 298 3297 unde
325 3249 572 3307 venerat,
597 3255 710 3296 rem
738 3239 903 3296 fuisse
926 3238 1246 3307 formatam;
1272 3240 1365 3311 qui
1389 3240 1749 3296 sacerdotium

144 3350 259 3391 non
291 3335 600 3405 deponunt,
627 3335 731 3390 nisi
765 3351 887 3391 eum
930 3336 1057 3390 vita:
1097 3351 1319 3390 munera
1345 3336 1744 3405 derelinquunt.

150 3428 389 3483 Additur
417 3428 560 3498 quod
600 3428 746 3497 leges
771 3437 979 3482 tantam
1028 3429 1132 3484 illis
1160 3431 1516 3486 reverentiam
1543 3431 1748 3484 detule-

148 3531 296 3585 runt,
347 3522 492 3576 utin
537 3523 706 3577 sacris
751 3523 977 3592 positus,
1011 3538 1131 3578 cum
1176 3523 1281 3578 hoc
1331 3521 1491 3578 fuerit
1543 3523 1750 3578 honore

151 3616 506 3684 prmcinctus,
539 3623 776 3684 paterna:
805 3617 1088 3685 potestatis
1116 3617 1339 3669 nexibus
1362 3624 1612 3684 exuatur,
1647 3615 1749 3669 nisi

147 3713 344 3758 contra
377 3703 682 3773 specialiter
708 3719 738 3758 a
775 3704 1014 3775 principe
1039 3713 1311 3760 caveatur.
1343 3704 1497 3771 Quod
1538 3712 1751 3760 constat

151 3795 370 3849 ratio'ne
415 3793 680 3864 probabili
708 3795 1092 3862 constitutum,
1124 3803 1184 3849 ut
1227 3796 1315 3866 qui
1365 3795 1748 3866 amplissimum

153 3886 380 3950 genium
413 3885 662 3954 pretiosae
689 3884 951 3941 libertatis
970 3897 1271 3956 acceperat,
1297 3886 1601 3940 vilissimam
1625 3901 1750 3940 con-

155 3973 426 4032 ditionem
457 3991 581 4032 cum
609 3975 832 4032 subditis
859 3992 966 4032 non
995 3977 1238 4039 haberet.
1286 3975 1657 4032 Praefectorios
1692 3985 1748 4031 et

156 4065 389 4122 aliarum
417 4066 734 4136 dignitatum
763 4069 907 4123 viros
927 4068 1201 4138 praecedit,
1235 4068 1261 4106 δ
1293 4068 1384 4121 nni
1414 4076 1616 4122 tantum
1651 4083 1745 4122 ce-

155 4155 291 4213 dens
322 4157 543 4226 fulgori,
576 4173 738 4228 quem
770 4157 1034 4214 interdum
1077 4159 1238 4214 etiam
1284 4175 1315 4212 a
1356 4159 1508 4215 nobis
1536 4166 1748 4213 constat

158 4251 380 4305 assumi.
413 4249 648 4307 Proinde
674 4252 983 4308 necessario
1008 4251 1274 4306 laudatam
1310 4252 1543 4320 Intelligo
1571 4251 1744 4320 digni-

223 4434 254 4464 λ
290 4426 630 4498 Patriciatus,
662 4441 902 4482 summus
927 4427 1121 4498 honos,
1151 4435 1212 4482 ut
1251 4429 1418 4492 curia,
1467 4426 1546 4482 sic
1573 4429 1742 4498 patria

160 4505 432 4584 potest-ate
462 4497 671 4552 liberat.
703 4497 820 4584 llic,
853 4497 964 4584 etl§
994 4497 1172 4584 I‘i‘ilius‘
1189 4499 1438 4584 familias,
1475 4498 1735 4584 tit.'_(‘2uib.
1776 4525 1825 4584 ο

161 4570 295 4639 mod.
314 4569 414 4639 jus
435 4579 572 4638 patr.
596 4579 703 4638 pol.
727 4569 881 4639 saltu,
910 4567 955 4622 l.
981 4569 1073 4639 ult.
1095 4584 1108 4633 ;
1134 4567 1309 4639 C._De
1331 4567 1532 4639 decun,
1561 4568 1651 4622 lib.
1679 4585 1740 4634 x;

165 4635 213 4708 l_._
232 4635 352 4704 ultf,
381 4635 456 4692 De
479 4635 699 4702 consul.,
725 4638 817 4692 lib.
855 4655 943 4708 xli.
969 4638 1126 4701 Cod.,
1149 4635 1303 4708 infra,
1324 4638 1414 4708 lib.
1440 4653 1550 4699 vni,
1582 4639 1740 4708 epist.

163 4705 244 4770 2t,
275 4719 330 4763 et
365 4709 455 4761 lib.
488 4723 543 4772 χ,
587 4711 743 4778 epist
774 4708 840 4778 7.7
870 4707 1036 4778 FonN.
1067 4739 1138 4750 ——
1166 4707 1315 4778 Vide
1343 4705 1658 4771 Baroniuni,
1693 4710 1744 4761 in

165 4780 524 4896 potationibus
555 4776 636 4832 ad'
650 4778 790 4832 diem
817 4777 888 4832 29
916 4779 1158 4846 Augusti,
1191 4779 1244 4833 in
1275 4776 1549 4848 Martyrol.
1584 4778 1742 4834 Rom.

199 4861 352 4896 FRET.

199 4861 352 4902 ΓΚΕΤ.

169 4936 259 5074 ei?
275 4937 538 5062 ὲιιιῗηίεἰι
559 4940 915 4995 consulatum.
949 4939 1083 4994 Vide
1111 4938 1512 5011 Symmachum,
1545 4941 1637 4997 lib.
1672 4959 1743 5008 iv,

235 5047 248 5060 .
315 5050 326 5062 .
396 5026 554 5064 nam.

235 5026 554 5064 .6.JUBET.

237 5101 502 5178 thuidas,
530 5105 814 5178 «arpi-ator,
840 5104 864 5158 ὁ
892 5108 1064 5178 παῖἡρ
1093 5111 1182 5158 τοῦ
1205 5111 1370 5178 κᾳιγοῦ
1396 5102 1658 5178 :_.lustin.,
1684 5103 1739 5158 d.

173 5165 200 5237 §
231 5169 393 5226 Filius
423 5164 574 5243 rm,
605 5164 658 5226 d'.
693 5173 728 5226 l.
762 5176 856 5228 ult.
885 5172 944 5228 Ο.
979 5164 1055 5226 οὲ
1078 5175 1394 5230 consulibus.
1427 5164 1595 5227 Fontv‘.

233 5258 259 5298 ἀ
281 5260 528 5334 Prmfecti
560 5265 816 5332 prmtorio
863 5265 1131 5334 carpentis
1161 5265 1239 5318 usi
1284 5271 1431 5334 sunt,
1461 5279 1629 5332 eaque
1659 5279 1744 5318 as-

171 5332 392 5404 cendere
433 5342 704 5401 poterant,
737 5332 983 5387 utetiam
1017 5334 1248 5402 przefccti
1293 5333 1469 5396 Urbis,
1501 5335 1590 5404 qui
1623 5349 1741 5388 tuos

173 5401 530 5459 sacerdotibus
570 5405 738 5458 sacris
767 5401 1063 5471 antiquitus
1089 5418 1398 5467 concessus,
1429 5411 1487 5455 ut
1515 5401 1580 5457 ex
1604 5404 1738 5458 Sue-

174 5472 311 5526 tonio
338 5473 388 5525 in
415 5473 657 5539 Claudio,
689 5489 811 5543 Cap.
861 5473 916 5526 ll
949 5481 1180 5540 constat,
1213 5473 1369 5526 matri
1399 5483 1736 5542 carpentum,

169 5551 267 5623 quo
303 5558 400 5623 per
427 5544 628 5598 circum
659 5545 984 5608 duceretur;
1017 5543 1611 5623 e‘in‘Calignla,_cap.
1649 5543 1736 5610 l5,

173 5613 316 5684 matri
336 5613 605 5684 circenses
625 5613 1316 5684 carpentumque‘i’nstituit,
1339 5628 1445 5682 quo
1468 5613 1520 5666 in
1544 5628 1738 5682 pompa

173 5681 550 5753 traduceretur.
594 5681 847 5739 Matrona!
880 5681 1094 5753 quoque
1120 5684 1292 5753 vulgo
1323 5681 1593 5751 carpentis
1625 5681 1764 5740 nte--

172 5745 353 5809 bantur
379 5752 446 5808 ad
475 5767 648 5818 sacra,
676 5755 815 5810 sicut
845 5745 1076 5809 testatur
1104 5745 1256 5809 Ovid.
1292 5753 1381 5810 lib.
1407 5745 1434 5808 ι’
1455 5753 1598 5808 Fast.
1639 5771 1652 5806 :

439 5847 710 5910 Pnnon.
759 5847 984 5908 LXIX.

1851 3244 1997 3299 tione
2026 3244 2314 3310 distribuit,
2343 3247 2655 3302 evectiones
2682 3247 2841 3301 simili
2890 3253 3160 3316 potestate
3187 3245 3427 3314 largitur,

1851 3338 2100 3390 vacantia
2130 3338 2270 3391 bona
2301 3338 2608 3406 proscribit,
2647 3338 2838 3393 delicta
2869 3338 3265 3408 provinciarum
3286 3336 3429 3406 judi-

1850 3441 1973 3482 cum
1998 3428 2171 3496 punit,
2209 3425 2228 3464 ί
2279 3429 2441 3483 verbo
2463 3429 2785 3483 sententiam
2811 3425 2960 3484 dicit.
2991 3426 3128 3494 Quid
3158 3436 3261 3494 est,
3287 3426 3429 3496 quod

1851 3531 1959 3571 non
1981 3517 2178 3572 habeat
2208 3518 2576 3582 commissum,
2610 3517 2762 3588 cujus
2789 3527 2869 3573 est
2896 3518 2981 3573 vel
3010 3519 3124 3588 ipse
3146 3533 3322 3574 sermo
3348 3517 3430 3586 ju-

1849 3605 2086 3661 dicium?
2112 3605 2257 3662 Pene
2303 3616 2386 3662 est
2431 3617 2490 3662 ut
2531 3607 2677 3676 leges
2715 3608 2884 3678 possit
2931 3607 3185 3672 condere,
3218 3607 3431 3676 quando

1851 3697 1968 3765 ejus
1981 3697 2284 3752 reverentia
2308 3705 2486 3766 potest
2505 3698 2720 3765 negotia
2743 3697 2859 3752 sine
2881 3697 3239 3768 appellatione
3257 3695 3428 3751 ﬁnire.

1850 3786 2124 3855 Ingressus
2176 3784 2441 3840 Palatium
2484 3796 2666 3842 nostra
2714 3786 3101 3841 consuetudine
3127 3785 3432 3852 frequenter

1849 3879 2138 3945 adoratur;
2171 3886 2226 3931 et
2264 3878 2371 3933 tale
2408 3875 2644 3933 olﬁcium
2701 3892 2903 3933 morem
2951 3877 3162 3930 videtur
3199 3873 3429 3937 solvere,

1850 3970 1995 4040 quod
2024 3973 2161 4026 alios
2189 3973 2365 4042 potuit
2391 3986 2666 4026 accusare.
2700 3969 2974 4026 Potestate
3003 3968 3163 4037 igitur
3188 3967 3332 4021 nulla
3361 3965 3434 4020 di-

1849 4062 2025 4130 gnitas
2053 4071 2136 4118 est
2172 4062 2411 4131 aequalis.
2457 4061 2586 4116 Vice
2624 4076 2777 4115 sacra
2817 4060 3015 4127 ubique
3053 4057 3276 4126 judicat.
3324 4058 3434 4127 93

1850 4152 2039 4207 Nullus
2085 4152 2135 4204 ei
2175 4151 2328 4205 miles
2370 4149 2439 4204 de
2484 4149 2586 4204 fori
2615 4149 2696 4202 sui
2726 4147 3049 4201 auctoritate
3094 4145 3431 4215 praescribit,

1849 4249 2076 4314 excepto
2102 4239 2314 4297 ciliciali
2338 4237 2576 4308 magistri
2606 4237 2831 4293 militum
2865 4254 2878 4289 :
2912 4235 3096 4304 credo,
3125 4243 3184 4291 ut
3215 4233 3302 4291 vel
3330 4235 3433 4292 illis

1939 4417 2059 4468 Nam
2084 4418 2216 4480 prius
2234 4415 2668 4480 Ausonias_ma‘.res
2683 4416 2921 4480 carpenta
2946 4411 3225 4472 vehebant;

2000 4475 2118 4529 Hle
2140 4490 2335 4539 quoque
2359 4478 2420 4525 ab
2447 4475 2653 4524 Evandri
2676 4477 2802 4524 dicta
2828 4481 3033 4544 parente
3056 4485 3192 4524 reor.

1849 4561 1944 4619 sed
1967 4571 2152 4632 postea
2178 4561 2265 4616 hic
2293 4560 2487 4632 mosiin
2517 4556 2928 4632 desuetudinem
2950 4557 3100 4632 abiit.
3129 4557 3316 4632 Bnoss.

1922 4642 1950 4670 ο
1968 4627 2120 4686 Ἰηΐιιίι
2145 4632 2234 4685 lib.
2253 4631 2502 4696 x1,e,»ist.
2531 4627 2584 4690 3,
2609 4643 2727 4698 qua}.
2747 4627 3029 4698 inqjudiciis
3045 4635 3156 4680 tum
3178 4629 3425 4698 publicis,

1851 4711 1964 4757 tum
1989 4703 2231 4773 privatis,
2277 4700 2652 4773 adhibebatur.
2789 4697 2846 4773 2,
2880 4698 2956 4773 L’_e
2989 4697 3427 4773 jur._int3nnnit_.;

1853 4773 1888 4828 1.
1914 4767 2062 4844 pera,
2084 4771 2340 4844 De_int_eg.
2366 4771 2562 4844 restitg
2594 4769 2630 4822 l.
2657 4769 2779 4844 ult”
2800 4768 2873 4844 _C._
2992 4767 3155 4840 Ieriis.
3181 4768 3425 4844 Quintil.,

1851 4837 1944 4897 lib'.
1975 4837 2057 4910 vr,
2077 4859 2127 4896 c.
2150 4841 2212 4908 4;
2242 4837 2468 4908 Euseb,
2494 4838 2586 4910 lib.
2610 4854 2665 4910 tv
2689 4837 2835 4910 Eccl.
2859 4837 3007 4910 hist.,
3032 4853 3148 4910 cap.
3176 4838 3429 4910 15._Aga-

1854 4914 1994 4967 thias
2017 4908 2272 4982 judicium
2304 4911 2400 4982 abs
2416 4909 2728 4982 iJustiniano
2742 4909 3060 4982 institutum
3098 4908 3426 4982 describens,

1852 4983 1944 5038 lib.
1977 4975 2035 5038 w'
2052 4983 2120 5038 de
2144 4982 2286 5037 bello
2307 4981 2560 5044 Gothico,
2591 4979 2667 5033 ait
2698 4996 2712 5031 :
2741 4977 3012 5033 lnstruens
3035 4976 3290 5045 judicem.
3324 4975 3430 5030 Do-

1854 5062 2011 5109 natus
2039 5054 2093 5108 in
2123 5052 2499 5108 Terentianam
2527 5048 2928 5115 Phormionem,
2957 5056 3062 5102 act.
3090 5046 3141 5112 1,
3173 5061 3332 5100 scena
3362 5047 3426 5110 Ως

1853 5123 2201 5192 Demosthen.
2232 5137 2332 5192 pro
2360 5119 2740 5192 Ctesiphonte;
2771 5118 3037 5192 Lycianus
3067 5117 3119 5170 in
3149 5115 3238 5170 Bis
3266 5131 3426 5171 accu-

1850 5203 1972 5250 sato
1999 5212 2011 5247 :
2042 5207 2146 5261 qua
2175 5187 2252 5247 de
2271 5207 2330 5246 re
2356 5191 2487 5245 alias
2511 5187 2655 5261 forte
2683 5189 2942 5261 pluribus.
2976 5187 3140 5261 Fons.

1928 5262 1946 5301 ί
1975 5255 2119 5317 Inter
2134 5261 2253 5330 jura
2274 5271 2328 5316 et
2342 5260 2637 5332 potestatis
2647 5255 3158 5332 praefectiprtctogio
3180 5255 3427 5322 insignia.

1853 5349 1921 5388 ne
1950 5349 2015 5387 ex
2045 5323 2245 5400 scripto
2269 5323 2592 5386 sententiam
2617 5323 2776 5400 lerat,
2809 5327 2845 5400 l.
2878 5323 2932 5394 2⁷,
2973 5325 3033 5380 C.
3067 5323 3148 5378 De
3201 5335 3332 5379 sent.
3360 5342 3428 5400 et:

1796 5414 1807 5426 '
1852 5403 2036 5458 breric.
2071 5394 2214 5455 rerit.
2258 5401 2410 5468 Quod
2436 5399 2644 5455 ueteris
2668 5398 2933 5466 judicibus
2963 5410 3066 5468 non
3095 5403 3178 5450 est
3207 5394 3428 5468 per-inis-

1842 5489 1981 5540 sum,
2010 5474 2099 5541 qui
2132 5488 2194 5526 ex
2229 5465 2422 5526 tabella
2456 5465 3141 5541 litigantibussententiam
3171 5465 3422 5541 edebant.

1843 5532 2229 5614 Symmachus,
2262 5543 2352 5614 lib.
2404 5557 2440 5607 ι,
2467 5532 2627 5614 epist.
2657 5537 2756 5614 27_;
2787 5536 2826 5614 l_.
2880 5535 2980 5602 ’ὄις
3024 5535 3062 5614 l._
3092 5534 3214 5614 ult.,
3350 5532 3428 5614 De

1842 5603 2006 5682 ρὶίεά.
2041 5602 2255 5675 άεε.;Ἰ.
2291 5602 2520 5682 _ult.,'C.'
2551 5607 2628 5660 De
2655 5607 2878 5682 princip.
2909 5602 3358 5682 agent.‘_in_reb.;
3390 5604 3430 5660 ι.

1845 5673 1910 5737 Ὶη
1940 5684 2126 5748 sacris,
2157 5673 2219 5735 C.
2283 5680 2356 5736 De
2396 5673 2546 5750 prox.
2578 5673 2719 5750 ιςίιιέε·ἶ
2745 5673 2926 5738 scrin.,
2946 5673 3059 5729 ⁷12.
3099 5673 3417 5750 Setl_0pjior-

1844 5753 2058 5809 tuniore
2080 5742 2365 5820 aliquando
2395 5742 2515 5804 loco
2545 5761 2642 5802 nos
2673 5745 2722 5800 id
2744 5759 3152 5815 prosequemur.
3186 5742 3406 5800 Fuimus

2954 5835 3034 5898 22
