3958 6460
521 263 641 324 683

534 468 679 524 bella
708 475 958 521 tractare.
987 465 1227 519 Curiales
1253 465 1415 519 etiam
1444 464 1709 530 verberat,
1741 465 1830 532 qui
1855 464 2107 533 appellati

539 563 665 611 sunt
694 554 898 622 legibus
928 554 1103 608 minor
1128 564 1365 610 senatus.
1390 553 1448 607 ln
1474 552 1652 607 officio
1680 568 1778 607 suo
1800 552 1887 621 jus
1916 554 2109 607 retinet

538 644 825 714 singulare,
855 652 912 698 et
938 644 1129 699 talibus
1157 646 1427 713 tantisque
1456 642 1694 698 noscitur
1726 642 1931 711 jubere,
1973 656 2109 710 quos

538 737 700 792 etiam
729 735 1122 806 provinciarum
1166 750 1274 789 non
1315 732 1546 789 audeant
1587 732 1787 802 judices
1834 733 1885 785 in
1934 732 2110 799 aliqua

542 835 694 895 parte
722 834 1084 882 contemnere.
1114 822 1357 879 Ofﬁcium
1389 824 1545 892 plane
1571 823 1867 891 geniatum,
1897 822 2107 886 efﬁcax,

540 918 880 983 instructum,
914 922 1109 981 ettota
1138 916 1299 969 animi
1332 914 1579 968 lirmitate
1607 912 1986 983 praevalidum;
2020 912 2112 981 qui

540 1010 619 1064 sic
642 1006 1094 1078 peragentjussa,
1145 1014 1203 1061 ut
1248 1005 1405 1060 nullis
1446 1012 1723 1059 morentur
1770 1002 2113 1056 dilationibus

543 1099 822 1166 imperata.
856 1094 1040 1149 Militia
1076 1093 1373 1164 perfunctis
1400 1093 1732 1147 tribunorum
1778 1100 1836 1146 et
1874 1092 2112 1145 notario-

544 1202 659 1241 rum
689 1186 948 1240 honorem
980 1184 1200 1249 tribuit;
1229 1191 1284 1238 et
1322 1183 1515 1236 milites
1542 1196 1667 1236 suos
1696 1180 1799 1235 illis
1843 1188 2111 1247 exaequat,

543 1278 630 1345 qui
662 1278 803 1329 inter
828 1286 1080 1344 proceres
1117 1272 1270 1327 mixti
1299 1272 1496 1326 nostris
1522 1269 1899 1339 conSpectihus
1927 1266 2043 1340 [Gn
2067 1276 2116 1321 et

543 1365 683 1435 Cuj.,
708 1362 1062 1433 jussionihus]
1094 1362 1479 1418 obsecundant.
1525 1370 1551 1399 α
1596 1359 1881 1415 Gratanter
1924 1358 2115 1428 imple-

543 1470 661 1509 mus
712 1470 831 1524 quae
857 1454 947 1509 ille
973 1453 1280 1519 constituit;
1312 1452 1465 1521 cujus
1491 1452 1793 1507 reverentia
1834 1458 1885 1507 et
1914 1466 2013 1505 nos
2044 1450 2115 1505 ita

540 1545 969 1614 constringimur,
992 1552 1052 1598 ut
1072 1544 1188 1600 sine
1207 1542 1538 1598 dubitatione
1560 1541 1813 1597 faciamus
1834 1556 1950 1609 qu:e
1970 1542 2115 1594 illum

541 1637 844 1692 decrevisse
874 1635 1270 1702 cognoscimus.
1303 1633 1417 1686 Non
1461 1632 1749 1693 immerito,
1778 1629 1993 1699 quando
2025 1646 2117 1699 pa-

1746 260 1816 317 M.
1860 259 2128 316 AURELII
2166 258 2559 317 CASSIODORl

540 377 739 448 aliquid
761 376 1042 444 antiquitas
1071 375 1304 439 cederet,
1327 374 1417 443 qui
1446 371 1769 426 videbantur
1791 389 1892 443 pro
1918 372 2104 441 repub.
2138 378 2180 432 Α

3668 258 3807 318 ’881

2464 372 2551 426 lV.
2586 338 2829 425 mnuum
2860 386 3238 427 PREFEC‘I'UBS
3267 386 3509 428 cunmm.

2277 461 2412 517 Cum
2454 462 2522 517 de
2567 462 2825 529 dignitate
2866 464 3152 519 commissa
3198 464 3314 519 laus
3351 479 3573 533 semper
3595 463 3807 533 judicia

2208 551 2522 617 :estimetur,
2573 559 2627 606 et
2671 552 2848 620 potior
2892 552 3171 608 habendus
3213 564 3298 608 est
3343 570 3510 624 quam
3558 554 3675 607 sint
3724 555 3806 609 illi

2210 644 2401 711 quibus
2447 658 2673 713 pmesse
2710 645 3071 710 cognoscitur,
3113 662 3273 700 nemo
3310 646 3543 713 amplius
3582 645 3807 699 videtur

2210 734 2341 801 erigi
2382 748 2542 802 quam
2583 734 2669 788 cui
2715 735 2891 803 potuit
2920 734 3089 789 Roma
3118 736 3399 791 committi.
3445 735 3674 789 Grande
3717 744 3801 789 est

2211 825 2423 893 quidem
2453 839 2733 893 procerem
2763 840 2911 891 esse,
2951 826 3046 879 sed
3075 828 3243 881 multo
3270 829 3528 895 grandius
3555 828 3625 881 de
3666 841 3800 895 pro-

2212 916 2425 971 ceribus
2454 917 2716 985 judicare.
2771 916 2797 955 ιι
2847 917 3077 972 Senatus
3122 919 3209 974 ille
3256 919 3485 973 mirabili
3540 920 3799 987 Opinione

2212 1006 2475 1073 gloriosus
2504 1007 2757 1076 probatur
2784 1006 2982 1060 habere
3028 1008 3305 1075 prtesulem
3322 1049 3338 1074 ,
3366 1023 3531 1077 quem
3566 1007 3797 1059 mundus

2212 1098 2433 1166 suscipit
2463 1099 2585 1165 jura
2623 1096 2964 1152 condentem.
2994 1096 3179 1166 quue
3209 1097 3266 1151 fit
3292 1106 3351 1151 ut
3379 1097 3457 1150 illi
3487 1105 3718 1150 utantur
3744 1095 3793 1147 in

2212 1196 2402 1242 senatu
2431 1194 2699 1256 potestate
2728 1186 2987 1255 perfecta,
3018 1188 3110 1256 qui
3139 1188 3277 1258 apud
3323 1196 3378 1242 te
3403 1188 3691 1256 trepidant
3714 1185 3793 1239 di-

2214 1294 2339 1334 cere
2379 1279 2621 1348 proprias
2650 1293 2857 1334 causas.
2891 1278 3088 1333 Verum
3118 1279 3229 1334 hare
3266 1293 3482 1349 quoque
3531 1277 3794 1331 modestia

2215 1367 2560 1434 cognoscitur
2605 1380 2724 1419 esse
2752 1366 3125 1435 pnedicanda;
3156 1374 3216 1419 ut
3246 1374 3435 1434 optent
3481 1366 3618 1438 [ed.,
3673 1362 3790 1415 Nn.

2215 1463 2263 1509 et
2305 1453 2428 1521 6a.,
2459 1454 2755 1524 oporteret]
2805 1468 2864 1509 se
2908 1454 3115 1522 legibus
3154 1454 3359 1521 teneri,
3408 1469 3530 1522 qua:
3573 1454 3643 1506 ab
3674 1453 3792 1522 ipsis

2216 1545 2460 1600 sciuntur
2486 1560 2645 1615 posse
2686 1545 2958 1599 constitui.
2990 1545 3118 1612 Qua:
3162 1563 3248 1601 res
3292 1562 3390 1616 pro
3442 1555 3602 1615 parte
3646 1547 3793 1600 nobis

2217 1638 2461 1692 absolute
2489 1636 2787 1691 communis
2815 1645 2897 1691 est
2927 1656 2939 1690 :
2972 1638 3062 1691 sed
3084 1638 3183 1692 hac
3200 1638 3327 1693 sola
3360 1637 3575 1691 ratione
3596 1636 3793 1691 discre-

540 1729 723 1783 latium
768 1743 863 1783 sua
914 1727 1223 1797 provisione
1250 1732 1533 1790 sustentat,
1578 1724 1932 1781 servientibus
1962 1725 2115 1779 nobis
2148 1748 2192 1807 Β
2220 1727 2277 1790 ti,
2307 1724 2448 1793 quod
2477 1724 2631 1778 alteri
2672 1725 2824 1779 subdi
2854 1742 2959 1780 non
2989 1742 3290 1796 possumus,
3332 1727 3424 1794 qui
3450 1726 3669 1794 judices
3694 1741 3792 1778 non

539 1828 794 1888 procurat
853 1831 1135 1881 annonas,
1186 1816 1543 1870 humanitatcs
1589 1829 1803 1884 quoque
1847 1814 2114 1883 judicibus

538 1910 668 1980 ipsis
697 1907 842 1973 facit,
876 1906 1081 1975 legatos
1106 1904 1343 1974 gentium
1373 1919 1599 1959 voraces
1621 1905 1801 1974 explet
1828 1902 2119 1958 ordinatio-

540 2000 695 2054 nibus
733 1998 872 2065 suis,
920 2005 976 2050 ct
1015 1996 1141 2051 licet
1178 1995 1295 2049 aliae
1340 1995 1627 2063 dignitates
1672 1994 1906 2048 habeant
1935 1994 2117 2049 titulos

540 2089 831 2159 prmlinitos
852 2126 868 2152 ,
912 2087 978 2141 ab
1022 2088 1120 2139 ista
1149 2093 1318 2139 totum
1349 2099 1486 2154 pene
1529 2084 1750 2152 geritur,
1780 2084 2033 2152 quidquid
2063 2085 2116 2138 in

541 2181 764 2249 imperio
791 2186 979 2233 nostro
1003 2177 1251 2246 aequabili
1279 2175 1646 2231 moderatione
1668 2181 1944 2228 tractatur.
1967 2173 2117 2230 Hanc

542 2274 771 2340 denique
840 2285 1087 2325 curarum
1144 2268 1383 2322 omnium
1452 2266 1865 2337 pulcherrimam
1920 2266 2116 2321 molem

543 2365 708 2433 (quod
748 2375 1059 2431 prosperum
1086 2359 1258 2421 nobis,
1293 2358 1421 2412 utile
1462 2356 1770 2425 reipublicae
1799 2354 1889 2424 sit)
1921 2356 1988 2409 ab
2028 2356 2116 2410 illa

544 2454 833 2507 indictione
854 2452 957 2505 tuis
986 2450 1224 2504 humeris
1264 2449 1521 2503 decenter
1559 2447 1919 2515 imponimus;
1957 2461 2116 2515 quam

546 2552 598 2596 tu
631 2551 685 2597 et
715 2542 908 2609 ingenii
937 2541 1135 2594 virtute
1174 2540 1474 2603 sustineas,
1507 2546 1562 2594 et
1588 2554 1793 2592 summa
1838 2538 1941 2592 lide
1978 2548 2119 2593 trac-

546 2642 659 2689 tare
689 2631 1006 2687 COntendas.
1032 2630 1160 2698 Qua:
1184 2638 1445 2700 quantum
1474 2630 1700 2686 diversis
1744 2630 2117 2685 sollicitudini-

543 2725 641 2780 bus
682 2724 1084 2793 constringitur,
1133 2730 1285 2777 tanto
1325 2722 1493 2790 magis
1539 2722 1724 2776 laudes
1765 2723 2119 2792 amplissimas

544 2817 771 2886 dignitas
796 2816 909 2869 haec
939 2814 1251 2883 triumphat.
1273 2812 1339 2866 Et
1355 2812 1475 2866 ideo
1499 2820 1703 2865 tantum
1736 2814 1911 2867 lumen
1935 2815 2116 2880 glorise

543 2907 600 2962 fit
630 2905 929 2963 actionibus
951 2904 1164 2970 vestris,
1197 2912 1255 2957 ut
1284 2909 1339 2957 et
1366 2903 1417 2955 in
1451 2902 1650 2972 palatio
1681 2911 1866 2956 nostro
1895 2902 2113 2971 fulgeat,

544 3012 596 3059 et
634 3001 684 3055 in
719 2998 1115 3071 provinciarum
1159 2995 1550 3064 longinquitate
1580 2996 1835 3051 reluceat.
1888 2996 1992 3050 Par
2022 2998 2115 3051 tibi

2216 1818 2494 1872 habemus.
2547 1815 2770 1883 Respice
2818 1824 2897 1871 tot
2950 1817 3137 1872 doctos
3185 1818 3350 1882 viros,
3401 1825 3461 1871 et
3512 1816 3791 1872 considera

2214 1907 2373 1975 quale
2404 1906 2473 1962 sit
2496 1906 2577 1959 bis
2604 1906 2803 1973 aliquid
2832 1905 3034 1971 dicere,
3064 1921 3160 1961 nec
3185 1907 3384 1961 erroris
3404 1906 3791 1960 verecundiam

2214 1999 2524 2054 formidare.
2554 1997 2631 2053 De
2660 1998 2853 2051 talibus
2892 1998 3177 2069 disceptas,
3223 2014 3358 2067 quos
3386 1999 3482 2051 tibi
3512 1998 3792 2065 cognoscis

2217 2106 2335 2145 esse
2362 2092 2623 2160 potiores.
2645 2090 2734 2144 Sic
2761 2104 2887 2157 ergo
2912 2090 3084 2143 locum
3117 2099 3263 2144 tuum
3295 2100 3488 2155 tracta,
3521 2100 3589 2144 ut
3615 2104 3791 2143 omnes

2217 2191 2271 2237 te
2293 2182 2528 2250 judicent
2557 2182 2832 2235 honorata:
2858 2181 3289 2248 congregationis
3310 2190 3641 2249 agnoscant.
3663 2179 3792 2234 Coa-

2216 2273 2359 2327 sides
2407 2287 2565 2341 supra
2612 2286 2799 2325 omnes
2846 2271 3051 2325 scilicet
3090 2272 3397 2325 consulares
3430 2288 3445 2324 :
3478 2271 3791 2323 sententiam

2216 2365 2420 2434 primus
2464 2364 2633 2427 dicis;
2688 2372 2741 2417 et
2782 2363 2834 2416 in
2882 2362 2970 2415 illa
3018 2363 3277 2417 libertatis
3322 2362 3444 2415 aula
3471 2361 3791 2415 reverendus

2218 2455 2489 2525 aspiceris,
2526 2455 2575 2507 in
2600 2469 2701 2522 qua
2731 2454 3045 2507 commissos
3075 2453 3273 2507 habere
3301 2454 3488 2506 mundi
3516 2454 3793 2522 primarius

2218 2543 2550 2611 approbaris.
2580 2542 2711 2609 Quis
2734 2543 2844 2612 jam
2874 2543 2940 2597 de
2965 2544 3194 2597 obscuro
3224 2544 3353 2597 vitio
3403 2543 3527 2615 [Gn
3578 2554 3628 2598 et
3680 2544 3787 2613 Ca}.

2219 2635 2389 2689 drlent
2431 2634 2525 2687 hoc
2565 2632 2775 2702 nomen]
2822 2634 3057 2700 cogitare
3086 2635 3272 2702 possit,
3306 2635 3394 2701 qui
3423 2650 3487 2688 se
3518 2636 3661 2687 inter
3687 2649 3793 2688 mes

2218 2743 2333 2780 rum
2358 2726 2554 2778 lumina
2578 2731 2657 2778 tot
2686 2740 2804 2779 esse
2841 2724 3149 2791 cognoscit?
3183 2724 3272 2777 Vis
3302 2725 3482 2778 odium
3528 2741 3639 2779 non
3670 2726 3791 2779 reci-

2218 2820 2381 2889 pere?
2409 2815 2653 2871 Studium
2681 2831 2710 2869 a
2738 2824 2787 2869 te
2813 2815 3215 2884 gratificationis
3236 2815 3487 2870 exclude.
3523 2816 3790 2869 Publicum

2217 2924 2453 2962 amorem
2478 2921 2695 2961 necesse
2720 2915 2802 2960 est
2818 2906 3031 2971 habeas,
3054 2905 3100 2959 si
3122 2906 3380 2961 secretius
3398 2906 3473 2959 nil
3500 2907 3791 2975 promittas.

2218 2997 2333 3051 Erit
2372 2997 2623 3050 nimirum
2671 3010 2950 3064 magnum,
2999 3004 3054 3049 et
3081 2995 3350 3063 singulare
3378 2997 3726 3064 praeconium,
3753 2997 3791 3048 si

543 3096 607 3149 sit
655 3109 774 3148 cum
820 3098 1089 3161 potestate
1120 3088 1401 3158 prudentia
1436 3106 1450 3141 :
1483 3090 1824 3143 conscientiae
1855 3097 1956 3143 tua:
1985 3105 2115 3158 qua-
2142 3116 2184 3175 ρ
2212 3089 2418 3158 judices
2455 3104 2560 3143 non
2609 3088 2905 3156 accipiant,
2931 3087 3019 3142 ubi
3064 3096 3223 3155 sunt,
3276 3089 3369 3156 qui
3396 3089 3629 3142 multum
3674 3089 3795 3142 dare

542 3186 754 3243 drifaria
804 3185 971 3238 virtus
1023 3182 1273 3238 assideat.
1332 3178 1587 3233 Tribunal
1636 3188 1784 3233 tuum
1841 3180 1958 3234 ideo
2004 3188 2113 3233 tam

544 3276 810 3330 excelsum
842 3272 1035 3328 factum
1067 3286 1186 3327 esse
1226 3269 1460 3333 noveris,
1514 3277 1572 3322 ut
1618 3269 1823 3323 locatus
1871 3270 1939 3323 ibi
1986 3267 2116 3321 nihil

542 3364 742 3419 humile
758 3362 1129 3430 abjcctumquc
1156 3362 1442 3428 cogitares.
1462 3357 1750 3413 Considera
1775 3358 1901 3427 quid
1924 3358 2118 3413 debeas

545 3456 749 3520 dicere,
796 3454 938 3523 quod
977 3469 1007 3505 a
1036 3452 1197 3506 tantis
1226 3452 1510 3520 excipitur.
1544 3449 1863 3504 Monimenta
1909 3448 2117 3517 publica

546 3545 669 3597 talia
718 3542 1061 3605 contineant,
1112 3556 1231 3610 qua:
1277 3556 1336 3594 se
1383 3540 1574 3608 legisse
1612 3539 1786 3593 nullus
1815 3539 2115 3593 erubescat.

550 3632 745 3687 Prmsul
771 3633 1024 3686 mirabilis
1052 3640 1255 3701 partem
1282 3647 1389 3684 non
1413 3631 1574 3684 habet
1597 3645 1716 3684 cum
1747 3629 1975 3695 delictis,
1996 3630 2119 3697 quia

547 3726 646 3780 nisi
697 3722 895 3791 aliquid
946 3721 1214 3789 egregium
1270 3719 1479 3775 assidue
1528 3718 1733 3785 fecerit,
1780 3719 1988 3787 culpam
2036 3719 2120 3773 vel

551 3816 751 3870 otiosus
780 3815 1021 3868 incurrit.
1054 3814 1182 3866 Nam
1230 3814 1273 3866 si
1314 3811 1601 3882 prtedictus
1631 3821 1822 3865 auctor
1848 3812 2121 3866 sanctissi-

548 3922 665 3960 mus
691 3906 778 3959 ille
803 3906 1084 3968 recolatur,
1118 3902 1384 3973 quoddam
1411 3902 1767 3958 sacerdotium
1797 3911 1879 3955 est
1907 3901 2123 3970 pmrftc-

550 4009 679 4053 turre
701 3999 1033 4071 prtetoriante
1056 4003 1424 4067 competenter
1445 4009 1604 4065 agere
1627 3995 1957 4062 dignitatem.

619 4285 645 4313 ιι
675 4273 944 4330 Pnefectis
974 4271 1221 4343 prmtorio
1245 4270 1421 4325 datam
1450 4268 1613 4343 fuisse
1643 4268 1935 4343 pleniorem
1958 4269 2119 4343 licea-

549 4347 674 4399 tiam
697 4345 762 4398 ad
780 4340 1069 4412 disciplinm
1087 4343 1308 4411 publica:
1323 4341 1750 4395 emendationem
1772 4340 2118 4412 juris_consul-

551 4425 659 4482 tus,
688 4415 722 4465 l.
753 4413 804 4478 l,
836 4415 895 4467 Ι).
918 4408 1007 4465 ὐθ
1034 4408 1125 4481 οΙΤ.
1157 4414 1307 4482 prmf.
1338 4421 1510 4481 prwt.,
1539 4419 1727 4464 auctor
1754 4418 1856 4464 est.
1890 4408 2120 4482 Tempo-

2218 3180 2561 3234 contendant.
2595 3177 2791 3231 Ditioni
2816 3189 2836 3215 ο
2855 3187 2955 3231 luce
2985 3192 3091 3231 non
3118 3178 3288 3232 solum
3312 3177 3483 3231 Roma
3516 3178 3792 3231 commissa

2217 3277 2299 3322 est
2346 3268 2610 3336 (quamvis
2659 3267 2711 3321 in
2752 3267 2837 3319 illa
2885 3268 3261 3322 contineantur
3292 3268 3588 3335 universa),
3616 3284 3795 3322 verum

2219 3361 2381 3415 ctiam
2432 3360 2568 3413 intra
2610 3359 2957 3412 centesimum
3014 3368 3335 3428 potestatem
3386 3367 3438 3411 te
3479 3359 3798 3427 protendere

2219 3453 2433 3521 antiqua
2460 3450 2579 3518 jura
2606 3450 2930 3514 voluerunt,
2974 3468 3038 3504 ne
3081 3458 3241 3504 tanta:
3283 3452 3510 3505 civitatis
3556 3449 3799 3517 judiccm

2222 3543 2439 3597 muralis
2467 3554 2628 3610 agger
2658 3541 2977 3609 includeret,
3006 3542 3125 3595 cuiu
3158 3542 3327 3595 Roma
3357 3543 3534 3595 omnia
3555 3542 3799 3610 posside-

2223 3640 2322 3687 ret.
2355 3631 2433 3685 Tu
2459 3633 2619 3686 etiam
2644 3646 2711 3685 ex
2733 3630 3025 3699 designatis
3055 3632 3170 3698 lege
3193 3632 3502 3701 provinciis,
3531 3632 3599 3685 ab
3621 3632 3799 3701 appel<

2225 3725 2423 3779 latione
2464 3724 2764 3793 cognoscis.
2814 3723 3074 3778 Advocati
3131 3725 3227 3779 tibi
3277 3725 3512 3779 militant
3562 3724 3795 3786 eruditi,

2223 3814 2434 3883 quando
2484 3814 2535 3866 in
2577 3813 2665 3867 illa
2710 3813 2885 3882 patria
2939 3812 3152 3869 difficile
3180 3830 3287 3869 non
3315 3823 3399 3869 est
3428 3825 3682 3870 oratores
3702 3816 3798 3869 im-

2225 3905 2400 3972 plere,
2451 3903 2538 3957 ubi
2583 3904 2867 3970 magistros
2914 3903 3234 3972 eloquentia:
3280 3906 3545 3973 contingit
3590 3921 3798 3975 semper

2226 3994 2429 4047 audire.
2460 3990 2728 4061 Carpento
2756 3993 2969 4049 veheris
3009 4009 3106 4065 per
3133 3993 3366 4049 nobilem
3415 3995 3670 4066 plebem,
3710 4010 3798 4064 pu~

2292 4269 2321 4307 b
2350 4268 2623 4338 Epictetus
2644 4282 2761 4321 cum
2795 4267 2863 4321 ab
2892 4266 3123 4321 Adriano
3153 4267 3475 4338 imperatore
3505 4266 3800 4338 interroga-

2221 4348 2371 4393 retur
2399 4336 2530 4406 'quid
2554 4346 2695 4392 esset
2721 4346 2937 4393 senatus
2964 4354 2975 4388 :
3009 4345 3400 4398 ornamentum,
3432 4337 3589 4399 dixit,
3628 4336 3795 4395 Urbis,

2224 4408 2476 4477 splendor
2504 4408 2716 4461 civium.
2741 4406 2830 4461 Sic
2860 4407 3016 4474 legati
3047 4422 3075 4458 a
3103 4407 3657 4477 l’y'r'rlro_i_nterrogati
3680 4407 3796 4473 quid

552 4499 608 4557 re
636 4470 933 4536 Constantii
961 4470 1295 4557 impéra'toris
1334 4470 1518 4535 omnes
1557 4487 1875 4557 castrenses,
1902 4470 2119 4557 onlihz-
2157 4500 2198 4557 ί)
2225 4470 2289 4557 de
2320 4478 2573 4557 Romanis
2598 4480 2877 4541 sentirent,
2906 4470 3295 4544 responderunt
3314 4470 3510 4529 Urbem
3538 4470 3643 4531 sibi
3673 4470 3800 4557 gem-

553 4554 750 4618 riaeque
768 4550 1077 4619 potestates,
1092 4560 1151 4604 ut
1173 4553 1434 4605 honorum
1458 4550 1693 4603 omnium
1711 4551 1913 4619 apicem
1938 4551 2122 4616 prisca:

555 4621 865 4674 reverentia:
890 4636 1043 4690 more
1070 4620 1347 4690 pnefectos
1374 4636 1583 4690 semper
1613 4634 1899 4690 suspexere
1926 4629 2121 4688 priete-

554 4691 754 4751 rianos,
786 4697 845 4743 ut
872 4688 1136 4743 Ammia’n.
1165 4688 1610 4745 Marcellinu'lib.
1637 4704 1746 4751 xxx,
1772 4688 1951 4741 tradit.
1979 4692 2120 4741 l'ne-

554 4761 769 4814 fecturas
811 4759 1059 4812 meritum
1099 4760 1304 4812 caeteris
1333 4759 1673 4824 dignitatibus
1701 4766 1970 4811 antestare
2018 4756 2121 4809 Va—

553 4827 895 4890 lentinianus,
928 4827 1139 4888 Valens,
1164 4836 1219 4881 et
1239 4823 1542 4891 Gratianus,
1592 4828 1644 4879 in
1667 4827 1702 4879 l.
1736 4825 1784 4891 l,
1817 4826 1875 4879 (ἶ.
1912 4823 1987 4878 De
2012 4827 2123 4895 0ίῇ-

553 4900 631 4952 cio
657 4898 839 4951 vicarii
867 4896 1157 4961 definiunt;
1201 4905 1256 4950 et
1302 4898 1491 4950 merito
1524 4914 1537 4949 :
1569 4896 1767 4949 etenim
1805 4897 2121 4965 praefectura

552 4967 871 5038 praetoriana
887 4965 1100 5034 quidam
1120 4966 1446 5038 principatus
1464 4966 1730 5038 quondam
1756 4965 1960 5038 imperii
1983 4973 2116 5038 erat,

554 5034 790 5106 attamen
815 5038 931 5092 sine
958 5050 1211 5106 purpura.
1252 5034 1321 5087 Et
1348 5036 1400 5088 in
1447 5052 1512 5091 eo
1546 5034 1841 5090 discrimen
1874 5035 2123 5103 principis

554 5117 609 5162 et
659 5105 895 5176 praefecti
924 5105 1277 5176 statuebatur,
1308 5108 1448 5174 quod
1491 5119 2025 5176 sacrampurpuram
2070 5111 2123 5176 et

556 5174 928 5247 imperatorias
974 5174 1168 5229 infulas
1195 5190 1301 5230 non
1342 5182 1595 5247 gestaret.
1628 5175 1828 5247 Deinde
1858 5174 2121 5247 praefectis

555 5242 805 5315 praetorio
852 5260 1032 5301 rerum
1070 5259 1276 5300 summa
1314 5246 1599 5315 commissa
1644 5242 1742 5315 fuit
1771 5242 1988 5315 propter
2017 5243 2121 5296 loci

555 5313 894 5384 dignitatem,
933 5323 991 5371 ut
1022 5323 1283 5371 testantur
1326 5313 2120 5384 imperatoresvalentinianus,

556 5381 888 5441 Theodosius
936 5394 991 5440 et
1027 5385 1284 5440 Arcadius
1307 5423 1322 5448 ,
1362 5381 1417 5438 iii
1457 5384 1491 5437 l.
1528 5381 1766 5449 Quilibet,
1800 5384 1900 5448 40,
1929 5383 1990 5436 C.
2047 5382 2124 5434 De

557 5458 754 5519 deum,
787 5456 877 5511 lib.
920 5472 973 5509 x.
1026 5454 1212 5510 Patres
1260 5455 1467 5525 imperii
1514 5456 1674 5525 etiam
1722 5462 2018 5525 vocantur,
2069 5458 2125 5503 ut

558 5536 786 5581 testatur
811 5534 1014 5580 auctor.
1040 5525 1140 5592 Qui
1161 5523 1517 5595 autemiplura
1544 5524 1616 5595 de
1638 5523 1970 5595 auctoritate,
2006 5537 2123 5595 nm-

559 5611 690 5650 nere
732 5604 787 5649 et
830 5596 1084 5661 dignitate
1124 5592 1655 5663 prtefectfprmtorio
1709 5592 2120 5663 scirevolucnt,

562 5666 804 5718 consulat
849 5660 1028 5728 Diom,
1076 5660 1165 5717 lib.
1199 5681 1290 5729 LII,
1320 5660 1634 5719 Suetonium
1673 5663 1721 5714 in
1772 5660 1959 5724 Galba,
2004 5676 2118 5727 cap.

566 5733 649 5797 ll,
685 5734 733 5783 in
764 5733 903 5799 Tito,
934 5748 1052 5804 cap.
1077 5736 1128 5785 t3.
1162 5735 1344 5789 Buoss.

2227 4550 2370 4617 plum
2400 4548 2599 4613 visam;
2624 4557 2867 4600 senatum
2898 4561 3024 4617 vero
3074 4559 3257 4612 regum
3287 4561 3628 4599 consessum.
3674 4544 3799 4617 Qui-~

2224 4615 2343 4670 dam
2374 4632 2495 4670 eum
2525 4627 2782 4670 vocarunt
2810 4616 2940 4670 recti
2978 4616 3209 4681 bonique
3255 4624 3684 4684 praeceptorem;
3716 4615 3796 4668 alii

2224 4688 2400 4739 mundi
2427 4687 2643 4738 lumina.
2672 4684 2876 4738 Probus
2916 4687 3050 4753 apud
3086 4683 3367 4752 Vopiscum
3398 4683 3475 4737 ait
3529 4683 3799 4739 Romanos

2224 4765 2498 4809 senatores
2523 4756 2702 4808 mundi
2734 4755 2999 4822 principes
3045 4770 3182 4817 esse,
3214 4754 3346 4807 tales
3373 4768 3591 4821 semper
3618 4755 3797 4815 fuisse,

2225 4834 2278 4877 et
2307 4827 2355 4876 in
2387 4833 2652 4892 posterum
2686 4825 2907 4877 futuros.
2941 4823 3221 4877 Petronius
3250 4824 3301 4877 in
3352 4823 3601 4893 Satyrico
3646 4833 3801 4877 vocat

2223 4891 2467 4947 senatum
2498 4894 2627 4947 recti
2650 4894 2881 4962 bonique
2911 4904 3313 4961 praeceptorem.
3349 4891 3633 4960 Prutlent.,
3668 4894 3757 4945 lib.
3784 4908 3798 4947 ι

2230 4964 2278 5015 in
2309 4964 2703 5032 Symmachum,
2742 4962 2923 5032 mundi
2956 4964 3173 5032 lumina.
3206 4963 3295 5016 Sic
3322 4963 3638 5016 Ammianus
3666 4962 3798 5016 Mar-

2228 5030 2450 5086 eellinus
2475 5073 2488 5093 ,
2545 5033 2630 5084 ubi
2683 5032 2748 5084 de
2777 5030 3090 5085 Constantio
3123 5031 3345 5084 Romam
3387 5032 3633 5097 ingresso
3680 5033 3751 5084 ait
3783 5049 3796 5083 :

2225 5101 2464 5171 Cumque
2489 5100 2616 5155 Urbi
2644 5102 3233 5171 apprOpinquaret,ait,
3261 5109 3481 5154 senatus
3505 5100 3687 5155 ollicia
3720 5117 3799 5155 re-

2225 5170 2594 5238 verendasque
2635 5172 2823 5239 patriae
2858 5171 3038 5239 stirpis
3083 5170 3284 5237 cﬂigies
3327 5185 3420 5223 ore
3448 5186 3646 5225 sereno
3675 5187 3798 5225 con-

2225 5242 2508 5309 templans,
2537 5256 2645 5292 non
2669 5248 2723 5292 ut
2751 5241 2958 5310 Cyneas
2986 5241 3072 5294 ille
3103 5239 3289 5310 Pyrrhi
3321 5240 3546 5310 legatus,
3564 5241 3616 5293 in
3640 5254 3796 5310 utinm

2227 5319 2466 5365 coactam
2498 5309 2884 5363 multitudinem
2919 5325 3121 5377 regum,
3151 5309 3244 5362 Sed
3283 5309 3485 5379 asylum
3508 5309 3693 5363 mundi
3724 5318 3799 5362 to-

2231 5381 2334 5433 tius
2363 5381 2549 5433 adesse
2578 5378 2893 5433 :estimabat.
2912 5378 3097 5433 Cicero
3124 5378 3365 5433 senatum
3399 5379 3693 5446 principem
3718 5393 3800 5431 sa-

2231 5450 2352 5502 lutis
2374 5449 2698 5516 publicmque
2731 5450 2921 5503 mentis
2949 5450 3197 5517 appellat.
3229 5447 3358 5501 Vide
3387 5447 3673 5517 blajorian.
3704 5461 3795 5517 ne:

2229 5519 2354 5571 vell.
2374 5511 2440 5585 ’5,
2468 5518 2541 5570 De
2570 5511 2669 5570 ritu
2697 5520 2895 5586 imperii
2915 5511 3033 5582 sui}
3066 5517 3277 5583 Virgil.,
3305 5532 3357 5570 vt
3386 5511 3601 5586 Encid.
3626 5534 3639 5575 ;
3665 5516 3702 5569 l.
3735 5511 3793 5566 74

2228 5588 2289 5640 C.
2318 5587 2542 5653 Theod.,
2580 5586 2654 5639 De
2682 5587 3131 5652 decmeQuintil.
3158 5586 3383 5639 tlcclam.
3415 5586 3536 5639 5‘29.
3569 5585 3751 5639 Bnoss.

2233 5727 2283 5780 di
2306 5655 2613 5736 °.D..J,il‘21.
2648 5657 2771 5723 legit
2802 5656 3067 5722 dicationi,
3099 5665 3155 5711 ut
3184 5673 3268 5726 cp.
3304 5655 3335 5708 7
3366 5655 3456 5711 lih.
3479 5671 3566 5722 x1;
3597 5664 3647 5709 et
3678 5656 3787 5719 Ae,

2271 5737 2332 5777 (Cl
2358 5744 2461 5777 Olli.

2271 5737 2332 5777 (σι
2358 5744 2461 5777 οηι.
