3958 6466
103 283 229 340 ’688

1417 286 1780 344 VARIARUM
1822 287 2020 344 LIBER
2061 289 2146 345 Vl.

3294 291 3398 348 6εὸ

120 399 268 458 blica
299 409 359 456 te
385 405 512 456 vota
539 397 884 467 comitantur,
915 383 1132 455 favoms
1159 399 1448 470 gratissimi
1476 416 1713 457 consona
1745 412 1790 468 Α
1821 404 1890 458 do
1921 412 2107 459 tenere
2134 404 2410 458 hominum
2439 414 2669 474 mentes,
2703 406 2920 465 allicere
2947 408 3268 470 voluntates,
3299 409 3400 463 im-

113 491 235 562 99
256 500 442 547 tecum
469 487 604 547 vae
648 491 967 561 procedunt.
1019 489 1166 547 Bene
1214 506 1344 563 age,
1374 494 1499 563 quia
1540 504 1591 550 te
1636 509 1723 550 ve-

123 578 316 636 niente
369 582 496 637 licet
541 582 755 652 populis
782 583 1078 638 conticere.
1109 581 1288 640 Habes
1332 586 1554 654 copiose
1583 586 1724 642 unde

129 671 230 728 tibi
271 673 507 741 gratiam
536 681 701 728 tantre
727 674 961 728 civitatis
1003 675 1282 742 acquiras,
1331 677 1377 731 si
1405 692 1614 732 merces
1643 677 1724 733 di-

127 777 304 818 verse
353 763 456 818 sub
506 763 652 818 nulla
679 764 972 819 venalitate
1008 765 1326 832 vendantur,
1375 766 1423 822 si
1466 767 1724 823 exbibitio

123 851 428 910 saluber
454 867 678 910 accensa
715 854 1050 908 thermarrmr
1087 855 1402 925 rapinarum
1441 857 1726 912 ardoribus

127 956 240 996 non
271 948 543 1012 tepescat,
588 942 632 998 si
661 944 1050 1013 spectaculum,
1078 945 1226 1016 quod
1263 947 1534 1016 praebetur
1573 947 1727 1001 volu-

123 1032 296 1102 ptati,
327 1049 442 1088 non
471 1033 542 1088 sit
567 1049 730 1090 causa
758 1034 934 1105 litigii.
988 1035 1236 1094 Suaviter
1263 1039 1404 1094 enim
1433 1039 1579 1108 cogit
1601 1053 1728 1108 grai

127 1128 246 1176 tum
271 1135 399 1177 esse
425 1123 702 1193 populum,
734 1125 977 1194 quisquis
1002 1127 1056 1181 in
1083 1129 1468 1184 certaminibus
1496 1131 1728 1200 partium

125 1211 375 1266 declinat
404 1212 682 1283 injustum.
725 1213 894 1268 Tanta
919 1222 1001 1270 est
1028 1216 1171 1271 enim
1203 1218 1281 1272 vis
1309 1218 1556 1288 gloriosae
1582 1219 1724 1274 veri-

134 1301 287 1367 tatis,
322 1308 388 1355 ut
415 1301 578 1355 etiam
609 1302 662 1356 in
693 1303 853 1358 rebus
879 1304 1105 1360 scenicis
1124 1306 1348 1376 :equitas
1372 1305 1727 1364 desideretur.

125 1389 580 1444 Admonitionum
603 1391 762 1460 igitur
785 1393 975 1449 ordine
994 1394 1240 1463 decurso,
1265 1411 1362 1466 per
1383 1397 1729 1454 indictionem

129 1483 277 1537 illam
326 1483 522 1538 habitu
550 1492 604 1539 te
646 1493 839 1554 togata:
877 1487 1153 1557 dignitatis
1181 1503 1464 1555 ornamus,
1506 1497 1619 1543 ιιι·
1649 1489 1732 1544 in-

129 1574 295 1628 dutus
322 1582 480 1629 veste
507 1573 788 1641 Romulea,
806 1576 930 1645 jura
951 1577 1150 1633 debeas
1177 1577 1430 1634 affectare
1461 1578 1726 1635 Romana.

129 1664 265 1718 Nam
295 1663 344 1719 si
377 1664 470 1719 isti
495 1663 524 1704 b
576 1664 824 1734 dignitati
867 1682 966 1737 par
1014 1665 1211 1735 fueris,
1244 1669 1376 1723 nihil
1424 1677 1506 1726 est
1532 1662 1675 1738 quod
1700 1685 1731 1725 a

130 1753 290 1808 nobis
325 1753 556 1810 minime
580 1755 951 1824 consequaris.
991 1755 1073 1810 Ad
1102 1757 1284 1812 omnia
1313 1757 1456 1812 enim
1496 1758 1590 1812 tali
1618 1757 1728 1813 suf-
1758 1739 1808 1801 Β

129 1845 306 1913 fragio
358 1847 471 1902 eris
521 1846 872 1902 nihilominus
920 1847 1130 1917 dignus,
1177 1849 1225 1904 si
1267 1850 1536 1904 acrionem
1584 1856 1729 1903 tuam

126 1936 319 1992 laudet
350 1945 596 1995 senatus.
625 1935 884 1994 Perfecta
899 1939 1044 1994 enim
1081 1940 1163 1995 rei
1192 1939 1324 1995 fides
1349 1948 1454 2008 est,
1490 1939 1580 1996 ubi
1601 1955 1732 1996 con-

128 2027 388 2083 sentanei
417 2034 583 2084 testes
610 2027 908 2098 probantur
935 2043 1054 2084 esse
1082 2037 1396 2084 summates.

587 2127 652 2183 V.
682 2143 928 2184 FOBIULA
947 2145 1274 2194 qugsrunz.

199 2221 262 2278 Si
296 2229 512 2276 tantum
551 2221 709 2276 clara:
746 2227 873 2277 sunt
900 2220 1183 2290 dignitates
1227 2230 1487 2290 quantum
1534 2223 1735 2278 nostris

128 2313 392 2368 affatibus
413 2311 554 2384 [Gr..
587 2311 704 2383 Cuj.
735 2321 782 2366 et
807 2312 928 2369 (lor.
961 2311 1061 2379 N.,
1089 2314 1416 2386 aspectibus]
1446 2315 1731 2385 perfruun-

135 2412 244 2470 tur,
257 2403 302 2458 si
334 2402 621 2472 praesentia
651 2403 901 2471 frequens
917 2402 1097 2473 prodit
1116 2403 1440 2458 dominantis
1461 2402 1730 2469 affectum,

138 2492 318 2546 nullus
341 2491 416 2544 ita
433 2490 670 2559 judicum
697 2499 877 2561 potest
903 2507 1022 2547 esse
1046 2491 1310 2560 gloriosus
1337 2506 1499 2562 quam
1527 2493 1615 2548 ille
1640 2494 1735 2564 q'ti

135 2583 299 2636 estin
334 2582 723 2651 cogitationum
752 2590 1059 2638 nostrarum
1090 2583 1496 2654 participatione
1519 2600 1736 2655 suscep-

138 2684 244 2726 tus.
281 2673 419 2728 Aliis
441 2673 584 2727 enim
613 2673 855 2742 pecunia:
881 2673 1105 2744 publica:
1134 2674 1521 2728 committimus
1543 2689 1738 2743 procu-

140 2761 440 2829 rationem,
464 2761 582 2815 aliis
624 2775 816 2816 causas
863 2761 1210 2816 concedimus
1254 2762 1564 2828 audiendas,
1620 2763 1738 2818 aliis

139 2850 458 2922 patrimonii
489 2849 623 2923 [atii,
649 2847 998 2920 matrimonii]
1045 2851 1214 2906 nostri
1235 2851 1355 2920 jura
1397 2850 1736 2922 delegamus;

139 2950 477 3011 quzesturam
502 2949 615 2996 toto
639 2941 802 2996 corde
822 2941 1134 3012 recipimus,
1148 2957 1307 3012 quam
1329 2951 1528 2998 nostrae
1550 2943 1739 3012 lingua;

137 3050 334 3090 vocem
356 3049 482 3089 esse
505 3049 802 3092 censemus.
828 3031 955 3088 Haec
976 3034 1175 3088 nostris
1203 3034 1616 3102 cogitationibus
1639 3049 1736 3089 ne—

137 3125 384 3182 cessario
411 3124 742 3178 familiariter
763 3124 1078 3194 applicatur,
1103 3133 1161 3178 ut
1189 3101 1404 3196 proprie
1419 3125 1598 3181 dicere
1618 3141 1737 3195 pos-
1762 3101 1810 3166 ο

141 3216 216 3269 sit
244 3211 399 3283 quod
431 3228 528 3268 nos
557 3215 755 3269 sentire
774 3215 1057 3283 cognoscit
1081 3215 1390 3271 :arbitrium
1417 3231 1525 3270 sua:
1545 3215 1735 3270 volon-

143 3305 278 3360 tatis
307 3303 550 3374 deponit,
583 3311 638 3360 et
665 3306 738 3360 ita
776 3307 971 3360 mentis
998 3314 1196 3362 nostra:
1224 3306 1363 3363 velle
1408 3307 1646 3377 suscipit,
1679 3316 1740 3362 ut

149 3408 178 3447 a
207 3393 369 3448 nobis
397 3394 564 3463 magis
588 3403 805 3464 putetur
843 3395 1037 3450 exiisse
1064 3395 1208 3466 quod
1233 3396 1486 3465 loquitur.
1518 3393 1561 3450 0
1579 3412 1740 3466 quam

152 3487 383 3542 arduum
431 3495 516 3542 est
559 3488 857 3556 subjectum
884 3489 1047 3542 verba
1093 3488 1416 3544 dominantis
1444 3503 1737 3556 assumere,

155 3575 303 3646 loqui
351 3591 514 3646 posse
561 3576 706 3645 quod
757 3585 996 3630 nostrum
1026 3576 1292 3643 credatur,
1321 3586 1374 3632 et
1416 3577 1652 3646 provecti
1686 3577 1738 3630 in

159 3668 436 3739 publicum
459 3667 710 3723 decorem
731 3669 1016 3737 gloriosam
1041 3668 1216 3724 facere
1237 3670 1574 3724 felicitatem!
1606 3667 1741 3724 Con-

159 3759 394 3815 siderate
435 3758 563 3828 quid
610 3759 863 3829 ponderis
916 3761 1158 3816 habeatis
1183 3761 1383 3830 pariter
1411 3769 1466 3816 et
1505 3761 1736 3816 decoris.

165 3858 185 3886 ε
219 3847 275 3902 Si
305 3850 434 3920 quid
461 3850 783 3916 dubitamus,
815 3865 847 3904 a
878 3859 1146 3920 quzestore
1175 3853 1514 3920 requirimus,
1544 3851 1635 3920 qui
1665 3858 1744 3905 est

164 3935 191 3976 δ
214 3941 500 3996 thesaurus
528 3941 681 3996 famae
711 3942 952 4010 publicae,
986 3943 1272 3996 armarium
1300 3943 1494 4012 legum,
1526 3951 1746 4012 paratus

165 4046 377 4104 semper
404 4034 475 4089 ad
495 4035 758 4101 subitum;
790 4044 863 4098 et,
914 4043 970 4089 ut
993 4036 1068 4088 ait
1090 4035 1312 4103 Tullius,
1340 4035 1594 4104 magister
1636 4033 1748 4088 elo-

167 4125 418 4194 quentiar,
437 4124 570 4179 nihil
593 4124 944 4196 praestabilius
957 4125 1165 4180 videtur
1193 4141 1350 4194 quam
1381 4141 1538 4195 posse
1565 4124 1748 4178 dicen-

238 4265 265 4295 ι
291 4257 498 4327 Togam
524 4257 771 4324 intelligit
794 4271 902 4327 qua
930 4256 1155 4312 Romani
1195 4258 1340 4311 cives
1361 4257 1664 4327 utebantur,
1696 4253 1732 4307 Ι.

173 4324 259 4398 32,
293 4324 399 4398 Sed
418 4330 763 4398 etsigccepto,
792 4324 853 4380 de
865 4329 974 4398 jur.
997 4328 1111 4397 ﬁs.,
1152 4341 1258 4398 quo
1284 4327 1512 4398 allusum
1535 4325 1626 4398 l_ib.
1646 4339 1734 4398 Διιι,

175 4397 326 4476 epist.
349 4397 390 4476 _1_
397 4397 428 4450 7
463 4393 796 4476 :IVesti'mini
820 4393 1058 4476 moribus
1086 4393 1280 4476 togatis
1304 4413 1317 4448 :
1342 4394 1520 4476 exuite
1547 4393 1738 4476 barba-

1821 494 2021 564 peliere
2040 509 2148 565 quo
2173 494 2320 561 velit,
2348 495 2490 550 unde
2517 497 2852 553 autem-velit
2877 499 3164 556 deducere.
3199 499 3332 554 Nam
3356 501 3402 554 si

1823 584 2053 640 oratoris
2102 591 2184 648 est
2235 584 2513 654 proprium
2543 586 2779 654 graviter
2805 596 2862 642 et
2890 595 3080 643 ornate
3114 588 3312 654 dicere,
3345 598 3406 642 ut

1825 675 1994 745 possit
2011 675 2221 730 animos
2242 674 2479 744 judicum
2505 691 2867 744 commovere,
2898 687 3100 748 quanto
3127 678 3407 735 facundior

1821 763 1986 820 debet
2012 781 2130 821 esse
2149 765 2239 835 qui
2270 781 2364 821 ore
2392 766 2648 836 principis
2675 767 2908 837 populos
2936 771 3176 826 noscitur
3220 771 3407 825 adruu-

1827 869 1976 919 nere,
2009 863 2067 909 ut
2090 863 2238 911 recta
2283 854 2526 924 diligant,
2555 870 2808 925 perversa
2836 865 3202 922 contemnant,
3233 860 3408 916 bonos

1827 946 1942 1001 sine
1963 945 2068 1001 fine
2093 945 2329 1012 laudent,
2362 947 2624 1017 pessimos
2645 948 2996 1004 vehementer
3015 952 3312 1006 accusent?
3343 951 3409 1006 Ut

1827 1055 1966 1111 pene
2019 1040 2208 1096 feriata
2262 1041 2333 1097 sit
2383 1040 2649 1096 districtio
2675 1042 2765 1098 ubi
2792 1043 3051 1114 praevalet
3091 1043 3411 1113 eloquentia:

1827 1129 2102 1184 fortitudo.
2149 1129 2230 1184 Sit
2258 1130 2497 1185 imitator
2548 1131 2994 1202 prudentissimus
3044 1134 3407 1204 antiquorum,

1827 1235 2007 1275 mores
2035 1221 2242 1276 alienos
2267 1222 2520 1290 corrigat,
2542 1231 2598 1277 et
2623 1238 2751 1280 suos
2771 1223 2950 1280 debita
2979 1223 3286 1291 integritate
3313 1238 3412 1278 cu-

1828 1313 2049 1370 stodiat.
2074 1313 2259 1369 Talem
2285 1315 2514 1383 denique
2537 1324 2752 1384 oportet
2779 1331 2898 1374 esse
2917 1325 3263 1386 quiestorem,
3279 1330 3413 1385 qua-

1829 1409 1935 1463 lem
1973 1415 2190 1478 portare
2217 1406 2471 1476 principis
2495 1405 2652 1461 decet
2679 1407 2985 1478 imaginem.
3038 1407 3171 1461 Nam
3216 1407 3262 1462 si
3292 1421 3410 1470 nos,

1829 1507 1889 1552 ut
1917 1484 2137 1565 assolet,
2161 1511 2375 1550 causam
2395 1496 2558 1565 gestis
2577 1495 2764 1552 audire
2773 1497 3066 1565 contingat,
3086 1513 3204 1568 qua:
3224 1505 3415 1552 aucto-

1831 1589 1964 1644 ritas
1990 1588 2093 1642 erit
2117 1586 2328 1655 linguaa,
2354 1601 2474 1656 qua:
2497 1587 2595 1643 sub
2625 1587 2795 1642 oculis
2813 1586 2992 1656 regale
3011 1589 3224 1656 genium
3247 1587 3416 1657 possit

1834 1678 2090 1748 implere?
2122 1677 2324 1732 Adesse
2345 1677 2507 1731 debet
2540 1677 2763 1732 scientia
2786 1677 2943 1746 juris,
2974 1679 3183 1732 cautela
3211 1693 3415 1736 sermo-

1833 1771 1936 1835 nis,
1960 1777 2019 1823 ut
2055 1783 2214 1824 nemo
2243 1767 2439 1822 debeat
2482 1767 2878 1838 reprehendere
2927 1768 3072 1838 quod
3121 1768 3416 1838 principem

1832 1861 2135 1917 constiterit
2187 1859 2481 1914 censuisse.
2537 1857 2684 1929 Opus
2736 1859 2841 1914 erit
2879 1869 3139 1930 prasterea
3192 1859 3418 1916 ﬁrmitas

1831 1950 2016 2014 animi,
2047 1957 2158 2004 uta
2183 1948 2408 2018 justitize
2448 1951 2662 2005 tramite
2697 1950 2857 2006 nullis
2885 1951 3216 2016 muneribus,
3256 1951 3418 2007 nullis

1833 2039 2130 2096 terroribus
2158 2037 2449 2094 auferatur.
2483 2039 2614 2094 Nam
2647 2027 3030 2112 pro'tequitate
3071 2041 3336 2096 servanda
3363 2049 3420 2096 et

1834 2130 1992 2186 nobis
2019 2129 2251 2198 patimur
2273 2129 2586 2195 contradici,
2615 2129 2699 2186 cui
2749 2131 2912 2185 etiam
2941 2138 3157 2200 oportet
3185 2131 3415 2188 obediri.

1834 2220 1940 2276 Sed
1966 2221 2085 2275 vide
2110 2228 2168 2276 ut
2205 2228 2413 2276 tantum
2440 2221 2696 2277 doctrina:
2723 2221 2955 2291 deferas,
2985 2231 3251 2292 quatenus
3293 2238 3421 2293 pro-

1833 2312 2082 2368 babiliter
2131 2313 2310 2368 omnia
2333 2313 2656 2383 perquisitus
2679 2329 2938 2384 exponas.
2963 2313 3094 2369 Alite
3115 2315 3313 2384 quippe
3339 2313 3421 2368 di-

1835 2403 2068 2472 gnitates
2093 2417 2422 2459 assessorum
2462 2403 2651 2458 solatia
2681 2415 2943 2474 quaerant,
2975 2412 3065 2459 tua
3095 2421 3223 2460 vero
3250 2404 3420 2474 digni-

1837 2500 1920 2546 tas
1944 2492 2173 2562 principi
2202 2493 2426 2548 consilia
2457 2492 2846 2548 subministrat.
2891 2494 3068 2564 Atque
3121 2494 3242 2550 ideo
3289 2511 3421 2564 pru-

1835 2585 2030 2640 dentiac
2050 2585 2135 2638 vel
2163 2584 2481 2653 eloquentiae
2507 2592 2609 2638 tua:
2631 2583 2769 2637 fama
2793 2585 3422 2654 provocati,quzesturam

1839 2674 1953 2739 tibi,
1981 2673 2203 2741 gloriam
2233 2673 2554 2739 litterarum,
2585 2673 2860 2727 civilitatis
2890 2673 3165 2741 templum,
3198 2674 3418 2742 genitri-

1840 2779 1959 2820 cem
2011 2763 2246 2817 onmium
2298 2762 2638 2830 dignitatum,
2685 2762 3029 2816 continentia:
3069 2761 3424 2834 domicilium,

1841 2856 2098 2910 virtutum
2121 2854 2358 2908 omnium
2385 2853 2590 2918 sedem,
2622 2869 2718 2922 per
2747 2854 2890 2907 illam
2921 2853 3289 2920 indictionem,
3312 2854 3422 2914 Deo

1840 2953 2150 3015 praestante,
2175 2943 2534 3008 concedimus,
2553 2944 2708 2998 utsic
2736 2955 2862 3010 agas
2885 2942 3336 3011 quemadmodum
3366 2953 3422 2999 te

1841 3049 2026 3104 parem
2072 3033 2235 3088 rebus
2265 3032 2528 3100 praedictis
2575 3047 2695 3087 esse
2742 3031 3056 3087 contendas.
3088 3030 3170 3086 Ad
3198 3039 3250 3087 te
3277 3032 3424 3088 enim

1842 3120 2130 3196 provincia:
2156 3137 2251 3176 sua
2299 3130 2424 3176 vota
2466 3121 2865 3188 transmittunt;
2909 3137 2941 3176 a
2971 3129 3024 3178 te
3051 3132 3266 3177 senatus
3290 3123 3426 3192 juris

1842 3214 2036 3284 qmcrit
2064 3213 2355 3280 auxilium;
2388 3227 2417 3266 a
2450 3221 2501 3266 te
2521 3212 2664 3266 docti
2695 3212 2989 3282 probantur
3008 3221 3260 3282 expetere
3282 3209 3438 3282 quod

1845 3310 2144 3368 noverunt;
2168 3309 2222 3356 et
2250 3315 2472 3354 necesse
2495 3300 2588 3354 tibi
2618 3300 2960 3355 estomnibus
2977 3300 3248 3366 sufficere,
3264 3315 3429 3370 quan-

1849 3389 1936 3450 tos
1958 3409 1988 3447 a
2041 3392 2193 3446 nobis
2221 3391 2506 3459 contigerit
2537 3391 2712 3458 legum
2735 3391 2971 3445 remedia
2996 3392 3288 3460 postulare.
3319 3391 3426 3446 Sed

1842 3503 1965 3543 cum
1994 3486 2106 3539 hzec
2134 3485 2312 3539 omnia
2341 3483 2551 3545 feceris,
2607 3481 2768 3538 nullis
2813 3482 3136 3538 elationibus
3164 3480 3426 3548 eﬂ'eraris,

1841 3576 1985 3630 nulla
2014 3573 2307 3628 mordearis
2331 3571 2546 3636 invidia,
2575 3571 2764 3625 alienis
2785 3572 3176 3627 calamitatibus
3199 3587 3306 3627 non
3335 3572 3430 3627 la:-

1841 3665 2126 3734 teris,quia
2157 3661 2302 3732 quod
2326 3661 2570 3717 odiosum
2598 3668 2678 3715 est
2702 3661 2929 3732 principi
2957 3676 3065 3716 non
3085 3668 3265 3732 potest
3291 3677 3426 3716 con-

1847 3758 2034 3811 venire
2062 3754 2336 3825 qumstori.
2367 3752 2572 3808 Exerce
2599 3760 2920 3823 potestatem
2958 3753 3215 3823 principis
3242 3752 3428 3806 condi-

1849 3849 1997 3902 tione
2024 3845 2269 3915 subjecti.
2296 3843 2386 3899 Sic
2412 3859 2506 3898 ore
2527 3859 2655 3899 vero
2687 3843 2818 3916 [alii,
2849 3840 3056 3912 nostro]
3097 3841 3428 3911 glorificatus

1849 3940 2122 4007 eloquere,
2139 3945 2198 3990 ut
2221 3945 2273 3991 te
2302 3944 2480 3991 tamen
2505 3936 2767 3990 rationem
2784 3936 2973 3990 credas
2989 3934 3142 3988 nobis
3162 3932 3428 4002 iudicibus

1851 4028 2200 4093 redditurum,
2228 4026 2316 4080 ubi
2346 4036 2438 4080 aut
2466 4025 2744 4096 culpabilis
2771 4024 3192 4080 vicissitudinem
3219 4022 3427 4092 recipit,

1853 4127 1945 4174 aut
1971 4118 2101 4174 boni
2126 4117 2386 4187 propositi
2408 4116 2631 4185 gloriam
2662 4115 2906 4170 laudatus
2927 4113 3177 4182 acquirit.

2273 4246 2412 4308 cuius
2433 4245 2659 4308 dignatur
2682 4231 2849 4295 sifore

1938 4307 2169 4418 gﬁﬁgtin
2190 4307 2312 4355 orbe
2337 4307 2490 4370 loqui,
2515 4307 2632 4358 licet
2657 4317 2707 4358 et
2727 4314 2972 4370 quaestore
2989 4307 3177 4358 diserto
3212 4325 3220 4334 -

180 4457 324 4520 ricm.
349 4465 580 4522 Notatur
604 4467 865 4520 Antonius
891 4481 920 4519 a
945 4466 1112 4520 Dione
1146 4457 1238 4519 Ῑιι).
1267 4481 1298 4518 r.
1324 4482 1336 4517 :
1369 4467 1540 4521 ἐσθῆτι
1570 4465 1621 4515 ἐκ
1644 4470 1737 4516 τῶν

1918 4459 2176 4527 Ulpianus
2225 4457 2434 4528 etiam,‘
2458 4457 2522 4528 in,
2551 4457 2588 4510 l.
2623 4458 2675 4522 1,
2721 4457 2798 4511 De
2827 4458 2916 4526 oﬁ‘.
2960 4466 3226 4528 quamam,
3264 4458 3430 4514 refert

179 4541 398 4613 τζατρὶων
429 4537 663 4659 ἕῦρητρ;
696 4535 1071 4616 Tertullianus,
1122 4534 1188 4615 de
1240 4535 1438 4616 Pallio;
1485 4532 1741 4596 Salvian.,

181 4602 266 4659 ιιι).
297 4622 346 4659 rv
366 4609 434 4659 de
510 4607 835 4659 rovrdentra:
863 4604 1140 4659 Claudian.
1171 4619 1225 4658 ιιι
1266 4603 1518 4657 Rufinum
1551 4619 1565 4656 :

181 4602 346 4660 iib.'rv
366 4609 434 4663 de
466 4602 835 4671 Providentia;
863 4604 1140 4660 Claudian.
1171 4605 1225 4658 in
1266 4603 1518 4657 Rufinum
1551 4619 1565 4656 :

270 4717 547 4768 Barbariem
569 4724 782 4767 revocat.

270 4777 369 4842 ijiee
392 4780 542 4842 pudet
562 4778 803 4842 Ausonios
823 4789 993 4826 currus
1023 4788 1074 4825 et
1093 4776 1199 4835 jura
1225 4782 1484 4842 regentem

271 4839 480 4889 Sumere
503 4840 748 4888 deformes
770 4842 889 4887 ritus
913 4845 1199 4899 vestemque
1225 4839 1477 4897 (letarum,

274 4898 621 4964 Insignemque
644 4901 859 4948 habitum
881 4899 1003 4948 Latii
1027 4898 1216 4948 mutare
1242 4909 1487 4960 togaeque.

189 4999 327 5071 Toga
347 5005 752 5070 advocatorum,
782 5005 819 5059 ι.
852 5005 905 5073 5,
925 5003 984 5059 C.
1021 5004 1094 5060 De
1131 5006 1310 5060 advoc.
1342 5005 1527 5059 divers.
1553 5003 1720 5074 judic.

231 5141 284 5221 ,ιι
314 5143 646 5221 Praefectura;
675 5149 888 5221 urbanae
929 5147 1289 5221 familia,_qua:
1319 5148 1642 5221 hic_dicitr_rr,
1670 5145 1762 5201 Ul-

193 5216 346 5279 piano
365 5226 490 5272 sunt
516 5218 835 5286 stationarii,
859 5218 892 5271 ι.
922 5218 973 5281 l,
998 5217 1075 5271 De
1103 5219 1194 5287 off.
1225 5221 1374 5289 praef.
1399 5217 1523 5272 Urb.
1555 5216 1723 5271 Foruv.

267 5363 288 5391 ε
312 5353 390 5410 Ad
411 5357 694 5426 quaestoris
722 5358 953 5426 cilicium
977 5359 1207 5426 pertinet
1229 5359 1504 5412 orationes
1530 5357 1762 5426 impera-

200 5426 388 5494 torum.
434 5425 496 5481 et
521 5425 962 5482 antera‘senatui
982 5425 1118 5481 nota
1147 5427 1341 5490 facere,
1371 5430 1512 5494 quod
1552 5425 1762 5480 censtat

202 5504 264 5544 ex
283 5491 538 5567 Suetonio
566 5497 618 5551 in
637 5495 882 5567 August,
906 5512 1024 5567 cap.
1042 5495 1109 5549 65
1133 5513 1147 5561 ;
1173 5497 1224 5549 in
1249 5491 1480 5567 Nerone,
1505 5511 1620 5563 cap.
1659 5495 1759 5560 l5;

205 5569 258 5647 et
285 5561 334 5642 in
359 5563 498 5646 Tito,
530 5582 646 5647 cap.
681 5561 747 5647 (51;:
775 5564 919 5647 Αῖιιρ
947 5561 1312 5647 δ’ἓειιηηιιιιοθξη
1363 5561 1728 5647 Αὰηιιιιὸηειίιι
1747 5595 1762 5606 ο

210 5631 297 5703 tim
325 5631 372 5685 in
401 5631 687 5703 principio;
710 5636 959 5690 Cornelio
987 5631 1192 5697 TacTto,
1225 5634 1320 5688 lib.
1353 5650 1438 5688 xvr
1459 5652 1473 5700 ;
1497 5635 1638 5702 quod
1667 5635 1764 5689 de-

198 5711 407 5784 fignare
432 5704 592 5759 voluit
615 5705 860 5761 Sidonius
891 5705 1210 5776 Apollinaris
1235 5705 1286 5758 in
1305 5705 1624 5784 panegyrico
1653 5703 1768 5760 Ma—

208 5779 307 5834 jor.
343 5787 356 5822 :
1366 5785 1372 5790 ·
1515 5781 1527 5785 ”

1849 4525 2160 4598 candidatos
2201 4528 2328 4580 solis
2356 4525 2659 4596 principum
2701 4528 2848 4582 libris
2874 4525 2928 4582 in
2963 4525 3155 4583 senatu
3193 4528 3430 4598 legendis

1855 4613 2088 4655 vacasse.
2117 4596 2301 4650 Bnoss.

1926 4667 1954 4706 ἀ
1985 4667 2243 4734 Quaestor
2269 4665 2406 4720 sacri
2443 4665 2632 4737 palatii
2659 4666 3008 4737 petitionibus
3035 4665 3424 4737 subscribebat,

1855 4739 1944 4794 vel
1971 4740 2132 4792 etiam
2154 4751 2410 4805 responsa
2437 4735 2725 4802 reddebat;
2777 4745 2830 4789 et
2878 4745 2938 4790 ut
2980 4735 3082 4805 hoc
3130 4735 3249 4791 loco
3271 4752 3432 4792 onme

1858 4809 1974 4876 eju
1995 4805 2228 4861 oﬂicium
2245 4803 2438 4875 'pancis
2460 4820 2744 4873 exsequar,
2783 4806 2928 4874 leges
2956 4803 3190 4860 dictabat
3218 4819 3432 4876 preces-

1860 4874 1967 4946 que
1996 4891 2059 4931 ac
2082 4874 2340 4946 responsa
2364 4877 2703 4946 subnotaﬁbat,
2755 4883 3068 4946 ut_constat
3111 4889 3175 4946 ex
3229 4874 3431 4946 ljotitia

1867 4942 2091 5001 Romani
2115 4942 2318 5014 imperii
2348 4951 2404 4998 et
2429 4961 2550 4999 nov.
2585 4944 2653 4999 55
2675 4953 2728 5000 et
2751 4943 2871 5006 1M,
2902 4945 2937 5014 l.
2972 4944 3091 5009 ult.,
3117 4943 3179 4998 C.
3217 4942 3303 5014 De
3351 4944 3434 4996 di-

1863 5033 1992 5070 rers.
2024 5013 2559 5086 rescr.A'S)'rnm-achus
2586 5014 2654 5086 ad
2707 5017 2862 5086 100
2911 5013 3111 5086 Auson.
3146 5031 3159 5065 :
3191 5013 3434 5077 Qumstor

1864 5101 1943 5147 es,
1974 5084 2221 5154 memini;
2252 5082 2461 5154 consilii
2483 5083 2674 5152 regalis
2697 5082 2985 5154 p‘aﬂiceps,
3014 5082 3127 5154 scio
3147 5099 3162 5146 ;
3183 5095 3434 5154 _precrgn

1864 5155 2081 5217 arbiter,
2112 5153 2284 5220 legum
2307 5148 2574 5217 conditor,
2597 5148 2952 5222 recognosco;
2981 5150 3159 5206 etalio
3183 5148 3304 5222 loco
3324 5167 3336 5202 :
3356 5148 3436 5204 Te

1865 5224 2033 5291 magis
2062 5230 2340 5290 quazsturaz
2369 5222 2561 5286 honos,
2593 5230 2649 5278 et
2673 5220 3436 5291 condendarumsanctionum

1865 5287 1992 5348 usus
2019 5287 2277 5346 exercuit.
2309 5293 2534 5359 Procop.
2575 5291 2666 5345 lib.
2697 5309 2716 5346 1
2743 5291 2808 5347 de
2860 5289 3007 5344 Bello
3059 5288 3270 5344 Persico
3301 5306 3313 5340 :
3341 5287 3436 5359 His

1867 5363 1934 5416 de
1959 5361 2132 5416 causis
2146 5360 2363 5428 justitiae
2391 5370 2445 5415 et
2474 5358 2648 5428 legum
2678 5371 2859 5416 custos
2886 5359 3205 5426 appellatur,
3236 5363 3292 5411 et
3320 5358 3437 5410 the«

1866 5445 2055 5484 saurus
2077 5430 2228 5483 fama:
2255 5431 2498 5498 publica),
2525 5439 2580 5483 et
2607 5431 2892 5484 armarium
2919 5429 3113 5498 legum,
3145 5435 3204 5483 ut
3225 5428 3278 5484 in
3308 5441 3436 5480 nov.

1867 5501 2080 5554 Valent.
2110 5499 2185 5552 De
2205 5497 2388 5554 homic.
2412 5517 2517 5553 cas.
2536 5501 2660 5569 fact.
2685 5499 2920 5564 Denique
2936 5499 2986 5569 is
3008 5497 3166 5565 plane
3193 5503 3274 5569 est
3300 5509 3440 5564 quae.

1869 5579 1984 5625 stor
2012 5585 2169 5637 quem
2192 5570 2244 5622 in
2266 5571 2384 5622 aula
2407 5564 2782 5623 canc'eliarium
2815 5564 3161 5637 appellamus.
3189 5564 3440 5637 Adquze-

1871 5635 2070 5694 storem
2101 5640 2261 5692 etiam
2285 5639 2618 5708 pertinebant
2648 5635 3001 5708 memoriales,
3027 5635 3138 5708 hoc
3166 5642 3248 5689 est
3271 5635 3436 5708 leges,

1871 5717 1928 5762 et
1949 5709 2202 5776 rescripta
2230 5704 2568 5776 excipiebant
2596 5714 2651 5776 et
2689 5705 2997 5776 impl_ebant,
3025 5705 3076 5759 id
3104 5713 3185 5760 est
3206 5704 3440 5774 perscri-

1873 5778 2074 5835 bebant
2100 5772 2193 5833 aut
2215 5772 2470 5849 perscribi
2496 5774 2772 5830 curabant.
2808 5772 2988 5828 Bnoss.
