3958 6454
766 373 850 430 Vl.
884 390 1126 431 nonnum
1156 391 1487 434 MAGISTEBI£
1530 394 1853 435 DIGNITATIS.

593 488 966 544 Reverendum
992 488 1257 546 honorem
1283 491 1447 547 sumit
1474 492 1717 562 quisquis
1739 491 1981 561 magistri
2020 509 2113 549 no-

520 596 641 636 men
665 580 957 651 acceperit,
972 581 1097 649 quia
1129 582 1234 639 hoc
1254 583 1575 639 vocabulum
1597 598 1811 653 semper
1831 583 1897 638 de
1919 585 2113 654 peritia

520 672 686 736 venit,
716 680 771 726 et
799 672 854 725 in
881 671 1105 726 nomine
1131 674 1477 742 cognoscitur
1505 675 1632 744 quid
1679 675 1750 729 sit
1777 674 1845 729 de
1874 676 2113 729 moribus

518 765 912 821 aestimandum.
934 766 1028 822 ,Ad
1052 782 1176 823 eum
1198 769 1453 824 nimirum
1483 770 1667 840 palatii
1698 771 1929 841 pertinet
1956 770 2115 824 disci-

520 856 698 927 plina;
731 858 845 927 ipse
866 857 1212 913 insolentium
1250 860 1554 916 scholarum
1590 871 1615 899 ι
1640 878 1817 917 mores
1845 862 2114 931 procello-

522 964 613 1003 sos
659 948 1052 1005 moderationis
1080 965 1191 1005 sua:
1222 951 1462 1005 terminis
1491 967 1747 1022 prospere
1794 952 2113 1007 dissere‘nat.

522 1039 656 1095 Tam
669 1040 821 1095 multi
840 1040 1062 1097 ordines
1083 1041 1200 1097 sine
1224 1040 1541 1098 confusione
1571 1044 1747 1112 aliqua
1778 1058 2106 1112 componun-

524 1143 640 1198 tur;
667 1142 721 1189 et
747 1134 863 1204 ipse
888 1135 1119 1190 sustinet
1146 1151 1283 1190 onus
1309 1136 1569 1203 omnium,
1595 1135 1742 1205 quod
1774 1135 1937 1189 habet
1963 1135 2113 1188 turba

526 1223 835 1278 discretum.
865 1223 955 1279 Sic
976 1224 1207 1279 nominis
1224 1224 1305 1279 sui
1326 1226 1587 1293 gravitate
1613 1224 1943 1295 perfunctus,
1962 1231 2120 1278 ornat

527 1317 734 1373 actibus
754 1318 1135 1389 principatum.
1162 1318 1265 1375 Per
1284 1335 1406 1375 eum
1427 1330 1647 1376 senator
1677 1321 1896 1375 veniens
1924 1319 2122 1375 nostris

527 1420 882 1480 praesentatur
908 1413 1217 1481 obtutibus;
1243 1414 1499 1471 admonet
1533 1416 1822 1487 trepidum,
1845 1414 2123 1485 componit

528 1503 862 1574 loquentem,
883 1519 977 1560 sua
998 1507 1293 1575 quinetiam
1308 1508 1477 1563 verba
1507 1508 1649 1562 solet
1670 1508 1929 1572 inserere,
1944 1515 2002 1561 ut
2023 1521 2122 1560 nos

528 1593 786 1650 decenter
810 1596 990 1651 omnia
1010 1596 1303 1653 debeamus
1325 1599 1530 1653 audire.
1548 1598 1809 1669 Aspectus
1839 1599 1952 1666 regi
1979 1597 2121 1652 haud

530 1683 727 1751 irritus,
760 1686 1058 1755 promissor
1084 1688 1463 1744 collocutionis
1493 1697 1710 1758 nostrm,
1741 1689 2007 1759 gloriosus
2032 1688 2124 1743 do-

528 1783 687 1831 nator
712 1776 869 1832 anlici
900 1778 1231 1845 consistorii,
1260 1780 1414 1848 quasi
1468 1780 1687 1849 quidam
1740 1779 1957 1846 lucifer;
1992 1795 2118 1833 nam

528 1867 668 1923 sicut
688 1867 779 1923 ille
801 1875 1085 1925 venturum
1108 1870 1251 1925 diem
1279 1872 1567 1941 promittit,
1584 1873 1660 1927 sic
1690 1874 1792 1928 iste
1815 1872 2127 1928 desideran-

531 1959 677 2015 tibus
718 1959 898 2016 vultus
951 1969 1149 2016 nostra:
1197 1963 1505 2018 serenitatis
1530 1964 1795 2018 attribuit.
1828 1962 2125 2018 Causarum

531 2058 794 2119 praeterea
844 2052 1140 2107 maximum
1195 2052 1409 2122 pondus
1437 2052 1488 2107 in
1531 2052 1648 2123 ejus
1676 2053 2126 2124 audientim[Ac.,

533 2141 791 2212 audaciae]
804 2139 1011 2199 r'flnibus
1031 2142 1235 2213 optima
1255 2144 1548 2199 securitate
1569 2144 1901 2214 reponimus,
1933 2153 1989 2197 ut
2012 2143 2127 2211 ejus

533 2234 679 2287 curis
702 2232 945 2288 fidelibus
970 2234 1257 2300 sublevati,
1290 2234 1613 2289 utilitatibus
1636 2236 1865 2305 publicis
1895 2235 2128 2289 vivacius

533 2338 881 2393 occupemur.
910 2325 934 2362 δ
966 2325 1299 2380 Veredorum
1325 2327 1618 2397 quinetiam
1646 2335 2006 2398 opportunam
2039 2343 2131 2383 ve—

536 2413 833 2479 locitatem,
874 2430 1103 2484 quorum
1132 2424 1305 2471 status
1341 2432 1556 2487 semper
1596 2418 1648 2472 in
1680 2434 1841 2473 cursu
1873 2428 1973 2483 est,
2005 2420 2127 2473 dili-

534 2507 729 2576 gentize
750 2522 859 2562 sua":
888 2508 1225 2563 districtione
1253 2509 1506 2575 custodit,
1534 2518 1593 2564 ut
1617 2510 2009 2565 sollicitudines
2039 2526 2130 2565 no-

536 2606 695 2663 stras,
721 2612 856 2665 quas
884 2598 1113 2653 consilio
1128 2598 1299 2667 juvat,
1331 2598 1597 2655 beneflcio
1627 2599 1921 2657 celeritatis
1962 2614 2129 2671 expe-

535 2688 666 2741 diat.
700 2688 801 2744 Per
828 2704 951 2744 eum
978 2690 1177 2744 exteris
1198 2690 1445 2758 gentibus
1474 2690 1541 2745 ad
1564 2690 1776 2745 laudem
1797 2690 2004 2761 reipub.
2033 2706 2130 2745 no-

536 2787 663 2833 strae
694 2777 861 2852 [Cor.,
914 2777 1092 2847 Gam.,
1127 2779 1331 2852 nostra]
1363 2779 1644 2835 ordinatur
1694 2781 2031 2847 humanitas;
2075 2788 2130 2835 et

535 2870 783 2926 nolentes
809 2870 1056 2936 redeunt,
1086 2888 1224 2942 quos
1244 2884 1517 2928 merentes
1548 2874 1841 2944 exceperit.
1874 2873 1977 2927 Per
2004 2888 2129 2949 eum

533 2960 733 3029 quippe
760 2960 916 3016 nobis
944 2961 1262 3030 legatorum,
1292 2961 1539 3032 quamvis
1563 2962 1951 3025 festinantium,
1993 2952 2129 3031 pra:-

536 3054 814 3108 nuntiatur
836 3054 1098 3111 adventus
1132 3075 1144 3107 :
1178 3071 1274 3125 per
1299 3070 1421 3110 eum
1454 3053 1688 3110 nominis
1710 3053 1847 3125 [Jun
1879 3055 2000 3126 tegit
2030 3070 2129 3109 nu-

534 3144 713 3215 minis]
743 3146 912 3200 nostri
941 3145 1243 3201 destinatur
1272 3146 1520 3209 evectio;
1553 3153 1609 3200 et
1637 3146 1725 3200 isti
1763 3146 2133 3216 principaliter

535 3236 792 3302 creditur,
837 3227 990 3305 quod
1039 3246 1148 3292 tam
1197 3239 1561 3293 necessarium
1608 3253 1727 3293 esse
1756 3238 2004 3292 sentitur.
2039 3237 2133 3293 llis

537 3324 700 3379 etiam
723 3324 1001 3381 laboribus
1020 3328 1297 3383 :estimatis
1323 3336 1649 3399 potestatem
1691 3328 1981 3383 maximam
2005 3329 2132 3385 huic

538 3416 779 3473 decrevit
807 3419 1114 3487 antiquitas,
1141 3429 1197 3474 ut
1235 3436 1395 3475 nemo
1417 3421 1653 3490 judicum
1685 3437 1782 3491 per
1826 3424 2132 3491 provincias

540 3506 715 3563 fasces
769 3519 1090 3575 assumeret,
1123 3512 1221 3565 nisi
1260 3513 1369 3567 hoc
1398 3521 1452 3567 et
1502 3513 1614 3582 ipse
1639 3511 1753 3567 fieri
1783 3513 2128 3569 decrevisset.

540 3596 788 3652 Subdidit
816 3598 935 3667 ejus
956 3600 1177 3656 arbitrio
1198 3600 1371 3656 aliena
1393 3602 1615 3673 judicia,
1649 3611 1706 3658 ut
1734 3603 1800 3657 ad
1830 3604 2003 3674 ipsum
2041 3620 2130 3661 re-

541 3688 677 3743 diret
692 3690 836 3758 quod
861 3691 997 3745 alter
1016 3692 1160 3746 visus
1177 3701 1259 3747 est
1273 3693 1603 3762 prmstitisse.
1623 3693 1896 3749 Molestias
1916 3695 2130 3763 quidem

544 3794 649 3833 non
680 3780 844 3835 habet
876 3782 1147 3851 exigenda:
1199 3784 1462 3853 pecuniae,
1495 3784 1590 3839 sed
1619 3794 1806 3855 aperte
1833 3786 1980 3839 bono
2012 3786 2133 3839 frui-

541 3879 629 3925 tur
655 3863 942 3941 potestatis
964 3874 1167 3943 adeptzr
1191 3873 1362 3947 [GruL
1395 3884 1441 3929 et
1472 3875 1612 3947 Cuj.,
1638 3876 1945 3949 indemplai]
1977 3895 1989 3929 :
2022 3892 2135 3932 cre-

540 3962 632 4025 do,
658 3972 715 4015 ut
742 3978 808 4018 ex
838 3964 1065 4020 diversis
1088 3964 1255 4020 titulis
1277 3964 1632 4021 deﬂoraretur
1660 3968 1893 4036 dignitas
1946 3968 2012 4027 ad
2064 3968 2132 4023 le-

540 4068 733 4107 vamen
761 4054 1018 4125 principis
1044 4055 1725 4128 instituta.Per:nquatores
1746 4059 1906 4112 etiam
1934 4060 2133 4113 victua-

538 4144 669 4198 lium
700 4161 881 4201 rerum
912 4146 967 4202 in
996 4148 1130 4203 urbe
1159 4151 1303 4217 regia
1354 4149 1571 4218 propria
1603 4150 1881 4205 voluntate
1936 4151 2133 4207 consti-

539 4236 658 4298 tuit,
692 4244 751 4291 et
780 4246 885 4291 tam
910 4234 1230 4295 necessaria:
1259 4241 1336 4295 rei
1352 4239 1589 4309 judicem
1632 4241 1780 4296 facit.
1812 4240 1933 4312 Ipse
1986 4243 2129 4296 enim

537 4325 789 4393 gaudium
842 4329 1073 4399 populis,
1117 4330 1230 4400 ipse
1269 4332 1466 4387 nostris
1516 4334 1853 4403 temporibus
1910 4342 2132 4402 praestat

540 4427 812 4482 ornatum,
844 4422 1061 4490 quando
1092 4423 1225 4478 tales
1255 4424 1399 4479 viros
1427 4425 1599 4494 copiae
1629 4425 1855 4495 publicae
1884 4425 2129 4494 praeﬁcit,

540 4515 601 4559 ιιι
622 4506 773 4575 plebs
802 4512 1023 4578 querula
1064 4512 1379 4567 seditionem
1412 4515 1615 4569 nesciat
1662 4515 1865 4569 habere
1911 4516 2125 4571 satiata.

540 4592 785 4650 Oflicium
813 4613 942 4655 vero
967 4599 1082 4669 ejus
1104 4609 1251 4655 tanta
1278 4605 1419 4672 genii
1443 4607 1793 4675 praerogativa
1819 4606 2125 4675 decoratur,

542 4696 600 4740 ut
649 4686 852 4742 militia:
905 4691 1216 4759 perfunctus
1261 4696 1591 4762 muneribus,
1637 4705 1860 4753 ornetur
1914 4701 2131 4756 nomine

541 4776 892 4846 principatus,
925 4779 1170 4848 miroque
1197 4783 1358 4838 modo
1388 4783 1528 4838 inter
1554 4787 1905 4853 praetorianas
1932 4787 2129 4847 collir-

540 4878 623 4923 tes
648 4876 703 4924 et
732 4870 949 4924 urbana:
977 4870 1305 4939 prmfecturae
1334 4874 1529 4928 milites
1552 4875 1833 4931 videantur
1860 4878 2130 4934 invenisse

538 4959 850 5029 primatum,
864 4975 893 5013 a
911 4960 1105 5029 quibus
1128 4962 1221 5016 tibi
1244 4963 1443 5019 humile
1463 4964 1771 5020 solvebatur
1787 4967 2127 5036 obsequium.

540 5049 629 5105 Sic
650 5051 702 5105 in
722 5050 907 5107 favore
936 5052 1114 5120 magni
1140 5053 1360 5110 honoris
1391 5054 1646 5124 injustitia
1674 5059 1918 5127 quaedam
1948 5075 1976 5112 a
2005 5059 2131 5128 legi-

538 5139 638 5194 bus
659 5141 823 5209 venit,
854 5142 980 5196 dum
1014 5141 1201 5197 alienis
1230 5145 1468 5201 excubiis
1507 5148 1855 5218 praeponitur,
1883 5149 1974 5219 qui
2004 5150 2128 5206 alibi

539 5230 797 5288 militasse
832 5231 1157 5289 declaratur.
1182 5235 1409 5305 Adjutor
1448 5239 1610 5294 etiam
1664 5240 1903 5308 magistri
1931 5243 2128 5297 nostris

540 5332 800 5389 prtesenta
810 5330 897 5376 tur
918 5322 1213 5390 obtutibus,
1230 5335 1290 5381 ut
1311 5327 1506 5383 vicaria
1530 5339 1675 5385 sorte
1696 5329 1939 5386 beneficii
1964 5332 2129 5401 eliga-

614 5486 639 5515 ⁸
661 5477 799 5537 Vide
819 5480 966 5549 leges
994 5482 1092 5539 sub
1115 5484 1269 5540 titulo
1285 5485 1364 5541 De
1388 5489 1670 5560 privilegiis
1697 5489 2012 5544 scholarum.
2035 5488 2127 5544 JU~

541 5563 732 5604 uerus.

546 5694 559 5700 Δ
612 5617 983 5700 ιζΕνθιξιίοιιθξ
1010 5624 1244 5700 dantura
1264 5626 1528 5700 principe,
1541 5629 1625 5682 vel
1648 5644 1677 5681 a
1708 5628 1958 5700 prmfecto
1987 5647 2125 5700 pra:-

542 5691 706 5750 torio,
730 5691 815 5770 vel
839 5694 1097 5770 magistro
1121 5691 1418 5770 officiorum
1439 5691 1534 5749 {ad
1557 5712 1649 5752 eos
1671 5691 1903 5770 refertur
1922 5703 1965 5755 si
1988 5691 2122 5770 quid

541 5770 721 5811 unnus
749 5760 985 5828 legitime
1032 5764 1085 5817 in
1137 5766 1446 5834 usurpando
1489 5783 1648 5824 cursu
1679 5769 1896 5840 publico
1926 5760 2120 5828 factum

1768 265 1836 322 M.
1884 264 2159 323 AURELII
2197 267 2595 329 CASSIODORI

3716 266 3850 331 ‘63!

2134 389 2183 449 Α
2211 401 2329 441 mus
2358 387 2475 455 ejus
2504 387 2807 459 prtesidium
2830 387 2919 459 qui
2934 387 3089 444 nobis
3108 394 3328 459 praestat
3354 386 3515 475 fidele
3535 388 3845 445 solatium.

2214 477 2365 535 Hanc
2391 480 2552 549 igitur
2576 480 2909 550 dignitatem,
2943 489 3025 535 tot
3046 480 3212 535 titulis
3232 481 3455 546 claram,
3479 488 3569 534 tot
3594 476 3851 549 insigni-

2214 571 2314 627 bus
2343 573 2675 642 opulentam,
2708 588 2803 644 per
2830 572 3178 627 indictionem
3208 572 3375 640 illam,
3407 571 3845 639 gubernandam

2214 662 2330 727 tibi,
2361 678 2595 731 congrua
2617 664 2897 731 gravitate,
2921 663 3326 727 committimus,
3371 670 3434 716 ut
3466 662 3665 717 omnia
3720 676 3843 729 qui

2215 752 2462 819 gesseris,
2494 753 2749 821 magister
2777 751 2969 805 fecisse
2997 750 3233 805 videaris
3266 768 3278 802 :
3312 750 3440 819 quia
3486 749 3625 803 nihil
3660 748 3843 802 mori-

2215 842 2316 897 bus
2344 844 2614 897 residuum
2644 844 2986 913 relinquitur,
3014 843 3060 897 si
3084 843 3249 913 (quod
3278 841 3442 913 absit)
3464 858 3495 895 a
3525 850 3688 895 tanta
3724 858 3841 895 ma-

2219 933 2437 987 turitate
2460 942 2733 1002 peccetur.

2319 1044 2423 1098 νη.
2457 1060 2701 1100 mnuum
2731 1062 2998 1101 conmvaa
3027 1059 3300 1101 sxcnanuu
3324 1060 3734 1101 unctrtoxcx.

2289 1136 2451 1191 Grata
2477 1147 2601 1192 sunt
2623 1139 2843 1192 omnino
2874 1140 3091 1193 nomina
3117 1154 3238 1208 qum
3260 1138 3551 1207 designant
3574 1139 3837 1207 protinus

2221 1227 2460 1282 actiones
2481 1270 2495 1295 ,
2526 1229 2742 1296 quando
2775 1236 2888 1283 tota
2926 1228 3243 1298 ambiguitas
3291 1229 3551 1283 audiendi
3596 1230 3833 1291 tollitur,

2221 1316 2311 1369 ubi
2340 1317 2393 1370 in
2426 1317 2686 1371 vocabulo
2709 1318 3048 1372 concluditur
3076 1316 3203 1387 quid
3219 1327 3458 1387 geratur.
3483 1320 3664 1373 Donis
3687 1321 3835 1373 enim

2222 1408 2511 1476 praesidere
2540 1408 2808 1477 regalibus
2824 1407 3133 1464 comitivam
3162 1425 3442 1464 sacrarum
3472 1409 3831 1478 largitionum

2224 1498 2417 1553 indicia
2447 1514 2626 1553 rerum
2680 1500 2845 1554 verba
2873 1507 3159 1554 testantur.
3200 1500 3353 1566 Quod
3381 1515 3515 1555 vere
3543 1499 3830 1562 decorum,

2223 1604 2350 1643 vere
2364 1588 2459 1643 fuit
2481 1589 2807 1644 omnimodis
2828 1591 3175 1660 exquisitum,
3194 1592 3245 1644 in
3270 1591 3541 1645 donorum
3566 1591 3831 1659 regalium

2224 1687 2377 1750 parte
2402 1687 2793 1749 sequestratam
2828 1678 3004 1735 lacere
3032 1680 3368 1747 dignitatem,
3388 1687 3446 1734 et
3469 1680 3711 1734 alterius
3738 1681 3831 1733 bo-

2146 1761 2197 1820 Β
2225 1788 2411 1827 norem
2440 1771 2639 1836 dicere,
2672 1771 2797 1825 dum
2827 1786 2927 1827 nos
2954 1780 3165 1826 constet
3187 1772 3327 1825 dona
3350 1771 3630 1827 conferre.
3663 1773 3830 1827 Actus

2224 1862 2507 1927 innocens,
2555 1862 2774 1932 pietatis
2826 1861 3083 1927 oflicium,
3129 1862 3259 1917 illud
3304 1879 3524 1933 semper
3558 1863 3826 1932 ingerere,

2227 1954 2369 2009 unde
2393 1969 2451 2009 se
2482 1954 2618 2008 fama
2644 1954 2903 2024 principis
2932 1956 3103 2024 possit
3133 1970 3351 2023 augere.
3383 1955 3689 2024 Regalibus
3718 1973 3828 2009 ma-

2227 2058 2329 2112 gna
2370 2044 2614 2115 profecto
2672 2044 2898 2100 felicitas
2954 2046 3186 2100 militare
3213 2046 3389 2112 donis,
3421 2056 3479 2101 et
3505 2047 3825 2115 dignitatem

2227 2136 2428 2190 habere
2452 2136 2519 2189 de
2545 2136 2755 2205 publica
2785 2136 3051 2205 largitate.
3071 2135 3172 2189 Alii
3199 2136 3410 2205 judices
3442 2137 3825 2206 obtemperant

2227 2231 2458 2285 residuis
2482 2232 2768 2287 virtutibus
2798 2232 3135 2299 regnatoris;
3166 2232 3281 2287 hmc
3309 2232 3426 2287 sola
3455 2242 3539 2288 est
3566 2248 3690 2301 qua:
3717 2242 3822 2287 tan-

2230 2321 2509 2377 tummodo
2538 2323 2735 2377 serviat
2778 2323 2844 2377 ad
2874 2330 3148 2377 momenta
3196 2322 3437 2392 pietatis.
3483 2322 3637 2376 Nihil
3690 2324 3822 2377 enim

2229 2427 2328 2482 per
2346 2412 2517 2483 ipsam
2548 2413 2851 2468 districtum
2899 2414 3121 2482 geritur,
3154 2413 3227 2467 nil
3256 2430 3506 2469 severum
3533 2414 3680 2469 forte
3706 2430 3821 2469 cen-

2229 2514 2411 2569 setur;
2440 2504 2534 2559 sed
2566 2512 2692 2558 tunc
2722 2502 3054 2573 obsequitur,
3108 2505 3321 2575 quando
3370 2522 3471 2574 pro
3501 2506 3665 2560 nobis
3705 2516 3833 2579 vota

2229 2591 2543 2647 funduntur.
2572 2592 2886 2664 Supplicum
2918 2609 3012 2664 per
3040 2602 3093 2648 te
3123 2594 3365 2649 fortunas
3406 2595 3692 2663 erigimus,
3725 2598 3818 2650 cal.

2228 2681 2495 2738 Januariis
2520 2683 2721 2737 ailatim
2767 2684 2907 2738 dona
2957 2685 3229 2753 largimur,
3264 2694 3317 2740 et
3370 2685 3556 2739 lcetitia
3610 2686 3816 2756 publica

2231 2775 2420 2829 militia
2453 2783 2543 2829 tua
2594 2784 2694 2829 est.
2740 2774 2939 2829 Verum
2973 2774 3113 2831 hanc
3158 2776 3537 2832 liberalitatem
3593 2788 3814 2831 nostram

2231 2866 2338 2920 alio
2360 2867 2586 2921 decoras
2614 2866 2895 2935 obsequio,
2931 2875 2991 2921 ut
3020 2865 3187 2933 ﬁgura
3216 2868 3395 2923 vultus
3432 2870 3608 2924 nostri
3638 2869 3812 2925 metal-

2231 2960 2297 3014 lis
2324 2959 2964 3028 usualibusimprimatur,
2979 2969 3360 3030 monetamque
3384 2960 3518 3016 facis
3540 2962 3615 3017 de
3633 2966 3813 3018 nostris

2234 3052 2567 3121 temporibus
2599 3052 2775 3105 futura
2805 3052 2997 3107 secula
3027 3068 3394 3109 commnnere.
3435 3054 3483 3109 Ο
3510 3069 3701 3125 magna
3741 3056 3809 3110 in-

2159 3133 2202 3193 C
2235 3152 2395 3198 venta
2424 3143 2777 3211 prudentum!
2807 3158 2839 3198 o
2867 3142 3154 3197 laudabilia
3179 3145 3421 3201 instituta
3444 3146 3736 3215 majorum!
3762 3156 3809 3201 ut

2231 3242 2287 3288 et
2317 3234 2493 3301 imago
2520 3235 2819 3304 principum
2853 3234 3128 3304 subjelnos
3152 3236 3426 3292 videretur
3468 3254 3689 3309 pascere
3723 3254 3807 3309 per

2236 3310 2641 3391 commercium,
2673 3340 2901 3394 quorum
2932 3326 3155 3381 consilia
3204 3328 3481 3397 invigilare
3509 3346 3617 3385 non
3672 3330 3806 3386 desi-

2231 3423 2365 3470 nunt
2391 3430 2489 3485 pro
2518 3416 2689 3469 salute
2717 3425 3053 3470 cunctorum.
3086 3417 3195 3472 Sed
3217 3418 3365 3484 huic,
3397 3428 3452 3473 ut
3472 3420 3538 3473 ita
3558 3420 3806 3483 dixerim,

2231 3507 2550 3561 munerarize
2571 3506 2833 3575 dignitati,
2858 3523 3159 3577 praeconem
3190 3510 3453 3579 largitatis
3481 3519 3692 3576 nostrae,
3715 3527 3805 3581 pu-

2232 3596 2383 3652 blica:
2412 3597 2678 3652 felicitatis
2724 3597 2997 3662 indicium,
3024 3600 3198 3655 locum
3236 3616 3453 3671 quoque
3481 3604 3804 3673 primiceria-

2234 3696 2319 3743 tus
2341 3688 2695 3759 adjnngimus,
2727 3697 2783 3743 ut
2804 3704 2905 3760 per
2932 3697 2985 3745 te
3011 3690 3199 3746 demus
3232 3692 3487 3759 honores,
3537 3710 3633 3764 per
3659 3709 3803 3764 quem

2234 3787 2287 3833 et
2317 3786 2511 3833 nostra:
2558 3779 2797 3847 pecunia:
2864 3780 3189 3837 conterimus
3238 3782 3536 3852 largitates.
3582 3784 3801 3851 Merito,

2233 3871 2445 3938 quando
2466 3878 2526 3926 et
2554 3870 2713 3925 simili
2741 3871 2913 3940 gratia
2936 3879 3162 3941 utraque
3190 3883 3531 3942 prmtantur,
3561 3887 3618 3930 et
3638 3877 3803 3930 abnuo

2235 3961 2535 4016 debuerunt
2556 3961 2734 4030 judice
2763 3962 2875 4031 geri
2906 3977 3025 4031 qua:
3046 3964 3198 4033 parili
3231 3964 3479 4019 videntur
3501 3967 3674 4022 laude
3694 3984 3805 4023 con.

2230 4053 2401 4123 jungi.
2434 4052 2627 4107 Parum
2656 4061 2739 4107 est
2787 4062 2968 4108 autem
2995 4055 3138 4123 quod
3166 4057 3565 4125 provinciarum
3616 4058 3806 4126 judica

2235 4154 2339 4201 tuae
2388 4145 2701 4215 subjaceant
2744 4145 2987 4212 dignitati
3035 4163 3048 4198 :
3101 4146 3231 4215 ipsis
3258 4162 3476 4217 quoque
3508 4150 3807 4217 proceribus

2233 4238 2541 4293 chartarum
2590 4236 2878 4292 confirmas
2907 4234 3162 4302 ofﬁcium,
3193 4237 3320 4293 dum
3374 4241 3677 4308 perfectum
3716 4257 3807 4296 non

2234 4328 2476 4383 creditur
2502 4328 2600 4385 nisi
2632 4344 2661 4382 a
2692 4335 2744 4382 te
2773 4328 2933 4383 fuerit
2972 4344 3069 4398 pro
3096 4329 3438 4386 solemnitate
3465 4333 3805 4402 completum.

2236 4419 2411 4475 Vestis
2448 4433 2664 4488 quoque
2711 4434 2863 4474 sacra
2914 4418 3007 4474 tibi
3049 4421 3344 4491 antiquitus
3390 4423 3638 4478 noscitur
3663 4424 3807 4479 fuisse

2159 4517 2204 4574 D
2233 4514 2537 4577 commissa,
2572 4523 2630 4567 ut
2650 4512 2906 4582 quidquid
2936 4513 3003 4567 ad
3031 4513 3373 4581 splendorem
3414 4530 3605 4584 regum
3657 4518 3807 4587 perti-

2234 4615 2346 4671 net,
2397 4606 2501 4660 tuis
2529 4620 2638 4660 non
2686 4605 2861 4659 minus
2887 4604 3319 4660 ordinationibus
3356 4606 3626 4663 obediret.
3658 4609 3805 4664 Coras

2233 4711 2448 4767 quoque
2476 4696 2717 4751 littorum
2757 4696 3049 4750 adventitia
3080 4695 3212 4750 lucri
3235 4697 3551 4765 provisione
3577 4703 3805 4755 commit-

2234 4787 2323 4841 tis.
2353 4787 2744 4857 Negotiatores,
2785 4789 2934 4859 101
2977 4801 3111 4856 quos
3141 4788 3391 4841 humanae
3445 4788 3571 4843 vita“:
3615 4800 3805 4845 constat

2234 4878 2586 4944 necessarios,
2617 4878 2743 4933 huic
2774 4879 3027 4948 potestati
3059 4879 3403 4933 manifestum
3443 4889 3528 4934 est
3550 4896 3671 4937 esse
3699 4883 3792 4936 sub

2229 4968 2421 5039 jectos.
2454 4970 2587 5024 Nam
2633 4971 2888 5039 quidquid
2920 4971 2972 5025 in
3001 4971 3259 5035 vestibus,
3299 4971 3563 5042 quidquid
3584 4974 3644 5028 in
3694 4990 3802 5039 are,

2233 5060 2491 5131 quidquid
2523 5062 2573 5116 in
2605 5069 2850 5131 argento,
2874 5062 3134 5131 quidquid
3156 5064 3207 5117 in
3232 5066 3459 5131 gemmis
3481 5066 3705 5120 ambitio
3727 5067 3807 5120 hu~

2232 5165 2392 5204 mana
2422 5160 2601 5220 potest
2628 5150 2831 5206 habere
2870 5152 3186 5225 pretiosum,
3243 5155 3348 5210 tuis
3394 5154 3807 5212 ordinationibus

2233 5242 2562 5297 obseeundat
2589 5259 2602 5309 ;
2634 5249 2689 5296 et
2718 5242 2781 5296 ad
2805 5242 3064 5311 judicium
3102 5252 3252 5299 tuum
3299 5246 3583 5302 confluunt
3622 5250 3711 5318 qui
3751 5248 3807 5303 de

2234 5333 2490 5389 extremis
2513 5333 2695 5388 mundi
2720 5334 2959 5405 partibus
2978 5335 3414 5393 advenere.Salis
3436 5354 3655 5409 quoque
3675 5355 3804 5395 com-

2231 5492 2319 5546 sit.
2354 5491 2413 5567 L_.
2450 5494 2501 5559 5,
2527 5494 2595 5567 C.
2619 5494 2699 5549 De
2727 5513 2880 5550 cursu
2908 5497 3151 5567 publica:
3186 5496 3383 5553 idcirco
3412 5512 3520 5551 non
3552 5500 3737 5554 mirum
3765 5502 3802 5554 si

2230 5564 2539 5635 evectiones
2569 5565 2724 5631 dant;
2758 5564 3071 5635 praeitlibus
3104 5576 3286 5621 autem
3324 5568 3622 5623 dandarum
3667 5586 3799 5624 evec-

2231 5632 2433 5707 tionum
2467 5635 2688 5707 iacultas
2718 5632 2822 5690 non
2856 5646 2954 5701 est,
2988 5644 3045 5689 ut
3070 5653 3193 5689 nov.
3225 5637 3412 5707 Major.
3445 5636 3523 5691 De
3546 5657 3690 5693 cursu
3716 5656 3796 5707 pa-

2228 5700 2382 5824 ﬁlica,
2443 5704 2543 5760 nisi
2572 5706 2911 5776 publicarum
2944 5700 3323 5763 ’functionum'
3356 5700 3791 5780 prosecutoribm.

2276 5788 2416 5824 noss.
3138 5786 3143 5791 '

2276 5788 2416 5828 R055.
3138 5786 3143 5791 ’
