3958 6472
124 429 240 487 689'

1415 413 1779 475 VARIARUM
1817 407 2032 468 LIBER"
2063 411 2146 468 Vl.

3307 398 3466 468 σθω

124 546 397 606 mercium
424 544 564 601 inter
581 550 758 601 vestes
786 540 987 598 sericas
1014 547 1068 595 et
1100 537 1546 609 pretiosissimam
1572 550 1722 589 mara
1749 538 1800 598 Α
1826 527 2204 593 aestimatione,
2255 524 2549 590 discrevit,
2610 525 2736 594 quia
2783 525 2944 593 longe
2993 521 3142 581 aliud
3190 521 3431 581 debetur

123 640 361 711 garitam
410 653 516 693 non
558 637 738 706 inepte
764 633 859 688 tibi
900 631 1175 704 deputavit
1203 630 1517 698 antiquitas,
1546 635 1607 680 ut
1626 642 1717 681 sa-

124 731 392 803 pientiam
417 738 562 784 tuam
585 728 864 784 evidenter
892 723 1219 788 ostenderet,
1255 723 1341 777 cui
1367 722 1488 775 talis
1516 721 1725 800 species

124 820 392 892 deputata
421 819 669 876 serviret.
703 816 1044 887 Quapropter
1087 829 1184 884 per
1209 812 1354 866 illam
1377 811 1724 866 indictionem

125 911 404 968 comitiva:
427 925 704 966 sacrarum
730 917 786 964 et
827 907 1220 979 primi‘ceriatus
1264 903 1356 959 tibi
1401 901 1727 958 conferimus

127 1002 446 1071 dignitates,
471 1009 529 1056 ut
555 1001 740 1056 multis
761 998 1007 1053 laudibus
1030 995 1278 1052 decorari
1302 993 1495 1065 possis,
1514 992 1604 1060 qui
1629 991 1728 1045 ho-

130 1109 328 1148 norum
365 1092 749 1147 numerositate
776 1088 1136 1159 praecingeris.
1156 1085 1319 1140 Utere
1340 1085 1502 1154 igitur
1529 1082 1728 1136 solem-

130 1182 275 1236 niter
301 1181 476 1237 titulis
517 1181 658 1246 tuis;
689 1188 744 1234 et
763 1178 808 1234 si
830 1178 958 1247 quid
981 1177 1077 1232 tibi
1106 1177 1173 1230 de
1203 1174 1424 1244 antiquo
1447 1171 1730 1242 privilegio

129 1287 260 1327 usus
285 1271 532 1337 abstulit,
561 1271 789 1339 plurima
809 1275 958 1323 certe
987 1281 1108 1336 quae
1134 1264 1409 1320 vindicare
1429 1261 1625 1317 debeas
1645 1260 1734 1315 de-

129 1362 371 1432 reliquit,
404 1361 625 1434 quando
652 1360 882 1414 duarum
906 1358 1225 1427 dignitatum
1255 1354 1489 1422 gloriosa
1513 1350 1730 1420 quidem

129 1455 399 1520 cura,sed
415 1461 472 1509 et
493 1453 759 1508 laboriosa
788 1451 1032 1506 custodia
1061 1457 1301 1518 est,qu:c
1329 1445 1426 1501 tibi
1454 1445 1730 1516 copiosum

131 1547 369 1602 fructum
391 1547 604 1603 decoris
625 1544 876 1610 afferunt,
907 1543 954 1600 si
977 1542 1162 1614 probis
1189 1539 1430 1596 moribus
1469 1537 1731 1594 excolun-

132 1643 246 1691 tur.

389 1727 528 1784 Vill.
560 1742 802 1784 nonnum
835 1741 1103 1784 conum:
1132 1737 1492 1780 rmvnsnuu.

202 1817 482 1874 Comitiva
511 1819 837 1890 privatarum
855 1857 871 1883 ,
898 1817 1034 1872 sicut
1058 1815 1288 1870 nominis
1310 1815 1476 1883 ipsius
1503 1812 1734 1868 sentitur

1823 618 2157 690 proximitati
2188 626 2394 671 natura:
2423 629 2585 684 quam
2624 615 2891 685 corporali
2920 629 3204 691 possumus
3237 614 3419 671 indul-

1824 726 1952 780 gere
1979 709 2226 765 licentiae.
2257 707 2460 762 Contra
2481 707 2583 762 hos
2603 705 2817 775 eligeris
2840 705 3030 761 unicus
3053 715 3108 762 et
3135 707 3421 762 continens

1827 800 2133 870 inquisitor,
2184 798 2395 853 ntdum
2429 797 2557 851 talia
2596 795 2796 867 probra
2823 797 3188 865 persequeris,
3225 811 3422 854 conse-

1827 894 2015 962 quaris
2038 892 2307 962 praeconia
2335 890 2621 946 castitatis.
2653 889 2680 928 δ
2714 887 3098 944 Defunctorum
3127 890 3424 957 quinetiam

1829 1001 2052 1042 sacram
2065 984 2299 1054 quietem
2324 983 2606 1052 aequabilia
2624 981 2746 1051 jura
2771 989 2876 1036 ture
2894 980 3242 1037 conscientia:
3269 996 3425 1036 com-

1829 1077 2120 1144 miserunt,
2177 1092 2260 1132 ne-
2311 1075 2433 1144 quis
2495 1075 2692 1130 vestita
2749 1074 3110 1129 marmoribus
3175 1073 3426 1142 sepulcra

1832 1170 2089 1234 nudaret,
2142 1183 2213 1223 ne
2257 1168 2378 1237 quis
2423 1167 2798 1223 columnarum
2823 1166 3080 1222 decorem
3126 1165 3428 1234 irreligiosa

1830 1244 2138 1316 temeritate
2177 1266 2568 1328 praesumeret,
2599 1272 2667 1313 ne
2697 1257 2818 1327 quis
2861 1255 3308 1312 cineres-alienos
3334 1263 3429 1309 aut

1833 1349 2226 1418 longinquitate
2264 1349 2539 1419 temporis,
2588 1357 2681 1402 aut
2707 1348 2891 1403 voraci
2921 1347 3428 1402 ﬂamma-consum-

1835 1451 1985 1512 ptos,
2005 1441 2268 1496 scelerata
2290 1441 2728 1511 perscrutatione
2762 1439 3038 1508 detegeret
3053 1480 3084 1507 ,.
3109 1453 3178 1495 ne
3205 1453 3427 1508 corpus,

1835 1533 1979 1602 quod
2009 1533 2177 1588 semel
2203 1534 2498 1603 reliquerat
2518 1533 2793 1590 molestias
2818 1532 3135 1599 mundanas,
3162 1533 3430 1589 humanas
3493 1535 3496 1538 ’

1838 1623 2031 1679 lterum
2063 1632 2339 1695 pateretur
2368 1625 2610 1681 insidias.
2671 1623 2810 1680 Nam
2853 1623 2958 1679 etsi
2994 1623 3259 1679 cadavera
3285 1623 3431 1679 furta

1836 1731 1947 1772 non
1976 1717 2242 1782 sentiunt,
2276 1716 2344 1772 ab
2395 1716 2544 1770 omni
2572 1716 2775 1785 pietate
2824 1715 3036 1770 alienus
3075 1727 3198 1770 esse
3241 1713 3432 1783 digno-

1838 1807 2026 1872 scitur,
2080 1806 2172 1876 qui
2220 1804 2419 1874 aliquid
2462 1804 2691 1860 mortuis
2737 1805 3027 1873 abrogasse
3076 1810 3430 1859 monstratur.

134 1908 397 1964 insonare
425 1909 768 1972 vocabulum,
817 1923 918 1978 per
957 1905 1299 1962 rationalium
1330 1902 1475 1977 [εον.
1497 1943 1511 1971 ,
1545 1901 1694 1956 Gam.
1716 1944 1732 1968 ,
1769 1909 1814 1968 Β
1840 1896 1972 1952 Vide
2001 1910 2120 1965 quae
2151 1894 2246 1950 tibi
2273 1895 2561 1951 commissa
2588 1901 2743 1960 sunt,
2797 1892 3018 1949 castitas
3042 1893 3339 1950 viventium
3377 1901 3436 1949 et

135 1998 547 2071 rationabilem]
576 2015 783 2067 curam,
826 1997 1100 2069 quondam
1145 1997 1446 2067 principum
1475 1995 1741 2066 privatam

137 2087 314 2144 fertur
344 2089 678 2156 gubernasse
707 2085 1081 2142 substantiam.
1129 2083 1196 2140 Et
1223 2086 1347 2154 quia
1372 2085 1566 2154 judicis
1594 2083 1741 2139 fasti-

133 2180 284 2248 gium
318 2192 579 2234 exercere
627 2193 735 2232 non
783 2185 997 2247 poterat
1027 2176 1169 2232 inter
1207 2176 1454 2232 homines
1484 2176 1741 2230 extremis

135 2266 548 2322 conditionibus
569 2267 874 2332 inclinatos,
903 2266 1040 2322 alios
1063 2281 1278 2335 quoque
1303 2265 1489 2321 titulos
1518 2265 1740 2334 provida

137 2357 539 2415 deliberatione
582 2357 840 2426 suscepit,
889 2371 959 2412 ne
987 2358 1216 2427 dignitas
1257 2355 1477 2411 Latialis
1523 2370 1741 2411 causam

137 2457 356 2504 tantum
382 2449 656 2505 videretur
685 2449 886 2505 habere
924 2466 1050 2505 cum
1099 2448 1315 2504 famulis
1345 2468 1358 2503 :
1389 2449 1484 2504 sed
1528 2450 1741 2504 actibus

141 2543 370 2598 urbanis
400 2549 527 2596 tunc
569 2555 631 2596 se
672 2541 878 2596 felicius
918 2541 1235 2610 occupavit,
1266 2550 1554 2610 postquam
1585 2553 1742 2607 agre-

139 2637 307 2691 stium
337 2650 528 2690 causas
556 2635 814 2690 decenter
842 2634 1040 2718 amisit.
1079 2631 1219 2699 Quid
1247 2633 1390 2687 enim
1417 2632 1564 2702 prius
1593 2631 1742 2685 face-

140 2733 270 2782 rent
291 2727 442 2782 inter
460 2741 646 2782 servos
664 2727 785 2794 jura
810 2724 1043 2795 publica,
1071 2724 1164 2792 qui
1183 2732 1208 2759 η
1226 2737 1518 2792 personam
1539 2721 1745 2789 legibus

143 2833 257 2872 non
307 2817 618 2872 habebant?
667 2815 785 2870 Non
831 2815 902 2869 ibi
949 2815 1244 2869 advocatus
1281 2813 1499 2877 aderat,
1549 2828 1655 2867 non
1685 2828 1745 2868 se

140 2918 333 2981 partes
380 2910 608 2965 solemni
637 2903 852 2964 actione
896 2907 1202 2976 pulsabant.
1235 2904 1365 2958 Erat
1393 2905 1744 2959 secretarium

141 3001 401 3071 impolita
451 2998 601 3072 [Gr.,
654 2995 956 3068 impolluta]
1007 2995 1271 3051 seditione
1331 2993 1643 3059 confusum;
1691 3000 1749 3047 et

145 3089 532 3161 appellabatur
571 3087 790 3142 abusive
813 3085 1092 3156 judicium,
1118 3085 1210 3140 ubi
1241 3100 1347 3140 non
1377 3084 1749 3153 allegabantur

143 3197 178 3234 a
220 3180 473 3250 partibus
521 3178 661 3233 dicta
701 3178 1067 3248 prudentium.
1113 3176 1290 3232 Utitur
1339 3192 1483 3231 nunc
1521 3176 1749 3256 dignitas

1839 1990 2107 2046 securitas
2145 1998 2505 2044 mortuorum.
2554 1987 2734 2043 Habes
2760 2001 2978 2057 quoque
3005 2002 3104 2057 per
3132 1985 3435 2056 provincias

1839 2079 1908 2135 de
1937 2079 2281 2150 perpetuario
2306 2078 2430 2148 jure
2460 2077 2785 2133 tributorum
2816 2091 2924 2131 non
2953 2077 3232 2131 minimam
3259 2092 3435 2147 quan-

1841 2172 2069 2226 titatem.
2098 2181 2121 2210 ο
2147 2169 2536 2226 Canonicarios
2557 2169 2761 2240 dirigis,
2788 2183 3132 2239 possessores
3157 2169 3438 2236 admones,

1841 2271 1898 2319 et
1943 2277 2065 2317 cum
2117 2263 2235 2318 aliis
2275 2253 2550 2332 judicib'ns
2603 2277 2712 2318 non
2759 2261 2971 2318 modica
3020 2262 3142 2331 jura
3197 2261 3433 2332 partiris,

1843 2355 2048 2410 caduca
2076 2355 2218 2409 bona
2250 2369 2358 2409 non
2388 2354 2520 2410 sinis
2550 2367 2672 2409 esse
2701 2353 2971 2408 vacantia.
2999 2351 3078 2406 Ita
3107 2351 3253 2421 quod
3283 2367 3439 2406 usur-

1843 2447 1990 2518 patio
2021 2447 2197 2517 potuit
2224 2446 2499 2510 invadere,
2551 2453 2608 2500 tu
2635 2444 2822 2501 iiscum
2855 2452 3096 2501 nostrum
3126 2443 3257 2499 facis
3279 2443 3440 2512 justis

1842 2540 2177 2610 compendiis
2215 2539 2481 2594 obtinere.
2529 2537 2812 2594 Proximos
2855 2533 3238 2592 defunctorum
3282 2537 3441 2590 nobis

1842 2627 1872 2666 ά
1903 2629 2149 2698 legaliter
2197 2629 2508 2698 anteponis,
2564 2629 2692 2698 quia
2721 2629 2801 2684 ,in
2855 2627 2960 2683 hoc
3005 2643 3134 2683 casu
3187 2627 3442 2697 principis

1845 2738 2083 2794 persona
2139 2729 2265 2793 post
2320 2737 2509 2778 omnes
2556 2730 2638 2776 est
2668 2740 2682 2775 :
2714 2720 2811 2777 s'ed
2856 2720 2986 2776 hinc
3035 2728 3283 2791 Optamus
3336 2734 3441 2773 non

1847 2816 2150 2886 acquirere,
2181 2815 2475 2869 dummodo
2512 2815 2622 2869 sint
2659 2814 2748 2884 qui
2775 2814 2962 2869 relicta
3010 2813 3241 2868 debeant
3271 2812 3442 2881 possi-

1847 2907 1995 2962 dere.
2025 2916 2050 2945 °
2076 2907 2396 2976 Depositivae
2422 2920 2640 2975 quoque
2664 2905 2928 2975 pecunirc,
2957 2920 3077 2973 quae
3105 2905 3264 2974 longa
3294 2914 3441 2958 vetn-

1848 3006 1988 3053 state
2017 3005 2389 3067 competentes
2437 2996 2688 3051 dominos
2727 2997 3042 3062 amiserunt,
3099 2995 3444 3065 inquisitione

1835 3093 1942 3141 ‘tua
1973 3087 2170 3141 nostris
2207 3085 2548 3156 applicantur
2584 3086 2808 3151 :erariis,
2855 3094 2916 3140 ut
2959 3087 3051 3156 qui
3092 3101 3186 3142 sua
3217 3093 3444 3141 cunctos

1851 3177 2087 3249 patimur
2131 3178 2426 3247 possidere,
2487 3177 2661 3232 aliena
2718 3177 2874 3233 nobis
2927 3177 3159 3233 debeant
3212 3178 3446 3233 libenter

143 3271 450 3325 liberorum
481 3270 689 3337 causis,
737 3276 790 3323 et
820 3268 1088 3336 legitimus
1127 3267 1321 3339 praesul
1349 3267 1614 3322 veraciter
1643 3267 1743 3320 ha-
1771 3292 1818 3353 ο
1851 3269 2065 3323 otl‘erre.
2119 3269 2247 3323 Sine
2275 3267 2471 3322 damno
2521 3267 2784 3336 siquidem
2832 3269 3049 3324 inventa
3098 3267 3304 3338 perdit,
3353 3271 3445 3340 qui

147 3360 330 3429 betur,
382 3359 597 3429 quando
647 3359 714 3414 de
761 3359 1114 3428 ingenuorum
1170 3357 1400 3414 fortunis
1447 3357 1747 3426 disceptare

147 3463 312 3520 posse
341 3451 592 3504 sentitur.
625 3447 861 3502 Primum
893 3448 988 3502 tibi
1018 3456 1208 3503 contra
1239 3446 1474 3503 nefarias
1499 3446 1747 3500 libidines

151 3547 205 3592 et
233 3538 460 3593 humani
489 3537 702 3606 generis
728 3537 1004 3607 improbos
1030 3535 1319 3607 appetitus,
1352 3535 1504 3605 quasi
1534 3535 1744 3605 parenti

151 3629 390 3699 publico,
435 3629 656 3685 decreta
684 3627 929 3683 custodia
957 3635 1187 3695 est,.ne
1227 3626 1348 3696 quis
1391 3640 1450 3680 se
1479 3626 1742 3696 probrosa

155 3722 546 3776 commixtione
588 3720 882 3790 pollueret,
928 3718 1056 3773 dum
1085 3718 1262 3774 vicino
1299 3717 1543 3786 sanguini
1589 3732 1746 3771 reve-

160 3817 396 3871 rentiam
445 3831 552 3870 non
584 3814 826 3869 haberet.
877 3811 1125 3868 Gravitas
1153 3813 1294 3867 enim
1326 3811 1532 3881 publica
1563 3811 1746 3880 proxi-

157 3908 356 3965 mitatis
385 3907 727 3964 sanctitatem
759 3914 816 3962 et
841 3904 1236 3976 conjunctionis
1264 3904 1521 3974 gratiam,
1561 3902 1746 3958 habita

228 4119 252 4147 ⁸
282 4110 442 4166 Servi
484 4124 770 4175 personam
811 4124 915 4163 non
955 4108 1178 4177 habent,
1227 4109 1451 4178 ideoque
1493 4124 1524 4162 a
1563 4107 1744 4162 Theo-

160 4179 324 4249 philo,
372 4181 530 4256 initio
572 4182 656 4256 tit.
691 4179 973 4256 Destipul.
1021 4197 1174 4256 serv.,
1207 4179 1528 4256 ‘a-rrpécmgo:
1572 4179 1750 4256 nomi-

164 4247 488 4324 nanturade
526 4252 720 4324 quibus
750 4247 906 4324 Dion,
933 4247 1344 4324 grpidntafriaé,
1377 4257 1433 4303 et
1463 4249 1497 4303 l.
1530 4265 1654 4324 un.,
1687 4247 1749 4302 C.

165 4320 224 4439 gi
246 4337 333 4390 per
353 4321 480 4387 vim,
510 4321 584 4374 vel
605 4321 708 4374 alio
736 4320 908 4374 modo.
933 4320 1092 4374 Ba'sil.
1122 4321 1325 4376 δουλίαν
1347 4327 1506 4374 vocat
1527 4323 1752 4391 ἀτιμίαν.

207 4405 325 4439 ORN.

207 4405 325 4443 ORN.

233 4457 260 4531 Ρ
293 4459 456 4531 Sup.,
479 4459 581 4531 lib.
619 4475 690 4524 Iv,
724 4459 878 4531 epist.
909 4458 1000 4514 18.
1026 4457 1396 4526 Constantius,
1422 4457 1515 4531 ι.;’›
1562 4466 1617 4512 et
1639 4458 1673 4511 l.
1696 4455 1753 4531 4,

167 4527 302 4598 {edes
347 4527 420 4585 a—c
460 4530 676 4584 domum
722 4527 1095 4598 defunctorum
1144 4538 1302 4584 vocat
1348 4529 1640 4598 scpulcrat
1670 4529 1758 4581 tit.

171 4596 246 4670 De
274 4601 500 4670 δεραίων.
533 4601 650 4670 vici.
694 4598 754 4670 C7.
789 4599 991 4670 Theod.
1027 4597 1115 4670 Ea_
1141 4607 1320 4654 autem
1357 4596 1595 4670 cognitio
1624 4597 1760 4670 Pon-

1848 3361 2067 3432 pmpria
2114 3377 2222 3416 non
2272 3360 2492 3414 amittit.
2544 3358 2782 3414 Proinde
2812 3358 2978 3432 (quod
3006 3359 3248 3415 felicibus
3276 3358 3447 3430 appli-

1849 3461 2003 3522 cetur
2029 3452 2302 3522 auspiciis)
2332 3466 2430 3520 per
2459 3449 2810 3506 indictionem
2853 3450 2999 3505 illam
3025 3449 3296 3505 comitivte
3335 3449 3448 3519 pri-

1849 3555 2091 3600 vatarum
2124 3553 2175 3598 te
2204 3543 2412 3598 honore
2440 3543 2782 3612 decoramus,
2813 3558 2974 3612 quam
3006 3542 3150 3611 leges
3180 3540 3449 3613 pnnfectis

1854 3633 2074 3708 quoque
2113 3650 2296 3704 parem
2325 3649 2447 3690 esse
2489 3634 2875 3699 decreverunt;
2921 3643 3003 3690 est
3045 3635 3189 3688 enim
3234 3642 3290 3688 et
3331 3634 3446 3705 ipsa

1853 3727 2026 3782 aulica
2056 3732 2295 3796 potestas
2322 3726 2523 3795 palatio
2552 3733 2741 3781 nostro
2777 3725 2900 3795 jure
2927 3721 3244 3789 reverenda,
3285 3738 3446 3792 qnam

1857 3827 1912 3872 tu
1945 3817 2108 3872 facies
2135 3817 2275 3870 ultra
2307 3817 2567 3871 terminos
2584 3831 2727 3870 suos
2753 3829 3033 3885 crescere,
3066 3815 3112 3870 si
3141 3820 3458 3884 susceptam

1858 3906 2201 3962 continenter
2221 3907 2397 3977 egeris
2424 3905 2762 3976 dignitatem.

1851 4109 2217 4182 disciplinam,
2264 4109 2659 4182 §Aleesauroa,
2707 4109 2788 4182 De
2827 4127 2929 4165 rer.
2979 4110 3157 4182 ditia,
3202 4109 3374 4182 l‘nstit.
3423 4111 3444 4165 l

1853 4194 1932 4247 Jt,
1965 4179 2020 4235 in
2049 4181 2163 4244 lin.,
2201 4179 2284 4234 ΟΣ
2306 4179 2381 4233 De
2415 4181 2536 4250 jure
2573 4181 2707 4250 ﬁsci,
2741 4180 2776 4250 1ζ
2821 4196 2938 4246 ιιῐι.ι
2965 4179 3026 4235 C.
3063 4180 3142 4233 De
3170 4181 3448 4235 thesauris.

1855 4250 2000 4306 Sane
2025 4251 2198 4317 Plato,
2232 4251 2386 4307 initio
2416 4247 2510 4303 lib.
2545 4247 2621 4317 xi,
2651 4251 2719 4306 de
2749 4247 2997 4319 Legibus,
3033 4252 3314 4306 thesauros
3344 4253 3452 4306 tol-

1856 4320 2047 4374 lendos
2076 4336 2196 4374 esse
2222 4328 2405 4386 negat.
2438 4319 2607 4375 Porro
2647 4320 2951 4376 securitatis
2988 4336 3152 4376 causa
3182 4321 3236 4376 in
3263 4336 3456 4377 [ποιω-

1863 4391 2057 4444 mentis
2097 4405 2162 4444 ac
2203 4389 2464 4459 sepulcris
2503 4390 2742 4459 pecuniae
2780 4391 3167 4458 credebantur,
3208 4400 3266 4446 ut
3308 4390 3454 4453 hinc.

1865 4468 1920 4514 et
1967 4474 2033 4512 ex
2078 4457 2319 4533 Eunuchi
2369 4457 2709 4533 '[erentianre
2762 4462 2988 4531 prologo
3032 4457 3262 4528 constat,
3313 4462 3458 4533 quod

1939 4538 2056 4584 stea
2121 4530 2347 4599 vetitum
2395 4528 2494 4582 fuit
2537 4547 2550 4582 :
2594 4528 2880 4599 exstat—que
2928 4528 3129 4589 titulus
3175 4534 3268 4588 lib.
3322 4528 3456 4597 ὴν,

1910 4600 2076 4673 asilic.
2110 4619 2123 4654 ε
2159 4597 2242 4652 Ne
2280 4601 2550 4668 pecuniam
2591 4617 2707 4654 cum
2753 4597 2982 4657 mortuis.
3015 4604 3234 4673 sepelire
3278 4603 3455 4668 liceat,

170 4661 360 4758 illinunt
377 4670 540 4758 Nolim.
577 4668 768 4758 l'uit‘,”l.
806 4669 881 4758 (ἑὲ
904 4684 1044 4758 vers.
1078 4668 1226 4758 (iu-ni.
1247 4661 1599 4758 pontiﬁcibus,
1634 4667 1747 4758 co'd.

1865 4674 1950 4753 g4):
1981 4669 2149 4758 ξξεςζτι
2178 4661 2484 4758 avaram-stu
2510 4676 3046 4758 rsevséat‘xprjuara.
3071 4661 3204 4755 ’ξω
3232 4683 3287 4758 et
3315 4661 3459 4754 quod

173 4737 269 4800 tit.;
301 4741 337 4794 1.
374 4739 461 4802 50,
491 4739 805 4803 llwreditas,
841 4739 901 4792 D.
930 4737 1006 4792 De
1035 4741 1179 4808 petit.
1209 4737 1434 4800 luered.;
1460 4738 1495 4792 l.
1528 4739 1648 4803 ult.,
1683 4737 1760 4792 De

172 4820 317 4886 mort.
348 4813 479 4886 inf._,
512 4810 600 4865 hic
639 4825 848 4886 sacram
877 4809 1111 4886 quietem
1141 4818 1318 4886 v_oca_t.
1357 4809 1756 4886 ⁸Υίάίξςξυεειφιι.

175 4879 596 4999 ἷῃοῃῡοιιιὶιίαηο,
642 4895 690 4935 c.
728 4880 826 4945 l7;
877 4895 934 4944 ιι,
967 4879 1106 4933 Tull.
1157 4879 1224 4935 de
1267 4880 1465 4949 legib.,
1508 4879 1574 4933 10
1601 4880 1759 4950 epist.

284 4967 332 4999 Ν.
1600 4989 1630 4999 -

217 4962 332 5004 ORN.
1600 4989 1630 5001 ρ

246 5020 432 5090 {Vide
456 5021 611 5084 infra,
642 5021 734 5074 lih.
760 5035 854 5086 xu,
880 5035 965 5090 ep.
1001 5019 1086 5074 l5.
1137 5019 1199 5074 lli
1227 5028 1350 5075 sunt
1378 5020 1469 5089 qui
1495 5035 1760 5076 canonem

171 5087 447 5160 publicdm
486 5091 790 5160 exigebant.
823 5087 944 5144 Jun.

247 5159 272 5194 α
302 5158 356 5214 ln
386 5158 814 5218 successionihus
841 5161 909 5213 ab
938 5161 1191 5216 intestato
1225 5159 1383 5218 fiscus
1413 5161 1760 5214 novissimum

182 5223 348 5300 locum
392 5240 644 5300 occupat,
677 5241 730 5285 et
759 5236 986 5298 agnatis,
1021 5234 1282 5298 cognatis.
1326 5232 1574 5299 collegis,
1613 5246 1765 5284 com-

184 5297 505 5370 militonibus
535 5297 910 5370 postponitur,
972 5301 1051 5353 tit.
1098 5297 1187 5354 ’De
1237 5301 1427 5355 limi-ed.
1465 5297 1765 5365 decuriam,

182 5362 308 5421 Cod.
355 5371 481 5425 lude
523 5362 1197 5438 llarnienop..'caeteriqne
1248 5371 1416 5426 Grzcei
1439 5371 1575 5438 juris
1605 5362 1770 5424 inter;

187 5445 359 5516 proles
382 5450 529 5516 apte_
536 5441 782 5497 vacantia
812 5440 956 5494 bona
979 5440 1242 5496 ἀδέσποτα
1272 5445 1354 5496 καὶ
1383 5443 1771 5516 ἀκληρονὸμητα

187 5503 456 5564 definiunt.
491 5511 657 5566 Fonn’.
1050 5551 1054 5555 .

257 5586 278 5612 ε
307 5579 637 5651 Βεροδὶιὶυω,
666 5581 1149 5650 vct.,.repositivrc:
1172 5588 1459 5651 utrumque
1484 5589 1650 5643 recte,
1677 5580 1771 5636 sed

191 5647 358 5721 lgmen
383 5647 536 5718 prius
564 5651 767 5705 arridet
814 5647 1097 5721 magistex
1131 5651 1166 5703 l.
1213 5652 1312 5719 51,
1354 5647 1663 5721 Nunquam,
1707 5651 1767 5704 D.

190 5709 264 5764 De
303 5709 414 5790 acq'.
467 5740 572 5774 rer.
626 5721 765 5775 dom.
823 5709 1174 5774 lbiva'Paulo
1206 5709 1771 5775 thesaurus'deﬁnitur

189 5791 334 5840 vetus
378 5791 618 5856 quautam
656 5792 922 5859 depositio
961 5791 1220 5859 pecunia},
1254 5791 1405 5857 cujus
1447 5807 1552 5844 non
1592 5801 1772 5846 exstet

197 5810 334 5840 .ctus
378 5810 618 5862 quaedam
656 5810 922 5914 "exosum
961 5810 1220 5859 pecunun,
1254 5810 1405 5857 cujus
1447 5810 1552 5844 non
1592 5810 1767 5846 exstet

191 5861 457 5926 memoria,
490 5869 548 5914 ut
573 5860 683 5924 jam
750 5862 986 5914 ominum
1017 5876 1124 5914 non
1154 5862 1370 5928 haheat,
1415 5869 1471 5914 et
1497 5861 1767 5917 inventori

191 5928 510 5986 conceditur.
557 5931 653 5987 llic
693 5947 822 5987 vero
867 5930 996 5988 tisco
1035 5931 1358 6002 applicatur,
1409 5941 1605 6003 praeter
1632 5932 1767 6002 juris

1872 4742 1925 4795 in
1976 4740 2031 4795 d.
2085 4742 2121 4794 l.
2183 4756 2274 4793 un.
2325 4739 2560 4813 legitur,
2610 4739 2829 4796 condita
2871 4739 2936 4797 ab
2977 4744 3173 4813 ignotis
3231 4739 3460 4798 dominis

1871 4819 2116 4881 tempore
2161 4811 2455 4864 vetustiore
2482 4813 2723 4876 mobilia,
2754 4828 2849 4868 seu
2877 4811 3118 4879 monilia,
3159 4813 3317 4881 hujus
3347 4813 3459 4866 for-

1869 4882 2030 5007 ἱξιιιὲῗε
2075 4881 2437 4952 ιὶρεετὶριὶοηὶ·
2469 4891 2893 4940 consentaneum
2939 4893 3052 4952 est;
3100 4885 3177 4940 sic
3217 4885 3460 4939 enimet

1916 4969 1947 5006 ο
2008 4968 2081 5007 a:

1916 4969 2039 5006 06ιᾶ
2068 4970 2081 5006 ζ

1996 5067 2342 5129 Αιιλὶιὶιιιιιψιθ
2367 5069 2456 5116 vi:c
2481 5073 2682 5116 veteres
2703 5066 2887 5117 tellure
2910 5068 3132 5116 reclusit.

1994 5128 2294 5190 Thesauros,
2321 5131 2537 5190 ignotum
2561 5131 2757 5191 argenti
2783 5129 2970 5191 pondus
2990 5137 3042 5180 et
3066 5128 3187 5178 auri.

1874 5241 1928 5287 et
1948 5231 2522 5308 Homerischoliastes,
2547 5233 2792 5308 lliad._u_i,
2805 5237 3036 5306 κειμήλιοι
3052 5236 3462 5308 exposuitjpya‘z

1875 5309 1962 5374 mi
1974 5306 2203 5374 eadem
2230 5310 2500 5373 χρήματα,
2523 5320 2643 5374 cures
2660 5304 2864 5359 abditas
2879 5304 2935 5358 ἐι
2951 5305 3261 5358 reconditas.
3286 5304 3456 5360 Fons.

1947 5371 2046 5426 llic
2091 5371 2286 5427 dicitur
2319 5371 2501 5428 eomes
2544 5371 2937 5438 thesaurorum,
2987 5390 3257 5429 sacrarum
3299 5375 3460 5440 largi-

1877 5443 2104 5508 tionum,
2144 5461 2426 5498 sacrarunt
2462 5444 2974 5505 remunerationem,
3020 5444 3104 5497 vel
3145 5445 3466 5498 numeratio-

1876 5528 2025 5577 num,
2052 5513 2086 5566 Ι.
2114 5514 2168 5576 ﬂ.
2191 5514 2252 5568 C.
2280 5514 2358 5585 De
2376 5514 2766 5585 commeq_tu.,__l.
2793 5512 3085 5585 Palatinos,
3111 5514 3171 5570 C.
3197 5513 3276 5585 De
3299 5514 3462 5585 palat.

1878 5600 2013 5656 φεῖ.
2063 5586 2224 5656 lat-9.;
2253 5585 2308 5656 l.
2336 5584 2424 5646 «il,
2459 5585 2517 5656 ς.
2554 5583 2798 5656 'l'heod.,_
2833 5582 3188 5656 Dc_appellat.
3223 5584 3271 5639 ls
3299 5582 3463 5639 etiam

1878 5653 2073 5725 dicitur
2125 5653 2428 5725 praesidere,
2458 5653 2614 5708 donis
2656 5653 3040 5725 imperialibus,
3092 5665 3147 5710 et
3195 5670 3462 5725 perdeum

1878 5723 2006 5786 erigi
2057 5725 2356 5793 supplictnn
2411 5724 2672 5785 fortunas,
2704 5733 2760 5778 et
2790 5723 2894 5793 cal.
2947 5723 3213 5780 Januariis
3261 5723 3465 5779 all‘atim

1875 5792 2186 5855 largit'ones
2217 5795 2360 5858 tieri;
2412 5794 2611 5861 quique
2642 5792 2986 5860 largitionum
3015 5796 3131 5850 dies
3160 5804 3379 5849 notatur
3407 5795 3466 5848 in

1873 5863 1909 5918 l.
1949 5862 2250 5938 Laudamia,
2298 5863 2475 5938 C._De
2517 5863 2634 5924 adp.
2668 5862 2768 5917 dir.
2813 5863 2959 5936 jud.,
2993 5874 3049 5924 ct
3075 5882 3106 5924 a
3135 5865 3446 5938 Nicephum

1873 5949 1993 6005 cap.
2028 5933 2114 6002 25,
2148 5934 2239 5990 lib.
2276 5951 2332 5989 x.
2363 5933 2552 5990 Bnoss.
