4018 6348
492 293 641 363 ιτσθῖ

719 411 875 481 ιω
892 408 986 464 1Χ.
1016 425 1262 467 FORMULA
1288 427 1554 469 αοκιτιγιε
1587 430 1912 473 rarumonu.

609 518 857 592 Antiqua:
922 526 1326 583 consuetudinis
1379 529 1518 584 ratio
1584 531 1870 599 persuadet
1922 532 2121 588 chartis

537 616 737 671 nostris
784 616 905 674 illos
951 617 1191 674 imbuere
1235 619 1327 690 qui
1375 620 1534 690 longe
1576 622 1736 692 positi
1784 624 2121 679 transmissas

537 706 809 776 accipiunt
846 707 1152 778 dignitates,
1198 718 1257 765 ut
1297 725 1434 780 quos
1476 728 1581 766 non
1627 722 1938 783 poteramus
1982 729 2120 784 prm-

536 805 719 853 sentes
745 799 1030 867 instruere,
1064 801 1221 858 lectio
1258 802 1551 872 probabilis
1580 814 1972 861 commoneret.
2012 806 2118 861 Sed

532 898 612 954 te,
643 905 800 961 quem
825 891 892 945 ad
914 894 1218 963 patrimonii
1246 895 1414 950 nostri
1435 911 1590 952 curas
1607 898 1801 965 regalis
1822 896 1938 970 [σν.
1955 936 1969 961 ,
1998 897 2114 968 Cu}.

536 989 587 1033 et
615 978 781 1035 Forn.
804 1023 820 1049 ,
864 982 1068 1054 legalis]
1094 982 1378 1039 deﬂoravit
1404 984 1618 1051 electio,
1671 1001 1778 1040 non
1810 995 1919 1040 tam
1948 986 2118 1042 desti-

535 1068 680 1123 natis
707 1073 1159 1142 praecoptionibus
1186 1074 1515 1139 instruimus,
1563 1088 1724 1143 quam
1757 1091 1855 1131 usu
1882 1077 2118 1132 serenis-

534 1159 686 1214 Simaz
715 1160 1089 1219 collocutionis
1117 1165 1408 1221 erudimus.
1450 1163 1919 1224 Confabulationes
1947 1169 2117 1238 siqui-

532 1248 659 1304 dem
688 1262 883 1307 nostra:
912 1262 1071 1308 erunt
1095 1255 1188 1310 tibi
1216 1255 1571 1312 instrumenta
1610 1257 1850 1327 justitia),
1897 1260 2117 1329 quando

535 1339 670 1396 illud
695 1352 904 1410 gratum
934 1346 1089 1402 nobis
1126 1362 1246 1402 esse
1272 1349 1637 1419 perspexeris,
1670 1351 1811 1420 quod
1843 1359 1899 1407 et
1926 1352 2117 1408 divinis

530 1440 718 1501 potest
760 1436 1048 1492 convenire
1088 1438 1383 1494 mandatis.
1423 1436 1811 1495 Patrimonium
1853 1442 2115 1512 siquidem

532 1526 779 1579 nostrum
831 1542 927 1595 pro
974 1529 1313 1586 sublevandis
1367 1531 1696 1601 privatorum
1745 1533 1974 1590 fortunis
2018 1536 2117 1591 tibi

526 1615 880 1683 credidimus,
928 1635 1037 1674 non
1080 1621 1413 1691 premendis.
1461 1623 1593 1678 Nam
1620 1624 1665 1680 si
1717 1627 2117 1696 tranquillitatis

529 1711 732 1760 nostra:
774 1709 905 1763 velis
944 1711 1290 1768 considerare
1316 1713 1613 1781 rationem,
1660 1714 1926 1783 quoddam
1955 1717 2116 1784 regis:

1751 300 1821 360 Μ.
1865 303 2136 363 AURELII
2174 302 2583 362 CASSIUDORI‘

3784 260 3797 268 ο

2148 421 2201 481 Α
2226 417 2445 491 laudare
2471 419 2793 487 cognoscas?
2840 416 2975 472 Alibi
3008 415 3147 474 forte
3190 417 3400 489 judices
3446 414 3809 476 formideutur

2222 509 2425 578 injusti,
2457 510 2547 565 hic
2566 510 2655 565 ubi
2684 509 2980 565 remedium
3002 523 3235 579 praesens
3262 511 3485 581 petitur,
3519 509 3805 578 redempta

2221 600 2490 655 sententia
2538 615 2645 655 non
2701 601 2939 654 timetur.
2997 598 3373 666 Querimonias
3424 613 3805 672 possessorum
3894 592 3901 603 “

2220 694 2337 748 sine
2382 694 2557 749 venali
2601 695 2966 764 protractione
3005 695 3244 767 discinge
3290 694 3408 768 [Gn
3460 705 3512 751 et
3539 693 3691 765 Cuj.,
3728 694 3807 748 di-

2219 784 2476 852 stringue.
2528 783 2649 840 Νἰυ.
2702 795 2751 839 el
2792 784 2924 852 σω,
2959 786 3221 855 distingue
3240 788 3273 853 I.
3316 787 3490 842 Omne
3539 784 3805 857 siquidem

2214 877 2415 947 justum
2448 878 2739 934 celeritatis
2766 878 3052 934 commodo
3098 879 3287 933 transit
3332 878 3398 933 ad
3444 876 3805 940 beneficium;

2220 976 2275 1023 et
2310 968 2453 1037 quod
2500 968 2682 1024 debito
2724 969 2987 1035 redditur,
3020 968 3109 1022 tali
3138 969 3311 1037 gratia
3338 984 3533 1024 munus
3556 977 3803 1038 putatum

2220 1057 2595 1114 Possessiones
2623 1065 2842 1126 nostrze,
2869 1057 2954 1114 vel
2982 1058 3107 1128 quia
3152 1066 3277 1112 sunt
3326 1057 3651 1122 immobiles.
3699 1073 3803 1111 non

2220 1147 2565 1217 egrediantur
2585 1149 2843 1204 terminos
2870 1148 3212 1212 constitutos,
3237 1162 3307 1202 ne
3336 1147 3656 1202 conditione
3683 1162 3804 1202 con-

2220 1240 2384 1293 traria
2413 1239 2556 1308 quod
2595 1255 2701 1294 non
2729 1248 2910 1310 potest
2935 1240 3173 1305 moveri,
3221 1239 3377 1293 malis
3404 1239 3649 1293 moribus
3675 1254 3805 1294 con-

2219 1327 2391 1395 tingat
2432 1327 2669 1383 extendi.
2723 1328 2900 1383 Trade
2950 1328 3114 1384 etiam
3160 1328 3418 1382 militibus
3484 1328 3596 1383 tuis
3644 1344 3802 1399 quam

2218 1417 2411 1472 sectari
2461 1417 2729 1487 delcgeris
2776 1419 2940 1473 animi
2994 1419 3320 1475 castitatem.
3376 1419 3665 1485 Quomodo
3716 1420 3803 1475 ille

2213 1506 2387 1577 justus
2414 1518 2591 1580 potest
2618 1510 2750 1577 dici,
2798 1512 2898 1567 sub
2926 1527 3035 1581 quo
3065 1526 3174 1566 non
3201 1511 3554 1581 prohibeatur
3582 1512 3801 1566 excedi?

2222 1599 2385 1656 Utere
2431 1602 2611 1670 igitur,
2660 1610 2881 1657 auctore
2926 1602 3064 1668 Deo,
3112 1616 3375 1657 concesso
3424 1601 3519 1656 tibi
3573 1600 3801 1656 feliciter

2217 1693 2499 1764 privilegio
2540 1692 2833 1761 dignitatis.
2873 1692 3065 1749 lneitet
3093 1701 3151 1748 te
3176 1691 3243 1746 ad
3288 1692 3554 1747 bonorum
3586 1690 3797 1749 deside-

529 1794 723 1851 domus
744 1795 954 1854 famulis
976 1800 1344 1870 praejudicium
1370 1804 1681 1859 humilitatis
1707 1806 1957 1875 imponis.
1983 1783 2112 1862 pro-
2142 1794 2186 1853 Β
2214 1785 2393 1875 rium.
2445 1784 2741 1855 saepissime
2785 1784 2930 1854 quod
2978 1785 3202 1875 videris.
3255 1784 3381 1855 quia
3431 1783 3487 1875 i9
3548 1783 3638 1838 his
3684 1800 3799 1854 quae

528 1888 677 1958 prias
722 1890 920 1961 quippe
967 1894 1227 1951 utilitates
1273 1896 1549 1965 improbus
1596 1899 1844 1955 dominus
1896 1915 2117 1971 quoquo

528 1979 694 2035 modo
742 1983 933 2038 nititur
976 1985 1279 2053 vindicare;
1329 1996 1581 2043 ceterum
1623 1990 1714 2059 qui
1761 1990 1917 2045 bona:
1962 1991 2116 2047 famae

529 2068 750 2126 studere
770 2076 1129 2142 cognoscitur,
1153 2092 1252 2133 suo
1267 2093 1479 2147 semper
1492 2078 1692 2149 judicio
1709 2080 1826 2150 plus
1842 2090 2111 2151 gravatur.

530 2161 772 2219 lnsolens
817 2164 1084 2222 libertatis
1125 2183 1297 2239 genus
1326 2180 1409 2225 est
1444 2172 1795 2238 rusticorum,
1845 2175 1936 2243 qui
1978 2175 2115 2231 adeo

529 2251 633 2306 sibi
662 2262 854 2322 putant
889 2256 1052 2313 licere
1092 2259 1418 2329 voluntaria,
1468 2263 1721 2331 quoniam
1768 2264 1835 2319 ad
1874 2274 2114 2321 nostram

530 2341 780 2398 dicuntur
807 2347 1085 2416 pertinere
1116 2350 1491 2405 substantiam.
1527 2352 1652 2408 Esto
1682 2354 1841 2423 igitur
1866 2353 1968 2412 illis
1993 2370 2113 2411 cum

529 2442 711 2489 erecta
738 2443 1009 2505 potestate
1039 2434 1370 2496 moderatus.
1421 2440 1928 2512 Temperamentum
1956 2445 2114 2500 simul

529 2521 740 2590 damus,
776 2526 863 2580 cui
890 2541 1049 2596 posse
1076 2528 1446 2586 concedimus.
1495 2530 1812 2599 Considera,
1865 2543 2113 2606 suscepta

529 2612 761 2681 dignitas
802 2630 912 2684 quo
952 2617 1147 2673 debeat
1185 2620 1473 2690 splendore
1516 2625 1765 2693 tractari,
1813 2640 1910 2696 per
1951 2641 2113 2695 quam

531 2716 694 2771 supra
720 2714 942 2762 cmteros
960 2707 1169 2776 judices
1196 2710 1609 2768 familiaritatem
1633 2715 1890 2784 principis
1916 2716 2115 2772 habere

531 2794 793 2851 meruisti.
860 2796 992 2853 Nam
1042 2800 1184 2855 sicut
1230 2801 1313 2857 sol
1363 2810 1514 2860 ortus
1564 2818 1849 2873 corporum
1904 2807 2115 2862 colores

532 2884 710 2953 fugata
736 2896 895 2943 nocte
931 2888 1162 2959 detegit,
1192 2892 1266 2947 ita
1291 2908 1350 2949 se
1379 2910 1590 2949 morum
1624 2903 1832 2949 tuorum
1862 2896 2112 2965 qualitas,

530 2975 743 3032 assidue
772 2978 887 3033 viso
906 2981 1167 3051 principe,
1198 2998 1309 3038 non
1334 2984 1549 3039 celabit.
1581 2984 1730 3039 Mens
1752 2995 1839 3039 tua
1864 2994 1921 3040 et
1941 2987 2114 3042 oculis

530 3068 731 3123 nostris
758 3069 962 3137 patebit
990 3079 1045 3125 et
1071 3072 1309 3128 auribus.
1330 3072 1388 3127 ln
1418 3074 1567 3128 vultu
1596 3083 1652 3128 et
1678 3075 1730 3128 in
1759 3089 1892 3129 voce
1920 3089 2113 3143 cogno-

2219 1874 2409 1930 feceris
2432 1875 2598 1945 judex
2628 1884 2682 1931 et
2710 1876 2862 1932 testis
2890 1890 3003 1931 ero.
3036 1874 3170 1929 Nam
3194 1882 3251 1930 et
3278 1876 3324 1929 si
3353 1874 3544 1945 epulas
3572 1875 3795 1931 sollicita
3816 1903 3831 1916 -

2216 1966 2555 2021 ordinatione
2578 1965 2851 2035 disponas,
2894 1981 3003 2020 non
3029 1964 3203 2021 solum
3233 1973 3417 2021 nostro
3445 1965 3657 2038 palatio
3687 1966 3793 2021 cla-

2216 2074 2330 2125 rus,
2376 2056 2472 2112 sed
2520 2066 2573 2112 et
2600 2058 2848 2126 gentibus
2897 2072 3119 2112 necesse
3161 2063 3246 2111 est
3272 2056 3521 2111 reddaris
3545 2057 3791 2112 eximius.

2216 2146 2401 2216 Legati
2454 2163 2590 2218 pene
2640 2162 2709 2202 ex
2755 2155 2868 2203 tota
2916 2148 3063 2203 orbis
3112 2156 3266 2218 parte
3309 2148 3626 2215 venientes,
3679 2164 3792 2204 cum

2216 2236 2414 2295 nostris
2478 2240 2742 2309 ceperint
2792 2240 3054 2295 interesse
3108 2239 3407 2304 conviviis,
3465 2240 3790 2295 admirantur

2215 2346 2434 2400 copiose
2481 2339 2782 2400 repertum,
2830 2329 2975 2400 quod
3018 2329 3074 2384 in
3104 2331 3275 2400 patria
3303 2346 3399 2385 sua
3440 2340 3647 2385 norunt
3681 2347 3790 2386 esse

2214 2424 2564 2479 rarissimum.
2596 2423 2823 2492 Stupent
2864 2422 3028 2477 etiam
3054 2421 3434 2477 abundantiam
3467 2422 3631 2477 unius
3652 2439 3790 2477 mcu-

2216 2527 2288 2568 sae
2322 2520 2515 2568 tantas
2567 2513 2916 2568 servientium
2970 2512 3156 2567 turbas
3208 2527 3370 2582 posse
3435 2514 3667 2574 satiare.
3736 2522 3790 2569 ut

2211 2602 2452 2672 judicent
2471 2610 2787 2671 consumpta
2809 2608 3135 2666 recresce're,
3159 2600 3302 2655 unde
3325 2609 3472 2655 tanta
3502 2603 3788 2672 probantur

2215 2694 2382 2751 exire.
2415 2691 2624 2747 Habent
2649 2693 2898 2747 nimirum
2922 2692 2975 2746 in
3000 2706 3096 2745 sua
3122 2694 3293 2761 patria
3315 2693 3463 2762 quod
3485 2694 3786 2763 loquantur,

2215 2784 2342 2840 dum
2371 2784 2679 2854 parentibus
2706 2784 2816 2841 suis
2853 2784 3033 2842 dicere
3060 2786 3326 2854 gestiunt,
3377 2801 3501 2856 quae
3528 2787 3785 2843 viderunt.

2215 2876 2304 2931 Sic
2333 2876 2715 2946 propemodum
2743 2877 2796 2931 in
2824 2884 2945 2934 toto
2974 2877 3176 2933 mundo
3204 2878 3595 2936 celeberrimus
3621 2882 3786 2936 reddi-

2218 2974 2321 3030 tur,
2349 2965 2440 3034 qui
2460 2964 2711 3035 providus
2733 2966 2932 3021 nostris
2953 2966 3304 3037 apparatibus
3323 2966 3618 3041 invenitur.
3649 2966 3786 3024 Adde

2215 3055 2359 3122 quod
2410 3062 2650 3123 tempora
2696 3063 2895 3110 nostra:
2942 3054 3140 3109 laetitia
3186 3058 3473 3111 secretaria
3518 3067 3612 3113 tua
3653 3068 3783 3121 sunt,

516 3159 730 3214 scimus
769 3161 1116 3217 servientium
1157 3178 1354 3218 mores.
1399 3162 1457 3217 Si
1498 3162 1662 3221 facies
1710 3166 2016 3235 tranquilla,
2066 3167 2110 3221 si

2217 3159 2339 3199 cum
2393 3153 2579 3214 pectus
2628 3144 2870 3201 redditur
2912 3147 3055 3202 curis
3101 3147 3366 3215 alienum;
3422 3157 3479 3205 et
3532 3160 3658 3205 tmic
3702 3151 3785 3205 liii

533 3266 641 3305 vox
671 3251 947 3308 moderata
977 3256 1328 3322 suggesserit,
1360 3255 1627 3311 credimus
1652 3271 1771 3312 esse
1802 3258 2113 3326 probatissi-

536 3355 652 3395 mas
679 3356 889 3398 causas.
939 3343 1209 3414 Quidquid
1237 3330 1378 3400 enim
1409 3345 1745 3402 turbulenter
1772 3347 1984 3413 dicitur,
2024 3348 2113 3419 ju-

534 3429 735 3484 stitiam
758 3447 865 3487 non
885 3441 1154 3503 putamus.
1179 3435 1517 3507 Quapropter
1534 3440 1778 3508 pensabit
1797 3440 1940 3509 loqui
1965 3450 2111 3497 tuum

535 3519 862 3577 dominantis
902 3538 1161 3591 examen,
1202 3526 1418 3595 quando
1447 3536 1720 3598 nequeunt
1760 3529 2001 3600 praprias
2029 3537 2112 3586 te-

535 3627 665 3681 gere
695 3614 1021 3685 voluntates,
1044 3618 1134 3686 qui
1156 3633 1281 3674 suos
1306 3629 1531 3689 possunt
1555 3619 1794 3690 proferre
1813 3636 2112 3680 sermones.

537 3702 826 3773 Speculum
874 3706 1135 3775 siquidem
1185 3708 1363 3765 cordis
1411 3709 1687 3764 hominum
1738 3711 1901 3766 verba
1954 3720 2108 3779 sunt,

536 3794 661 3849 dum
696 3793 821 3851 illud
855 3796 1003 3867 [Gr.,
1035 3796 1156 3853 Niv.
1192 3806 1241 3856 et
1269 3797 1405 3866 ϐα..
1445 3800 1609 3871 illico]
1634 3801 1873 3856 moribus
1897 3800 2107 3871 placere

539 3888 791 3953 creditur,
840 3888 984 3957 quod
1032 3890 1146 3961 ipse
1174 3891 1275 3947 sibi
1322 3891 1392 3946 ad
1432 3893 1696 3962 agendum
1739 3893 1931 3962 legisse
1960 3909 2117 3949 mon-

536 3984 754 4033 stratnr.
807 3979 1077 4050 Superbus
1123 3980 1414 4049 quinetiam
1465 3992 1489 4018 ιι
1539 3982 1789 4038 varicatis
1845 3984 2116 4052 gressibus

536 4078 706 4138 patet.
753 4066 1039 4126 Iracundus
1077 4072 1333 4127 luminum
1372 4072 1583 4129 fervore
1612 4073 1935 4129 declaratur.
1978 4072 2117 4131 Sub-

536 4158 694 4216 dolus
720 4170 992 4217 terrenum
1014 4177 1226 4234 semper
1249 4172 1397 4219 amat
1417 4173 1709 4234 aspectum.
1746 4164 1911 4219 Leves
1938 4165 2117 4220 incon-

534 4253 731 4305 stantia
779 4253 958 4322 prodit
1000 4254 1298 4308 oculorum.
1342 4254 1546 4309 Avarus
1589 4255 1811 4310 obuncis
1851 4254 2116 4323 unguibus

538 4342 876 4411 explanatur.
908 4341 977 4397 Et
1003 4344 1123 4400 ideo
1155 4344 1221 4399 ad
1259 4360 1393 4415 quas
1428 4345 1669 4415 provecti
1714 4344 1864 4412 estis,
1905 4345 2116 4399 studete

533 4432 836 4501 irtutibus,
874 4436 1002 4505 quia
1031 4452 1190 4491 nemo
1235 4445 1412 4507 potest
1448 4438 1745 4507 principem
1772 4436 1981 4503 fallere,
2019 4439 2111 4507 qui

2215 3235 2465 3311 tribuitur
2499 3236 2815 3305 suggerendi
2841 3237 3013 3305 locus,
3041 3239 3257 3309 quando
3286 3240 3493 3296 cunctis
3521 3241 3786 3297 adimitur.

2213 3323 2425 3389 Merito,
2446 3333 2506 3379 ut
2527 3327 2618 3395 qui
2642 3342 2700 3381 es
2714 3326 2879 3396 judex
2906 3329 3039 3384 tanti
3068 3340 3356 3399 apparatus
3387 3341 3439 3386 et
3485 3334 3789 3402 epularum,

2214 3412 2241 3453 ιθ
2272 3412 2522 3470 delinitus
2551 3414 2664 3486 [Gn
2686 3459 2701 3482 ,
2732 3416 3175 3484 delicatissimus;
3208 3418 3362 3486 Con,
3393 3418 3513 3475 Niv.
3534 3460 3551 3487 ,
3582 3421 3790 3477 delica-

2214 3505 2453 3577 tissimis]
2481 3506 2615 3563 cibis
2645 3507 2739 3563 tibi
2768 3509 2977 3565 animus
3004 3510 3348 3566 concedatur.

2215 3616 2283 3672 X.
2314 3634 2562 3674 FOBHULA
2598 3635 2702 3683 QUL
2739 3635 2838 3676 Ρειι
2877 3637 3183 3678 οοοιοιιιοε
3222 3638 3494 3677 VACANTES
3532 3638 3793 3680 ηοσειεί

2913 3725 3096 3767 ΗΑΝΤ.

2285 3798 2724 3855 Periclitarentur
2769 3801 3006 3869 graviter
3049 3803 3177 3858 boni
3220 3817 3424 3869 mores,
3475 3802 3525 3858 si
3553 3812 3652 3858 aut
3676 3804 3793 3860 solis

2214 3891 2484 3955 divitibus,
2518 3901 2608 3946 aut
2650 3908 2880 3962 corpore
2923 3894 3227 3949 valentibus
3271 3904 3667 3964 prmstarentur
3694 3905 3793 3949 tan~

2214 3982 2491 4037 tummodo
2538 3982 2842 4051 dignitates,
2874 3983 3001 4038 dum
3026 3985 3226 4039 multos
3256 3985 3500 4041 invenias
3545 3987 3794 4042 excubias

2213 4071 2398 4143 palatii
2440 4070 2703 4141 refugere,
2732 4073 2823 4142 q'ui
2854 4074 3019 4142 magis
3047 4074 3254 4143 possint
3283 4074 3543 4130 laudabili
3572 4092 3793 4131 convcr-

2204 4164 2423 4219 satione
2449 4162 2674 4230 fulgere.
2708 4163 2886 4219 Multis
2914 4166 3056 4219 enim
3086 4164 3311 4223 facultas
3337 4181 3432 4221 sua
3463 4181 3575 4223 non
3608 4168 3793 4223 sufﬁcit

2215 4252 2280 4308 ad
2329 4253 2688 4323 triumphum;
2747 4255 2929 4309 multis
2982 4255 3488 4325 philosophantibus
3551 4258 3792 4329 corporis

2214 4344 2466 4400 valetudo
2492 4345 2857 4411 subtrahitur;
2905 4353 2960 4401 et
2989 4346 3046 4399 fit
3092 4346 3411 4417 plerumque
3435 4357 3498 4403 ut
3526 4350 3791 4419 sapientes

2216 4438 2595 4493 inremunerati
2620 4437 2865 4508 jaceant,
2896 4438 2941 4493 si
2961 4453 3175 4508 semper
3195 4436 3442 4494 hominm
3468 4439 3539 4493 ad
3566 4440 3790 4496 honores

534 4525 699 4580 etiam
750 4541 928 4581 rerum
981 4527 1302 4583 naturalium
1352 4544 1541 4583 causas
1594 4529 1649 4582 in
1707 4527 1859 4582 vobis
1910 4527 2111 4596 optime
2146 4533 2189 4590 D
2215 4530 2548 4586 comitatensi
2578 4530 2953 4585 observatione
2992 4529 3326 4599 perveniant.
3361 4528 3564 4584 Rarum
3598 4538 3682 4585 est
3708 4529 3791 4584 uni

531 4618 791 4687 probatur
819 4618 1108 4687 inquirere.
1151 4618 1486 4690 QuaprOpter
1512 4619 1579 4674 ad
1607 4620 1911 4674 comitivam
1937 4617 2103 4688 patri-

534 4709 702 4763 monii
742 4710 909 4765 nostri
938 4716 991 4765 te
1017 4726 1116 4781 per
1155 4711 1499 4767 indictionem
1532 4711 1676 4766 illam
1707 4711 1840 4780 (Deo
1864 4709 2107 4780 juvaute)

529 4817 932 4873 promovemus,
982 4812 1042 4858 ut
1087 4805 1363 4859 inavarum
1398 4803 1634 4872 judicem
1679 4802 1876 4872 palatia
1926 4810 2109 4857 nostra

530 4901 818 4960 testentur,
845 4908 1005 4962 quem
1033 4908 1132 4948 nos
1150 4892 1504 4961 indicavimus
1524 4904 1642 4944 esse
1663 4876 2108 4958 promovendum.

529 4987 668 5054 Quid
697 4989 837 5042 enim
867 4988 1035 5055 magis
1066 4988 1247 5055 cupias
1276 4999 1436 5054 quam
1474 4983 1520 5039 si
1545 4991 1597 5037 te
1620 4983 1826 5052 linguas
1854 4982 2111 5036 nobilium

601 5171 629 5200 ι
667 5161 1228 5234 Varicatirgrcssibus,
1279 5159 1331 5234 id
1359 5171 1440 5215 est
1467 5160 1651 5234 dolose
1686 5159 1864 5234 :unde
1891 5174 2099 5234 prmva;

527 5233 811 5302 ricatores,
843 5235 878 5288 Ι.
926 5229 1049 5295 ΞΙΞ,
1086 5231 1537 5302 Praeparicatares,
1576 5231 1655 5285 De
1691 5231 1827 5302 verb.
1870 5232 2029 5302 sigm,
2062 5229 2101 5284 l.

530 5303 588 5370 1,
618 5302 684 5356 ad
710 5301 769 5357 S.
798 5298 861 5358 C.
890 5302 1113 5373 Turpill.
1145 5300 1307 5367 Plin.,
1337 5301 1428 5373 lib.
1463 5316 1608 5366 xvm,
1631 5316 1754 5373 cap.
1789 5298 1822 5352 9
1847 5317 1859 5352 :
1887 5298 2099 5373 A'rator,

527 5369 723 5442 inquit,
766 5374 867 5430 nisi
908 5369 1156 5429 incurvus
1193 5371 1586 5442 pragvaricatur.
1631 5369 1757 5424 lude
1786 5370 2100 5442 translatum

528 5442 585 5497 id
609 5439 824 5499 'nomen
871 5444 925 5498 in
953 5442 1157 5507 forum;
1188 5442 1261 5497 ibi
1290 5441 1468 5510 itaque
1497 5447 1750 5510 caveatur
1773 5439 1863 5510 ubi
1912 5439 2099 5510 inven-

529 5520 645 5566 tum
690 5522 791 5568 est.
826 5513 1082 5583 Ulpianus
1112 5523 1309 5583 tamen,
1339 5507 1408 5565 ex
1460 5509 1727 5583 Labeone,
1768 5509 1821 5561 in
1850 5507 1888 5561 l.
1922 5509 1974 5572 1,
2021 5507 2100 5561 De

529 5580 1027 5650 prmuaricatoribus,
1060 5599 1091 5637 a
1127 5581 1273 5636 varia
1300 5580 1923 5650 concertationenomen
1945 5586 2098 5650 tract

530 5646 645 5705 tum
667 5654 742 5707 ait
767 5670 778 5705 :
803 5668 921 5723 qua:
943 5646 1145 5723 notatio
1166 5650 1374 5723 defendi
1399 5657 1596 5723 posset,
1630 5649 1753 5723 quia
1772 5647 1907 5700 varii
1929 5646 2099 5701 dolosi

532 5720 895 5792 nominantur,
928 5724 963 5775 l.
999 5722 1049 5774 1.
1084 5722 1243 5792 ἱμάς
1270 5720 1421 5792 dolo,
1449 5720 1480 5792 ῥ
1506 5720 1739 5792 nemihi
1754 5724 2041 5792 κατηγορῶν
2071 5731 2100 5771 a

533 5789 732 5860 (ιι-πρὶς
753 5794 997 5861 vertitur,
1028 5792 1112 5847 tit.
1146 5790 1194 5846 l.
1228 5791 1315 5847 lib.
1351 5807 1415 5844 ω(
1448 5788 1659 5847 Basilio.
1700 5788 1865 5865 Fons:

2212 4619 2377 4673 multa
2407 4617 2698 4683 conﬂuere,
2743 4633 2863 4674 cum
2894 4619 3142 4674 omnibus
3171 4616 3364 4672 debeat
3388 4620 3669 4687 regnantis
3688 4619 3790 4688 pie-

2211 4718 2294 4763 tas
2317 4710 2623 4764 subvenire.
2653 4708 2790 4775 Quid
2812 4710 2855 4763 si
2878 4709 2944 4763 ad
2968 4724 3232 4779 expensas
3252 4709 3570 4764 consulatus
3598 4724 3789 4780 panper

2213 4800 2407 4853 nobilis
2435 4799 2793 4869 expavescat?
2819 4798 2946 4865 quid
2977 4798 3021 4851 si
3068 4798 3331 4867 sapientia
3359 4792 3542 4853 clarus
3570 4799 3786 4868 praefec-

2216 4898 2345 4944 turae
2394 4898 2625 4959 nequeat
2653 4889 2917 4943 sustinere
2962 4888 3276 4943 molestias?
3319 4888 3447 4957 quid
3477 4890 3523 4943 si
3555 4889 3789 4958 pondera

2213 4988 2495 5048 qumstum:
2521 4978 2747 5034 aflluens
2793 4979 2971 5049 lingua
3017 4975 3305 5033 formidet?
3334 4977 3464 5049 quid
3510 4978 3557 5033 si
3604 4978 3791 5047 reliqui

2277 5157 2307 5198 ιι
2357 5157 2792 5224 Delimtus,vet.,
2824 5158 3237 5213 delicatissimus.
3289 5155 3475 5211 Obiter
3523 5157 3788 5212 notandus

2207 5243 2345 5294 mos,
2386 5244 2492 5297 quo
2515 5242 2697 5297 regum
2726 5228 2984 5297 conviviis
3006 5228 3165 5297 legati
3194 5227 3614 5297 adhibebantur,
3647 5225 3784 5296 quod

2248 5296 2658 5353 erbonorilicum
2706 5296 2823 5353 fuit.
2874 5296 3141 5352 Ammian.
3190 5296 3468 5360 Marcell.,
3524 5297 3622 5350 lib.
3675 5311 3783 5349 xv:

2259 5383 2534 5437 onoreque
2594 5383 2789 5437 mensae
2833 5368 3025 5437 regalis
3075 5366 3212 5420 adeo
3260 5366 3600 5437 antepositus
3652 5364 3781 5437 aliis.

2208 5434 2462 5509 Paeacus:
2484 5436 2855 5509 Panegyristes
2889 5454 2902 5489 :
2935 5436 3027 5509 Ille
3054 5437 3437 5492 cohonestatus
3468 5434 3784 5509 aﬂ‘a‘tuuillc

2206 5522 2389 5563 mensa
2437 5503 2650 5572 beatus,
2664 5503 2784 5560 "ille
2813 5507 2998 5560 osculo
3028 5514 3377 5561 consecratus
3404 5512 3508 5558 est.
3550 5503 3617 5569 Q.
3651 5503 3781 5572 Cur:

2205 5577 2328 5639 tius,
2380 5576 2471 5631 lib.
2523 5568 2656 5631 vm':
2690 5574 2993 5643 Praecipuus
3040 5575 3217 5629 honor
3268 5568 3591 5643 habebatur,
3638 5568 3787 5640 ηιιιιίι

2202 5646 2399 5701 licebat
2425 5645 2735 5700 sedentibus
2765 5642 2907 5700 vesci
2936 5661 3057 5700 cum
3089 5659 3234 5709 rege.
3268 5643 3447 5697 Valer.
3482 5642 3648 5703 Μαι,
3682 5643 3773 5693 lib.

2204 5731 2255 5779 ν,
2288 5730 2405 5784 cap.
2441 5716 2495 5785 l,
2524 5715 2591 5770 de
2638 5714 2804 5771 Paulo
2834 5715 3061 5785 loquens
3094 5732 3106 5767 :
3140 5714 3249 5770 Nec
3278 5713 3551 5782 indignum
3584 5723 3778 5767 mensa

2203 5786 2428 5843 honore.
2462 5784 2701 5842 FORNER.
