3958 6464
133 367 263 424 695

1427 359 1783 420 VARIABUM
1823 357 2023 414 LIBER
2063 357 2149 414 VI.

3335 359 3443 415 ως

130 476 342 532 fasces
424 476 792 532 molestiarum
817 489 821 491 ·
847 474 1005 530 tmdio
1073 475 1308 530 vitentur
1366 475 1538 549 forte,
1603 489 1763 544 quam
1794 476 1840 530 Α
1872 478 2024 524 scunt
2054 484 2237 539 sparsa
2276 470 2501 534 semina,
2545 471 2646 527 nisi
2677 472 2839 527 etiam
2869 479 3025 528 terra:
3050 470 3281 544 qualitas
3324 469 3440 526 fue-

130 567 386 622 meritis
405 569 434 623 Ῠ
461 568 649 622 Nonne
675 566 766 621 sia
781 566 989 634 magnis
1007 565 1136 620 viris
1165 566 1291 620 talia
1319 564 1587 634 fugiantur
1614 565 1764 619 inve-

135 657 446 713 recundia
477 664 672 714 nostra:
701 656 1142 722 mansuetudinis,
1173 654 1460 725 quamdam
1495 656 1762 724 repulsam

133 747 484 818 suscipiunt
525 746 843 816 dignitates?
871 745 1085 812 Quanto
1119 746 1314 814 justius
1351 746 1494 800 bono
1536 745 1764 815 principi

135 834 640 891 inremuneratum
685 835 816 888 nihil
853 835 1176 904 relinquere,
1223 833 1366 904 quod
1399 832 1528 888 facit
1575 841 1763 886 natura

136 923 492 985 laudabile?
542 924 815 993 Sapientia
871 932 980 991 est,
1042 939 1162 994 quae
1215 925 1451 981 honores
1507 931 1762 986 meretur,

138 1019 345 1065 totum
406 1011 552 1067 aliud
599 1013 930 1069 extrinsecus
959 1015 1122 1068 venit.
1168 1015 1321 1085 103
1350 1013 1476 1068 Sola
1520 1022 1603 1068 est
1640 1029 1767 1082 pru-

135 1101 374 1167 (lentia,
423 1119 545 1173 qua:
572 1105 733 1160 rebus
775 1107 1026 1160 omnibus
1071 1107 1417 1176 prmponitur,
1468 1105 1680 1174 quando
1711 1106 1763 1158 in

136 1192 398 1248 homine
442 1193 676 1249 feliciter
703 1196 986 1250 invenitur.
1037 1194 1118 1250 Sit
1163 1195 1300 1266 apud
1331 1211 1428 1250 nos
1457 1204 1512 1250 et
1540 1194 1768 1248 fortunis

137 1281 560 1350 integerrimus
605 1286 922 1351 consularis,
972 1286 1080 1340 sint
1121 1296 1175 1341 et
1217 1286 1332 1340 sine
1375 1285 1534 1354 longo
1583 1286 1768 1340 labore

137 1373 462 1440 primates,
492 1374 728 1428 habeant
768 1376 1027 1430 exercitia
1067 1377 1284 1445 praemia
1310 1391 1434 1441 sua;
1466 1375 1560 1430 sed
1587 1383 1641 1429 et
1670 1375 1769 1429 iste

138 1463 514 1518 honorabilis
542 1464 690 1519 locus
713 1465 802 1530 sit,
835 1465 927 1534 qui
952 1473 1155 1520 tantum
1178 1466 1381 1521 meritis
1405 1471 1764 1535 comparatur.

141 1550 355 1620 Neque
411 1553 556 1607 enim
583 1554 814 1609 absurde
855 1555 1001 1623 leges
1041 1556 1418 1612 sacratissima:
1445 1564 1770 1611 censuerunt

139 1634 250 1694 eos
287 1656 446 1710 quos
478 1643 636 1698 bona:
675 1644 942 1714 Opinionis
971 1644 1112 1700 fama
1139 1646 1482 1702 commendat
1509 1647 1769 1702 codicillis

144 1733 499 1788 vacantibus
519 1735 652 1790 tales
673 1750 913 1804 quaerere
937 1739 1286 1794 summitates.
1311 1737 1456 1805 Quos
1479 1739 1580 1794 etsi
1608 1739 1770 1794 facul-

1865 561 1934 613 rit
1958 561 2215 630 operata)
2240 560 2519 614 habiturus
2559 576 2788 616 messem
2815 561 2885 616 de
2922 570 3104 616 nostra
3137 563 3307 630 gratia
3347 578 3438 615 en-

1863 649 2091 716 piosam,
2122 649 2166 703 si
2207 665 2236 702 a
2280 648 2549 717 tejudicia
2594 659 2777 705 nostra
2805 651 3216 719 cognoverimus
3243 652 3444 721 optime

1866 739 2028 794 fuisse
2057 747 2300 793 tractata.

2077 890 2187 945 XII.
2232 907 2477 946 ronuuu
2515 905 2781 946 COMITIVE
2824 906 2970 947 ram
3005 907 3228 946 OBDINIS.

1936 1007 2184 1075 Magnum
2213 1007 2423 1074 quidem
2447 1006 2628 1060 multis
2649 1013 2703 1060 et
2731 1004 2870 1059 inter
2893 1006 3037 1059 vices
3073 1004 3284 1060 videtur
3324 1021 3444 1060 esse

1866 1099 2158 1167 geniatum,
2209 1098 2436 1168 publica!
2474 1097 2692 1152 utilitati
2721 1096 2905 1167 probis
2939 1096 3240 1151 actionibus
3282 1111 3441 1151 occu»

1866 1190 2000 1259 pari.
2033 1188 2138 1243 Sed
2177 1197 2380 1256 quanto
2419 1186 2626 1242 felicius
2664 1187 2926 1243 honorem
2966 1185 3302 1257 splendidum
3350 1201 3430 1239 sn.

1865 1295 2034 1347 ntere,
2066 1287 2120 1333 et
2140 1279 2526 1346 cogitationum
2556 1278 2829 1333 molestias
2878 1293 2983 1334 non
3013 1277 3248 1332 habere?
3276 1276 3444 1332 Inter-

1867 1371 1992 1425 dum
2019 1370 2161 1424 enim
2182 1369 2380 1424 assidui
2401 1369 2612 1424 labores
2633 1370 2792 1423 etiam
2821 1370 2962 1441 ipsas
2985 1369 3223 1438 ingratas
3245 1367 3444 1423 faciunt

1866 1460 2173 1527 dignitates,
2203 1459 2329 1513 dum
2355 1459 2692 1513 imbecillitas
2721 1461 2953 1512 humana
2981 1460 3090 1514 cito
3114 1459 3253 1515 solet
3280 1460 3442 1513 susti-

1866 1563 1996 1602 nere
2018 1547 2254 1612 fastidia;
2282 1554 2336 1602 et
2363 1546 2506 1617 quod
2530 1548 2677 1618 prius
2703 1548 2950 1603 ambiisse
2973 1549 3224 1612 creditur,
3256 1557 3443 1618 postea

1866 1639 2039 1691 vitare
2093 1637 2231 1691 velle
2289 1638 2538 1691 sentitur.
2591 1635 2698 1691 Sed
2745 1637 2850 1692 hoc
2898 1637 3066 1691 multo
3111 1639 3444 1710 praestantius

1867 1728 2058 1783 adesse
2085 1727 2462 1797 conspectibus
2489 1728 2668 1796 regiis,
2713 1735 2768 1781 et
2793 1728 2980 1782 abesse
3013 1727 3303 1794 molestiis;
3334 1741 3446 1795 gra—

145 1829 242 1875 tas
268 1823 330 1876 in
367 1824 509 1877 tanti
530 1825 1023 1896 honorisapparatu
1049 1826 1340 1894 desereret,
1367 1829 1537 1883 virtus
1559 1830 1770 1884 conscia
1809 1826 1847 1883 Β
1877 1819 2005 1872 liam
2051 1818 2253 1873 habere
2307 1817 2432 1883 100i,
2481 1825 2537 1872 οι
2582 1816 2752 1874 Vitare
2800 1817 3153 1872 contumelias
3197 1818 3442 1872 θειίοηίε·

145 1928 269 1968 non
301 1914 542 1970 celaret.
581 1915 814 1971 Animati
843 1927 967 1973 sunt
994 1917 1064 1972 ad
1093 1920 1240 1987 talia,
1265 1919 1356 1987 qui
1385 1919 1452 1974 de
1483 1935 1578 1974 sua
1613 1921 1762 1975 vide-

144 2003 374 2058 bantur
425 2003 712 2074 desperare
758 2006 992 2062 fortuna.
1040 2007 1156 2065 Hoc
1203 2017 1259 2064 et
1305 2009 1662 2066 validissimus
1699 2010 1766 2065 ad

145 2092 422 2165 labores,
452 2095 558 2152 hoc
583 2105 638 2152 et
666 2097 944 2155 imbecillis
962 2115 1190 2172 corpore
1211 2108 1450 2156 meretur
1472 2101 1540 2157 ad
1560 2102 1761 2157 laudes.

147 2184 304 2240 Nam
339 2201 537 2242 omnes
570 2189 670 2243 sub
698 2188 1009 2246 diversitate
1032 2189 1411 2261 praedicantur,
1442 2207 1577 2262 quos
1608 2193 1766 2262 hujus

149 2291 383 2331 nomen
430 2277 650 2334 honoris
696 2280 1063 2350 amplectitur;
1112 2290 1168 2337 et
1208 2284 1378 2352 magis
1417 2285 1598 2340 nescio
1639 2286 1766 2354 quid

150 2367 412 2438 amplius
439 2370 615 2424 meriti
661 2372 949 2428 extorsisse
995 2373 1252 2442 creditur,
1297 2375 1388 2444 qui
1418 2374 1572 2448 [Gr.,
1621 2374 1765 2447 Cuj.,

155 2457 295 2514 Niv.
333 2469 390 2514 et
420 2458 540 2526 ϐα..
565 2461 728 2532 quod]
750 2478 864 2517 rem
892 2463 1249 2519 laborantium
1270 2466 1478 2520 otiosus
1501 2467 1762 2522 meruisse

155 2550 436 2605 sentitur.
482 2549 657 2621 Atque
696 2551 816 2607 ideo
859 2554 1212 2622 praasentibus
1257 2555 1517 2610 codicillis
1560 2557 1626 2611 ab
1673 2557 1764 2612 illa

156 2637 481 2696 indictione
528 2640 658 2695 illud
704 2642 796 2696 tibi
827 2644 1058 2714 prepitia
1098 2644 1385 2700 Divinitate
1421 2643 1669 2712 defende,
1705 2656 1763 2701 ut

159 2728 526 2784 considerata
552 2731 763 2785 ratione
788 2734 1064 2801 prrcsentis
1091 2736 1367 2804 temporis,
1397 2735 1573 2803 adepti
1601 2736 1770 2789 hono-

159 2818 241 2872 ris
268 2819 470 2873 ordine
498 2821 740 2889 potiaris.
770 2821 848 2875 Ita
874 2831 1072 2888 tamen,
1121 2832 1182 2877 ut
1217 2824 1291 2877 illi
1318 2824 1489 2878 modis
1518 2826 1766 2881 omnibus

162 2908 554 2979 prmferantur,
603 2910 694 2980 qui
738 2910 933 2966 sudore
961 2913 1194 2966 maximo
1235 2913 1432 2967 nostris
1460 2915 1765 2982 aspectibus

161 2996 492 3052 adfuerunt.
509 2997 735 3052 Necesse
759 3007 839 3052 est
866 3000 1007 3052 enim
1034 3008 1091 3054 ut
1116 3015 1277 3054 unum
1300 3000 1456 3056 cedat
1477 3001 1621 3072 [Ed.,
1645 3004 1760 3070 Λα,

166 3084 225 3139 Ν
231 3091 308 3140 iv.
342 3095 393 3139 et
425 3086 544 3152 Cm,
576 3087 759 3141 credat
786 3088 803 3157 J
833 3089 1080 3142 meritum
1120 3087 1327 3146 duobus
1354 3090 1587 3145 evictum
1617 3091 1760 3162 με..

1869 1910 2033 1965 Dulce
2048 1919 2131 1965 est
2159 1909 2355 1978 aliquid
2379 1909 2455 1964 sic
2478 1909 2692 1974 mereri,
2717 1917 2777 1964 ut
2810 1908 2956 1973 nulla
2983 1908 3154 1979 possit
3174 1909 3447 1964 anxietate

1867 2000 2089 2067 turbari,
2117 1999 2241 2055 dum
2273 1999 2438 2054 multo
2466 2000 2669 2068 gratius
2699 2000 2958 2064 redditur,
2990 1998 3078 2053 ubi
3118 2000 3446 2070 prosperita-

1867 2089 1935 2142 tis
1961 2089 2073 2143 sola
2114 2088 2304 2156 gaudia
2335 2088 2657 2142 sentiuntur.
2689 2087 2842 2142 Hunc
2881 2088 3043 2156 igitur
3062 2088 3322 2144 honorem
3353 2089 3446 2143 tibi

1866 2180 2088 2250 respicis
2118 2179 2290 2232 otiosa
2317 2179 2748 2234 remuneratione
2771 2179 3089 2248 praestitum,
3110 2179 3201 2248 qui
3225 2179 3443 2234 nimium

1867 2268 2233 2323 laborantibus
2260 2268 2476 2336 antiqua
2499 2269 2740 2324 noscitur
2768 2268 3079 2338 provisione
3108 2268 3354 2334 collatus,
3387 2279 3445 2323 ut

1864 2366 2104 2413 rectores
2130 2358 2524 2427 provinciarum
2559 2359 2683 2412 anni
2730 2361 2943 2415 actione
2984 2360 3229 2416 laudatos
3258 2362 3346 2415 vix
3376 2361 3444 2414 ad

1869 2449 1974 2502 tale
2009 2447 2221 2503 culmen
2273 2448 2618 2518 adducerent,
2667 2449 2862 2523 quibus
2904 2449 3302 2506 confitebantur
3329 2452 3442 2521 plu-

1867 2538 2000 2591 rima
2026 2552 2085 2591 se
2105 2536 2320 2592 debere.
2352 2536 2655 2592 Consiliarii
2680 2551 2894 2609 quoque
2916 2540 3287 2610 praefectorum
3312 2557 3443 2596 con-

1866 2626 2089 2681 scientia
2136 2627 2289 2694 clari,
2321 2627 2626 2695 dictatione
2667 2629 2942 2698 przecipui,
2985 2631 3078 2700 qui
3105 2631 3159 2684 in
3203 2631 3291 2686 illo
3322 2641 3443 2687 actu

1865 2718 2205 2788 amplissimae
2233 2718 2561 2788 przefecturae
2601 2719 2680 2774 sic
2706 2719 2956 2775 videntur
2979 2735 3233 2776 exercere
3261 2721 3443 2776 facun-

1865 2808 2030 2874 diam,
2057 2817 2114 2861 ut
2143 2808 2210 2861 ad
2253 2809 2515 2862 utilitates
2544 2808 2784 2878 publicas
2822 2809 3180 2879 expediendas
3220 2811 3441 2865 alteram

1865 2897 2056 2952 credas
2081 2911 2200 2951 esse
2225 2905 2568 2965 qumsturam.
2599 2896 2751 2952 Unde
2775 2899 3084 2966 frequenter
3105 2909 3161 2954 et
3188 2915 3284 2955 nos
3302 2901 3442 2968 judi-

1866 3002 1956 3041 ces
1985 2987 2321 3052 assumimus,
2353 2987 2476 3054 quia
2518 3001 2612 3042 eos
2640 2987 2980 3043 doctissimos
3009 2991 3438 3060 comprobamns.

1867 3079 2002 3145 Quid
2032 3092 2159 3145 ergo
2181 3079 2246 3134 de
2269 3079 2360 3132 tali
2393 3079 2600 3132 honore
2629 3079 2908 3145 sentiatur,
2939 3095 3202 3149 agnosce:
3227 3083 3441 3150 quando

166 3175 478 3246 evectum].
510 3176 718 3246 Alioqui
740 3193 926 3233 omnes
945 3179 1012 3233 ad
1031 3179 1238 3247 quietas
1286 3189 1508 3249 possunt
1545 3197 1762 3238 currere

1870 3170 2100 3241 prznfccti
2131 3169 2245 3243 [Gn
2276 3178 2324 3224 et
2362 3169 2505 3240 Cuj.,
2537 3169 2780 3242 perfecti]
2809 3172 2909 3236 viri
2939 3189 3036 3242 pro
3057 3180 3138 3227 tot
3162 3173 3439 3227 laudabili-

169 3267 495 3335 dignitates,
526 3270 572 3324 si
602 3269 907 3326 laborantes
935 3271 1156 3327 minime
1177 3271 1527 3341 prmferantur
1553 3274 1759 3328 otiosis.

172 3356 601 3426 Consequantur
620 3360 730 3423 illa,
761 3361 853 3429 qui
881 3371 1126 3430 possunt;
1157 3376 1256 3416 nec
1275 3363 1428 3417 nobis
1448 3363 1623 3419 desint
1641 3366 1761 3429 ista,

176 3464 302 3517 qua:
335 3451 622 3506 credimus.
651 3451 740 3506 Sic
761 3460 985 3520 utraque
1006 3454 1172 3521 gratia
1203 3455 1488 3521 concitati,
1517 3464 1570 3511 et
1595 3457 1669 3510 illi
1698 3457 1765 3512 ad

177 3541 389 3610 palatia
435 3550 618 3597 nostra
649 3541 898 3598 festinare
927 3551 1207 3612 poterunt,
1247 3551 1303 3599 et
1347 3561 1444 3602 vos
1469 3546 1636 3617 optati
1665 3546 1765 3602 ho-

178 3631 334 3686 noris
363 3631 557 3701 gaudia
577 3633 919 3688 comitantur.

433 3786 524 3842 XI.
575 3803 821 3844 roanuu
857 3804 1216 3844 ruusrnnus
1251 3805 1523 3844 vacuus.

254 3897 490 3955 Constat
517 3898 724 3955 felicem
771 3915 891 3956 esse
918 3901 1300 3971 rempublicam
1329 3918 1448 3974 qua:
1483 3903 1664 3959 multis
1691 3905 1767 3959 ci-

183 3991 342 4046 vibus
394 3989 695 4059 resplendet
739 4000 947 4046 ornata.
997 3992 1129 4046 Nam
1175 3993 1315 4048 sicut
1360 3982 1551 4049 caelum
1597 3995 1768 4050 stellis

185 4081 436 4136 redditur
478 4081 700 4146 clarum,
731 4081 807 4136 sic
841 4083 1084 4137 relucent
1124 4084 1282 4138 urbes
1311 4084 1510 4139 lumine
1535 4084 1767 4155 dignitas

187 4176 322 4224 tum.
355 4168 478 4223 Non
507 4169 632 4238 quia
681 4169 774 4224 ﬁat
811 4171 974 4226 homo
1003 4171 1138 4225 alter
1164 4173 1476 4242 honoribus,
1521 4175 1616 4230 sed
1641 4176 1768 4244 quia

189 4258 488 4314 modestior
531 4259 779 4326 efﬁcitur,
820 4275 851 4314 a
879 4276 985 4330 quo
1029 4264 1452 4320 conversationis
1494 4265 1627 4321 ordo
1655 4281 1771 4322 me-

190 4347 292 4403 lior
317 4349 646 4419 postulatur.
678 4349 807 4414 Quis
853 4351 995 4406 enim
1024 4354 1330 4422 opinionem
1374 4370 1525 4410 suam
1556 4356 1768 4426 vitupe-

192 4439 438 4494 rabiliter
465 4446 698 4496 tractare
732 4441 882 4509 velit,
925 4457 1087 4511 quam
1132 4445 1432 4512 specialiter
1475 4445 1544 4501 ad
1583 4447 1766 4503 laudes

1867 3263 1966 3315 bus
1993 3261 2249 3315 institutis
2274 3259 2578 3329 hujusmodi
2601 3261 2882 3316 inveniunt
2901 3263 3117 3332 prmmia
3147 3263 3439 3331 dignitatis,

1866 3361 1921 3408 et
1948 3353 2142 3407 merito
2189 3367 2311 3406 cum
2357 3360 2504 3406 tanta
2532 3367 2728 3423 pompa
2765 3354 2994 3419 ceditur,
3027 3359 3147 3424 quat
3185 3356 3441 3409 senatorii

1863 3458 2080 3513 quoque
2129 3442 2329 3498 ordinis
2391 3442 2687 3512 splendore
2739 3451 3008 3499 censetur.
3063 3442 3442 3516 Spectabilitas

1863 3535 2006 3589 clara
2054 3541 2109 3588 et
2158 3534 2478 3589 consistorio
2528 3542 2714 3589 nostro
2760 3533 3100 3602 dignissima,
3143 3536 3444 3604 quaeinter

1863 3625 2096 3681 illustres
2126 3624 2444 3692 ingreditur,
2477 3625 2617 3679 inter
2644 3639 2900 3695 proceres
2927 3626 3218 3681 advocatur
3243 3643 3255 3678 :
3281 3625 3438 3681 otiosi

1863 3717 2060 3785 cinguli
2088 3717 2295 3771 honore
2315 3716 2603 3785 praecincta
2632 3716 2890 3786 dignitas,
2910 3732 3028 3786 quae
3061 3718 3262 3772 nullum
3291 3718 3440 3772 novit

1863 3806 2154 3876 offendere,
2202 3807 2405 3862 nullum
2449 3808 2790 3875 cognoscitur
2825 3809 3122 3878 ingravare,
3167 3821 3234 3865 .et
3273 3796 3438 3878 super

1863 3895 2043 3950 omnia
2071 3895 2210 3950 bona
2237 3895 2508 3950 concitare
2532 3897 2704 3951 nescit
2724 3896 2996 3951 invidiam.
3023 3897 3284 3963 Quocirca
3313 3914 3440 3967 pro-

1862 3987 2038 4040 vocati
2067 3987 2306 4041 moribus
2333 3987 2456 4055 tuis,
2487 3987 2794 4043 comitivam
2824 3987 2917 4044 tibi
2954 3988 3114 4058 primi
3141 3987 3342 4043 ordinis
3371 3989 3446 4043 ab

1864 4076 1952 4131 illa
1975 4077 2262 4132 indictione
2284 4078 2582 4146 majestatis
2597 4077 2780 4132 favore
2801 4078 3073 4146 largimur,
3102 4087 3157 4132 ut
3175 4079 3442 4133 consisto-

1865 4169 2001 4224 rium
2023 4176 2262 4224 nostrum
2293 4171 2430 4223 sicut
2453 4178 2662 4237 togatus
2696 4168 2833 4242 [αἰῶ
2857 4167 3094 4239 rogatus]
3126 4171 3434 4236 ingrederis,

1867 4260 1940 4313 ita
1985 4260 2224 4314 moribus
2251 4259 2498 4313 laudatus
2517 4273 2768 4324 exornes,
2791 4259 3005 4330 quando
3036 4260 3240 4315 vicinus
3268 4261 3442 4316 honor

1866 4357 1950 4404 est
1977 4349 2286 4413 illustribus,
2315 4347 2441 4403 dum
2470 4349 2606 4404 alter
2633 4349 2839 4404 medius
2868 4365 2976 4405 non
3004 4351 3252 4406 habetur.
3281 4351 3439 4408 Dele-

1867 4447 1978 4494 etet
1999 4447 2051 4494 te
2073 4439 2192 4495 illos
2216 4439 2435 4507 imitari,
2457 4437 2594 4508 quos
2619 4440 2964 4509 proximitate
2984 4441 3267 4509 contingis.
3291 4441 3441 4498 Tunc

191 4529 424 4586 electam
451 4546 571 4586 esse
598 4533 871 4602 cognoscit
891 4535 913 4588 ἲ
937 4533 1088 4589 [llum
1116 4536 1377 4604 siquidem
1396 4537 1630 4594 honores
1646 4532 1840 4607 διο-ι)
1865 4528 2040 4585 locum
2067 4529 2299 4597 amplum
2342 4539 2396 4585 et
2424 4530 2793 4587 honorabilem
2821 4530 2972 4597 facis,
3011 4531 3056 4586 si
3087 4540 3139 4587 te
3166 4532 3440 4588 moderata
3476 4568 3477 4571 η

194 4620 428 4687 riticant,
459 4637 618 4691 quem
657 4624 999 4680 commendat
1037 4633 1093 4680 et
1121 4627 1250 4681 vita.
1292 4628 1426 4681 Nam
1454 4628 1596 4684 malo
1627 4630 1772 4685 insti-

195 4718 308 4766 tuto
354 4713 556 4780 vivere,
587 4727 688 4766 nec
733 4713 958 4783 principi
988 4715 1066 4769 fas
1112 4723 1214 4780 est,
1243 4716 1456 4784 quando
1493 4704 1551 4772 et
1579 4717 1645 4772 de
1674 4718 1766 4774 illo

197 4803 428 4871 populus
474 4803 684 4857 occulte
713 4811 890 4873 potest
919 4803 1120 4871 dicere,
1168 4807 1251 4859 cui
1281 4822 1458 4861 mores
1505 4823 1631 4863 suos
1670 4825 1766 4878 pu-

199 4891 332 4948 hlice
367 4893 542 4948 nullus
576 4909 736 4949 ausus
763 4902 844 4948 est
873 4894 1156 4964 imputare.
1190 4896 1332 4967 Cape
1357 4897 1515 4965 igitur
1538 4913 1635 4968 pro
1663 4899 1767 4954 title

203 4997 265 5036 ac
289 4985 564 5038 laboribus
593 4985 696 5038 tuis
726 4985 989 5039 comitiva:
1009 4985 1420 5041 domesticorum
1450 4988 1764 5043 illustratum

203 5082 498 5139 vacantem,
534 5081 591 5128 ut
610 5081 666 5127 et
686 5075 792 5129 tuis
819 5075 1022 5130 civibus
1049 5075 1327 5131 decoratus
1369 5093 1647 5148 apparens,
1691 5087 1764 5145 et,

207 5163 343 5227 quod
384 5171 468 5217 est
504 5163 869 5217 dulcissimum
916 5165 1182 5219 mentibus
1209 5165 1385 5233 bonis,
1407 5165 1607 5234 jugiter
1641 5182 1770 5235 pro-

208 5251 330 5319 priis
376 5254 694 5308 utilitatibus
735 5255 1040 5324 occuperis.
1083 5254 1220 5322 Quid
1263 5259 1405 5311 enim
1450 5257 1770 5315 fortunatius

209 5353 358 5407 quam
380 5357 564 5411 agrum
587 5343 785 5408 colere,
815 5352 869 5398 et
895 5344 948 5398 in
979 5345 1107 5400 urbe
1127 5345 1326 5409 lucere,
1365 5347 1455 5401 ubi
1482 5363 1616 5416 opus
1643 5364 1768 5418 pro-

210 5429 373 5496 prium
399 5430 628 5487 delectat
673 5441 970 5498 auctorem,
1013 5448 1114 5489 nec
1153 5435 1351 5504 aliquid
1379 5435 1610 5492 fallendo
1638 5454 1772 5493 con-

211 5519 448 5586 quiritur,
481 5521 607 5576 dum
635 5524 785 5578 suavi
810 5525 1002 5578 horrea
1024 5524 1205 5579 labore
1230 5526 1600 5582 cumulantur?
1626 5528 1769 5594 Qua-

211 5621 425 5680 propter
451 5630 550 5668 nos
578 5614 821 5672 dedimus
841 5617 1208 5673 delectabilem
1240 5619 1521 5688 honorem,
1551 5629 1608 5676 tu
1638 5639 1768 5677 con-

211 5705 542 5773 versationis,
573 5709 776 5763 associa
829 5709 1140 5778 dignitatem
1189 5713 1351 5779 (nam
1401 5719 1626 5782 utraque
1663 5715 1764 5769 sibi

211 5797 487 5866 conjuncta
512 5809 654 5870 sunt,
696 5817 856 5856 unum
887 5803 1082 5872 pendet
1111 5818 1175 5859 ex
1219 5803 1424 5867 altero;
1454 5820 1558 5860 non
1587 5808 1763 5863 coalc‘

1865 4621 2298 4676 consideratione
2327 4623 2662 4677 tractaveris.
2700 4622 3002 4678 Admoneat
3032 4632 3083 4678 te
3111 4633 3260 4680 certe
3297 4625 3444 4695 quod

1829 4771 1834 4777 ρ
1867 4722 2113 4782 suscepta
2151 4712 2380 4781 dignitas
2408 4713 2565 4782 primi
2605 4713 2808 4769 ordinis
2853 4714 3210 4784 appellatione
3254 4731 3442 4771 cense-
3485 4727 3489 4743 ξ

1867 4811 1990 4858 tur:
2017 4805 2220 4873 utique,
2254 4805 2377 4874 quia
2400 4813 2452 4859 te
2473 4814 2768 4874 sequuntur
2795 4821 2984 4862 omnes
3014 4809 3105 4876 qui
3129 4809 3442 4876 spectabili—

1868 4893 1993 4946 tatis
2021 4893 2226 4947 honore
2250 4892 2592 4948 decorantur.
2623 4893 2732 4948 Sed
2769 4895 2890 4950 vide
2929 4910 2998 4950 ne
3029 4897 3148 4964 quis
3170 4904 3221 4948 te
3249 4911 3441 4964 praece-

1869 4981 1963 5034 dat
1990 4983 2260 5051 opinione,
2304 4982 2394 5050 qui
2435 4984 2679 5052 sequitur
2717 4983 2998 5053 dignitate.
3027 4984 3241 5052 Alioqui
3278 4997 3440 5051 grave

1868 5072 2077 5141 pondus
2123 5072 2330 5125 invidia:
2371 5081 2469 5136 est,
2514 5073 2796 5142 Splendere
2841 5074 3036 5144 cinguli
3080 5074 3341 5138 claritate,
3386 5082 3440 5128 et

1870 5178 2079 5217 morum
2105 5163 2349 5233 lampade
2370 5179 2477 5218 non
2506 5165 2705 5221 lucere.

1866 5333 2003 5388 Xlll.
2045 5350 2289 5389 ronnuu
2335 5351 2582 5392 ItAGlS‘l'RI
2625 5353 2818 5394 scnmn
2866 5355 2934 5393 ET
2977 5353 3246 5396 conm”:
3294 5358 3436 5396 PRIMI

1942 5439 2166 5488 οιιιιιΝιε,
2204 5440 2322 5488 ουλε
2362 5443 2532 5484 DANDA
2579 5444 2676 5485 EST
2723 5443 3022 5496 COIICIACO,
3061 5429 3266 5493 QUANDO
3312 5447 3437 5486 PER-

1945 5531 2184 5570 ιιιιειτλτ.

1939 5625 1993 5680 Si
2025 5628 2198 5681 honor
2227 5628 2535 5698 frequenter
2561 5629 2798 5684 defertur
2838 5630 3045 5697 otiosis,
3085 5631 3129 5686 si
3169 5631 3436 5688 interdum

1867 5727 1958 5772 aut
1995 5721 2247 5774 nobilitas
2291 5721 2524 5788 eligitur,
2559 5728 2652 5774 aut
2678 5722 2743 5776 ad
2774 5723 3181 5791 promerendum
3237 5722 3454 5793 aliquid.

1866 5824 2109 5878 persona:
2139 5818 2344 5866 tantum
2364 5810 2532 5880 gratia
2561 5811 2895 5884 sutl‘ragatnr,
2926 5827 3034 5882 quo
3061 5814 3235 5880 studio
3257 5829 3466 5870 fellltl-r-
