3958 6458
506 372 611 431 695

1713 368 1781 423 M.
1820 364 2095 423 AURELH
2132 366 2542 425 CASSIODORI'

3674 369 3787 425 οιισ

504 486 726 543 nerandi
748 491 871 541 sunt
895 482 985 554 qni
1013 483 1087 537 ad
1113 481 1298 551 agonis
1326 481 1415 536 sui
1438 481 1655 552 praemia
1684 482 2083 551 pervenerunt?
2118 485 2157 539 A
2188 484 2288 537 rali
2322 484 2646 541 fecunditate
2692 484 2968 554 compleri,
3011 482 3379 555 sobolemque
3402 482 3523 553 ejus
3567 490 3785 537 tantum

504 576 961 634 Considerandum
998 575 1143 644 quali
1186 575 1371 629 labore
1402 575 1659 628 servitum
1695 583 1795 639 est,
1836 582 1891 628 et
1919 574 1996 628 sic
2018 574 2084 628 de

502 667 939 723 remuneratione
987 664 1352 733 cogitandum.
1401 663 1602 719 Harum
1655 666 1853 735 quippe
1904 679 2084 718 rerum

502 771 756 813 mensura
786 756 854 811 de
900 755 1174 811 contrario
1212 754 1386 819 venit,
1419 752 1545 807 dum
1576 753 1681 808 tale
1710 753 2087 809 obedientibus

500 848 619 902 dari
648 847 814 902 debet
839 846 1060 913 donum,
1091 826 1260 915 quale.
1291 843 1557 899 indevotis
1596 845 1769 915 potuit
1793 859 1911 899 esse
1939 844 2089 915 per}

502 938 704 993 culum.
736 937 971 991 Grandia
998 945 1142 1002 sunt,
1170 952 1289 1005 qua:
1316 936 1585 991 sustinent
1610 937 1939 991 excubantes
1964 949 2088 1005 per-

501 1045 687 1095 sonas,
728 1037 1077 1083 contumaces
1105 1027 1171 1083 ad
1199 1029 1494 1099 parendum
1522 1035 1740 1097 cogunt,
1775 1028 2004 1083 latentes
2034 1028 2086 1081 in

504 1121 770 1177 cubilibus
795 1121 904 1175 suis
926 1120 1173 1191 prudenti
1201 1120 1495 1188 sagacitate
1529 1121 1814 1188 vestigant,
1845 1120 2089 1189 superbis

504 1210 826 1265 modestiam
867 1210 1189 1279 aequalitatis
1214 1209 1516 1279 imponunt.
1552 1206 1629 1262 lta
1659 1207 1806 1279 quod
1837 1224 1866 1262 a
1894 1207 2091 1277 judici-

503 1298 608 1355 bus
651 1300 888 1355 breviter
930 1299 1165 1363 dicitur,
1215 1299 1284 1353 ab
1333 1299 1462 1367 ipsis
1509 1296 1749 1353 ellicacia
1799 1297 2091 1354 famulante

506 1393 832 1462 completur.
861 1392 1058 1446 Notum
1088 1400 1171 1447 est
1193 1406 1312 1461 quae
1339 1390 1580 1461 pericula
1613 1391 1940 1458 sustineant,
1968 1406 2091 1445 cum

511 1482 671 1555 104
702 1483 771 1537 ad
814 1498 1004 1539 causas
1031 1482 1319 1537 mittuntur
1357 1482 1577 1535 alienas.
1608 1480 1665 1535 Si
1694 1482 1919 1565 Iscgnius
1946 1489 2088 1549 agat,

505 1575 707 1645 petitor
735 1575 1011 1643 queritur;
1062 1573 1107 1628 si
1152 1573 1415 1638 districte,
1459 1572 1701 1641 pulsatus
1745 1571 2087 1626 vociferatur.

505 1667 598 1722 Sic
620 1664 760 1722 inter
785 1674 1071 1736 utrumque
1109 1666 1381 1721 diversum
1409 1681 1532 1720 rara
1561 1665 1675 1720 laus
1700 1673 1783 1721 est
1824 1664 2093 1719 invenisse

506 1758 857 1827 praeconium.
907 1758 1235 1827 Dignitatum
1290 1772 1427 1828 pace
1464 1756 1725 1820 dicamus,
1767 1754 1973 1812 facilius
2011 1764 2095 1811 est

2188 589 2452 640 crescere,
2487 583 2566 643 ut,
2594 576 2739 645 quod
2764 574 3135 631 difficillimum
3176 575 3448 630 aviditatis
3468 588 3642 643 genus
3671 583 3773 638 est,

2190 672 2472 734 parentum
2501 666 2746 720 videatur
2771 674 2898 721 vota
2927 667 3145 722 satiare.
3191 665 3299 721 Sed
3328 666 3507 722 minus
3546 666 3779 718 amantis

2190 759 2275 809 est
2321 770 2429 811 non
2476 756 2703 827 amplius
2754 770 2995 825 quaerere
3046 756 3187 812 unde
3237 765 3447 811 tantum
3491 772 3777 811 numerum

2189 844 2361 913 possit
2387 858 2604 913 augere.
2638 846 2886 914 Agricola
2916 845 3141 915 diligens
3162 847 3542 916 prmvcniendo
3564 847 3780 915 adjuvat

2191 933 2413 989 imbrem
2444 936 2739 1004 cmlestem,
2771 945 2827 991 et
2846 945 2973 993 ante
3000 938 3139 1006 rigat
3163 938 3448 1007 plantaria,
3477 952 3644 1005 quam
3667 939 3782 1006 pln-

2189 1026 2304 1080 vias
2350 1037 2660 1083 mereantur
2706 1037 2941 1099 optatas.
2997 1030 3262 1085 Arborum
3302 1030 3603 1101 quinetiam
3644 1029 3783 1085 fetus

2190 1118 2485 1174 meliorare
2502 1120 2857 1185 contendens,
2890 1120 3087 1177 diversi
3116 1122 3370 1190 germinis
3392 1120 3604 1176 feturas
3641 1123 3781 1175 insti-

2192 1208 2311 1272 tuit,
2344 1216 2404 1262 ut
2429 1208 2783 1280 multiplicata
2812 1210 3098 1267 dulcedine
3139 1210 3432 1277 fructuum,
3464 1210 3643 1265 hortis
3673 1212 3781 1265 suis

2192 1297 2433 1352 conferat
2459 1300 2734 1355 varietatis
2760 1310 3029 1356 ornatum.
3058 1300 3147 1356 Sic
3177 1316 3273 1356 nos
3294 1302 3559 1356 virtutum
3586 1301 3781 1371 jucun-

2192 1391 2437 1447 dissimas
2482 1392 2665 1447 laudes
2709 1393 2996 1449 incinctum
3026 1393 3246 1448 Graium
3273 1393 3654 1448 desideramus
3704 1394 3782 1446 in-

2194 1481 2431 1550 cludere,
2462 1490 2521 1536 ut
2543 1498 2761 1550 germen
2792 1483 3026 1538 alienum
3054 1484 3305 1553 amplexu
3332 1483 3518 1553 gratia:
3564 1484 3781 1551 colliga-

2194 1578 2309 1624 tum
2333 1572 2492 1625 curim
2519 1572 2756 1627 moribus
2783 1573 3064 1629 inolescat.
3108 1573 3217 1630 Sed
3252 1574 3367 1629 haec
3393 1574 3609 1629 cultura
3633 1574 3782 1637 longe

2193 1659 2465 1716 dissimilis
2491 1670 2592 1718 est.
2645 1662 2941 1719 Arboribus
2983 1665 3125 1719 enim
3156 1664 3300 1735 quod
3343 1664 3540 1719 melius
3569 1674 3782 1734 putatur

2196 1751 2481 1817 inseritur;
2510 1753 2577 1808 ad
2624 1754 2739 1810 illas
2769 1756 3055 1825 peregrina
3083 1758 3323 1822 veniunt,
3357 1763 3416 1811 ut
3457 1756 3529 1811 de
3577 1757 3782 1811 illorum

506 1846 782 1903 laudatum
812 1847 1049 1917 judicem
1079 1848 1336 1919 reperire,
1386 1863 1547 1917 quam
1600 1848 1823 1902 militem
1855 1847 2092 1917 injuncta
2125 1864 2171 1923 Β
2194 1846 2375 1916 potius
2420 1847 2683 1903 suavitate
2713 1848 3062 1905 dulcescunt:
3090 1850 3245 1905 vobis
3291 1858 3494 1915 autem,
3538 1859 3602 1905 ut
3638 1866 3781 1919 agre-

504 1936 625 1991 sine
652 1937 953 1993 offensione
989 1938 1285 2010 complere.
1312 1936 1468 1993 Aliud
1488 1946 1570 1993 est
1597 1938 1740 1993 enim
1768 1946 1973 1992 tantum
2011 1938 2092 1993 di-

506 2043 633 2085 cere
665 2028 924 2097 legitima,
982 2028 1127 2083 aliud
1175 2029 1245 2083 ad
1286 2030 1574 2083 terminum
1621 2029 1907 2084 deduxisse
1944 2029 2096 2098 justi-

504 2120 661 2173 tiam.
690 2118 1054 2174 Laudabiliter
1081 2119 1297 2188 quidem
1318 2118 1520 2173 bonum
1551 2119 1777 2183 dicitur;
1803 2120 1895 2174 sed
1924 2120 2095 2174 multo

506 2212 794 2281 gloriosius
839 2220 1040 2266 statuta
1089 2212 1449 2281 complentur.
1490 2212 1669 2266 Verba
1720 2219 1929 2265 tantum
1968 2212 2095 2266 diri-

507 2310 705 2369 guntur
725 2316 756 2356 a
782 2302 1117 2371 praesulibus,
1150 2317 1181 2355 a
1202 2301 1459 2356 militibus
1479 2309 1658 2356 autem
1689 2302 1986 2371 postulatur
2015 2301 2095 2356 ef-

507 2396 701 2450 fectus.
728 2393 863 2449 Post
899 2395 1080 2449 omnia
1100 2394 1356 2465 periculis
1383 2394 1703 2457 subdantur,
1745 2394 1789 2449 si
1820 2394 2099 2448 constricti

509 2487 713 2557 aliquid
746 2486 1038 2543 verisimile
1086 2494 1512 2555 conquerantur.
1545 2486 1880 2555 Frequenter
1915 2487 2099 2541 nocuit

510 2581 631 2635 aliis
676 2580 790 2650 ipsa
826 2592 1043 2648 quoque
1079 2577 1360 2644 integritas
1406 2576 1654 2631 actionis.
1709 2575 1841 2629 Nam
1878 2574 2095 2639 multos,

509 2683 646 2745 quos
660 2675 714 2730 in
736 2672 1085 2730 exsecutione
1106 2671 1429 2727 contristare
1452 2669 1552 2724 nisi
1576 2668 1726 2735 sunt,
1748 2668 1893 2738 ipsos
1913 2676 2099 2737 postea

508 2768 785 2838 impensas
818 2764 1029 2835 judices
1075 2763 1429 2833 pertulerunt.
1463 2759 1752 2814 Otlendunt
1800 2760 1942 2813 enim
1989 2758 2098 2813 fre-

509 2868 741 2931 quenter
768 2858 957 2927 ignari,
986 2857 1192 2927 quibus.
1208 2861 1333 2910 sunt
1361 2862 1550 2923 postea
1577 2852 1838 2923 parituri;
1880 2859 1935 2906 et
1972 2850 2101 2905 dum

508 2952 683 3007 causis
723 2950 914 3005 alienis
961 2946 1120 3003 fidem
1167 2943 1501 3006 custodiunt,
1546 2942 1813 2996 interdum
1860 2940 2100 3015 pericula

508 3042 743 3113 propriae
770 3040 959 3097 salutis
984 3039 1285 3094 incurrunt.
1323 3035 1523 3090 Verum
1566 3035 1707 3089 inter
1735 3032 1850 3088 bare
1878 3032 2102 3087 militem

512 3135 751 3190 evasisse
776 3132 1075 3197 laudatum,
1106 3142 1287 3183 nonne
1309 3126 1454 3196 juste
1486 3124 1697 3179 videtur
1725 3139 1847 3179 esse
1877 3123 2103 3179 miracu-

508 3227 655 3281 lum?
686 3225 902 3279 Talibus
929 3222 1090 3291 igitur
1118 3218 1326 3275 meritis
1352 3216 1662 3272 vicissitudo
1692 3213 1963 3269 reddenda
1994 3220 2095 3278 est,

508 3327 571 3373 ut
614 3317 782 3371 nimio
820 3315 1008 3370 labore
1035 3322 1313 3383 torpentes
1348 3308 1564 3364 indictis
1592 3307 1708 3381 [Gn
1751 3315 1799 3362 et
1839 3306 1979 3379 Cuj.,
2011 3305 2092 3360 in-

510 3407 699 3479 dultis]
755 3405 1285 3477 compensationibus
1348 3403 1665 3458 excitemus.
1723 3398 1889 3455 Utere
1934 3399 2094 3467 igitur

510 3503 847 3560 confidenter
872 3499 1131 3570 quidquid
1152 3498 1422 3554 veteranis
1464 3495 1716 3551 munifica
1735 3494 1857 3564 jura
1888 3494 2091 3549 tribuc-

513 3602 662 3663 rttnt,
690 3592 821 3648 nulli
858 3591 1077 3648 sordido
1112 3588 1477 3659 subjiciendus
1506 3588 1678 3651 oneri,
1709 3586 1802 3655 qui
1830 3593 1883 3640 te
1912 3585 2093 3655 puris-

514 3688 653 3744 sima
676 3684 1091 3742 conversatione
1120 3683 1384 3737 tractasti.
1411 3679 1733 3735 Comitivam
1755 3692 1973 3747 quoque
1995 3676 2092 3731 tibi

513 3780 676 3853 primi
705 3777 929 3843 ordinis,
958 3791 1118 3845 quam
1148 3775 1243 3830 tali
1283 3773 1472 3829 militia
1503 3769 1797 3842 perfunctis
1823 3786 1961 3827 cana
2001 3770 2096 3825 de-

511 3872 722 3945 putavit
746 3869 1060 3940 antiquitas,
1080 3865 1375 3924 secundum
1401 3870 1601 3920 statuta
1636 3862 1829 3917 divalia
1853 3861 2094 3916 vindica-

511 3966 614 4021 bis.
657 3962 781 4018 Haec
820 3960 1037 4031 quidem
1082 3959 1381 4028 priscorum
1419 3952 1687 4011 beneﬁcio
1726 3954 2099 4021 consequeris,

512 4055 609 4112 sed
647 4054 818 4110 nostri
863 4050 1093 4106 nominis
1120 4057 1309 4105 contra
1350 4046 1591 4102 incivilcs
1620 4046 1849 4115 impetus
1878 4052 1931 4098 et
1960 4059 2096 4098 con-

512 4146 842 4204 ventionalia
875 4143 1204 4200 detrimenta
1234 4140 1457 4210 perenni
1484 4138 1713 4193 tuitione
1758 4136 1992 4201 vallaris,
2037 4144 2098 4190 nt

512 4242 749 4298 cilicium
796 4237 942 4307 quod
987 4236 1186 4292 nostris
1211 4233 1541 4303 jussionibus
1577 4229 1796 4300 speciali
1836 4229 2097 4284 sollicitu-

513 4333 639 4387 dine
669 4329 981 4391 famulatum
1010 4334 1113 4390 est,
1146 4324 1374 4393 amplius
1401 4320 1599 4391 aliquid
1628 4334 1657 4373 a
1695 4319 1951 4373 militibus
1992 4334 2098 4372 ca:-

512 4423 646 4478 teris
674 4418 977 4491 promereri
1000 4415 1240 4487 potuisse
1266 4413 1527 4468 videatur.
1552 4409 1749 4464 Mulcta
1772 4423 1987 4477 quoque
2016 4414 2097 4460 tot

515 4512 591 4584 [id
632 4518 729 4577 est,
757 4509 967 4571 decem,
1002 4506 1094 4561 Gr.
1126 4514 1172 4560 et
1203 4503 1345 4575 Cui}
1371 4504 1625 4557 librarum
1662 4499 1777 4554 auri
1801 4498 2096 4569 percellen-

514 4603 643 4657 dum
671 4614 801 4655 esse
822 4612 1127 4663 censemus,
1171 4597 1215 4650 si
1246 4596 1363 4663 quis
1403 4599 1602 4648 statuta
1646 4598 1828 4645 nostra
1861 4587 2100 4657 qualibet

514 4689 808 4747 crediderit
849 4687 1131 4742 occasione
1188 4682 1451 4739 violanda.
1504 4680 1614 4735 Nec
1667 4687 1847 4733 tamen
1894 4676 2095 4747 aliquid

516 4793 705 4841 contra
728 4788 783 4836 te
807 4779 987 4833 valere
1009 4777 1385 4848 permittimus,
1417 4771 1562 4843 quod
1590 4770 1777 4827 dolosa
1806 4769 1965 4825 fuerit
1986 4783 2101 4824 ma—

516 4874 829 4931 chinatione
858 4878 1146 4925 tentatum.

674 5007 811 5062 XIV.
855 5021 1099 5061 mnuum
1140 5021 1208 5059 ns
1250 5016 1573 5056 nersaexms
1611 5005 1924 5055 IN'SENATU.

585 5124 846 5195 Optamus
876 5120 1090 5191 quidem
1121 5117 1324 5173 curiam
1353 5122 1570 5171 senatus
1597 5112 1910 5184 amplissimi
1937 5122 2097 5169 natu-

588 5307 611 5334 θ
636 5297 830 5366 Supra,
881 5294 1000 5366 hoc
1026 5292 1157 5366 lib,
1178 5290 1345 5366 _form.
1369 5289 1452 5366 _6;
1502 5287 1743 5366 sacra,_l
1768 5303 1781 5351 ;
1830 5284 2096 5366 principe,

511 5368 551 5421 l.
583 5367 672 5430 58,
708 5357 768 5419 Si
797 5357 908 5435 quis
929 5362 1147 5435 aliquid,
1175 5360 1211 5413 2
1240 5360 1323 5435 ll,
1356 5358 1434 5413 De
1461 5360 1641 5435 poenis.
1666 5357 1980 5435 S_a_cra_vice
2006 5357 2099 5435 ju-

514 5426 715 5499 dicant,
751 5426 908 5488 form.
942 5433 995 5497 3,
1018 5426 1143 5485 'lib.
1162 5446 1235 5485 vr.
1262 5429 1391 5485 Vice
1432 5426 1585 5484 sacra
1622 5427 1881 5499 judicavit
1908 5426 2098 5499 prtcfe-

508 5516 634 5629 ἕως
654 5492 927 5575 prtetorio,
949 5492 1131 5572 supra,
1156 5500 1257 5556 for.
1283 5500 1334 5555 5.
1360 5500 1603 5556 Viearius
1623 5492 1796 5561 urbis,
1822 5492 1979 5551 form.
2010 5492 2095 5549 15.

557 5592 750 5629 oaxen.

557 5592 750 5631 ORNER.

497 5665 551 5715 Ἀ
583 5645 799 5715 [105
824 5640 1368 5715 Ῑῃηὶηεενίριίοηῇὁαρ,
1409 5639 1462 5693 id
1499 5644 1599 5701 est,
1639 5632 2091 5715 accusationibus,

583 5649 611 5684 ι)
644 5649 799 5767 ξοδ
824 5649 889 5696 In
925 5649 1368 5711 inscriptionibus,
1409 5649 1462 5693 id
1499 5649 1599 5701 est,
1639 5649 2091 5700 accusationibus,

509 5711 576 5786 (Ξ,
605 5713 649 5769 Τ
683 5716 837 5786 _eod.,
865 5713 960 5786 _lib.
995 5714 1186 5786 tx,_tit.
1221 5711 1377 5786 l,_De
1404 5724 1577 5786 aecus.
1608 5703 2094 5786 et_insqrip.‘Nemo

509 5784 580 5840 ad
618 5774 833 5839 crimen
850 5774 1198 5837 deferendum
1229 5774 1546 5840 admittitur,
1578 5775 1679 5829 nisi
1706 5775 1798 5846 qui
1829 5774 2092 5846 Solemnia

512 5852 878 5912 accusationis
912 5851 1152 5923 impleat,
1178 5859 1229 5907 et
1251 5864 1368 5905 sese
1408 5848 1471 5903 ad
1498 5842 1871 5918 poenam—qua:
1900 5842 2095 5901 calum-

2196 1940 2298 1996 stia
2326 1939 2629 2010 proficiant,
2659 1940 2975 1997 offeruntur.
3009 1941 3141 1997 Nam
3166 1942 3408 2012 quamvis
3451 1943 3596 2011 ignis
3635 1952 3780 1997 nocte

2197 2030 2455 2097 rcluceat,
2480 2032 2580 2087 soli
2611 2041 2789 2087 tamen
2818 2041 3174 2103 prtesentatus
3216 2034 3480 2088 obscurus
3514 2040 3626 2087 est.
3659 2032 3780 2088 Βίης

2198 2128 2280 2173 est
2308 2120 2451 2188 quod
2481 2120 2547 2174 ad
2575 2120 2721 2174 illum
2750 2121 2993 2175 ordinem
3036 2121 3166 2175 nihil
3196 2128 3376 2191 potest
3400 2120 3666 2175 eximium
3693 2121 3779 2175 de-

2198 2208 2344 2275 ferri,
2386 2210 2487 2264 nisi
2517 2211 2661 2281 quod
2692 2226 2789 2281 per
2816 2213 2990 2281 ipsum
3031 2212 3293 2282 probatur
3332 2212 3543 2281 augeri.
3578 2210 3643 2265 Et
3670 2213 3774 2266 ideo

2200 2303 2348 2357 illum
2372 2305 2627 2359 natalium
2658 2305 2945 2375 splendore
2978 2305 3353 2375 conspicuum,
3382 2313 3439 2359 et
3468 2303 3671 2375 ingenii
3707 2320 3774 2358 ca-

2198 2392 2313 2447 lore
2346 2394 2637 2463 prudenter
2677 2410 2983 2461 accensum,
3034 2403 3253 2450 senatus
3300 2395 3487 2449 lumen
3533 2395 3772 2463 excipiat.

2200 2483 2471 2539 llactenus
2504 2482 2602 2539 fuit
2646 2487 2754 2540 suis
2800 2486 3009 2541 meritis
3052 2486 3270 2551 clarus;
3300 2485 3394 2540 sed
3420 2483 3537 2553 jam
3584 2485 3684 2537 erit
3717 2485 3773 2538 de

2200 2583 2376 2629 vestra
2405 2576 2787 2645 perspicuitate
2810 2575 3149 2646 prmlucidus.
3184 2574 3409 2631 Pandite
3435 2578 3671 2643 curiam,
3698 2594 3774 2632 su-

2200 2666 2389 2735 scipite
2425 2665 2786 2720 candidatum.
2820 2664 2938 2719 Jant
2984 2665 3193 2720 senatui
3240 2664 3662 2735 prtcdestinatus
3688 2675 3769 2731 est,

2200 2755 2287 2809 cui
2319 2771 2417 2809 nos
2446 2756 2768 2810 contulimus
2795 2755 3119 2809 laticlaviam
3147 2755 3490 2823 dignitatem.
3516 2754 3771 2825 Benignos

2202 2863 2318 2903 esse
2362 2864 2583 2905 necesse
2611 2857 2695 2904 est
2722 2848 2966 2920 publicos
3006 2856 3209 2918 patres,
3240 2850 3366 2918 quia
3414 2849 3525 2905 hoc
3553 2851 3767 2904 vocabu-

2202 2941 2311 2995 lum
2341 2957 2447 2996 non
2478 2949 2683 2995 tantum
2714 2956 2812 2997 suo
2834 2940 2995 2996 debet
3038 2940 3266 3009 germini
3311 2949 3582 3009 quantum
3614 2941 3769 2995 studio

2202 3042 2437 3102 votoque
2466 3032 2725 3101 generali.

2472 3161 2585 3218 XV.
2627 3172 2871 3219 renatum
2908 3179 3106 3219 vicann
3146 3179 3295 3219 UBBIS
3337 3179 3525 3219 nouas.

2128 3247 2173 3310 ί]
2274 3274 2429 3331 Vices
2459 3275 2729 3343 agentium
2770 3289 2889 3330 mos
2930 3283 3012 3330 est
3040 3275 3117 3330 sic
3143 3276 3387 3344 judicum
3424 3276 3774 3332 voluntatlius

2196 3364 2436 3428 obedire,
2472 3374 2531 3419 ut
2557 3379 2684 3419 suas
2712 3380 2819 3420 non
2863 3366 3100 3420 habeant
3137 3364 3450 3433 dignitates.
3497 3365 3777 3435 Splendeat

2195 3464 2439 3511 mutuato
2480 3456 2700 3521 lumine,
2751 3456 2995 3511 nituntur
3037 3456 3239 3511 viribus
3279 3457 3503 3521 alienis;
3544 3467 3597 3511 et
3635 3472 3783 3525 qua>

2194 3549 2319 3604 dam
2348 3550 2523 3618 imago
2551 3550 2605 3603 in
2635 3549 2738 3604 illis
2764 3548 2977 3604 videtur
3002 3563 3123 3603 esse
3151 3548 3421 3615 veritatis,
3463 3548 3556 3617 qui
3584 3550 3782 3618 proprii

2196 3654 2305 3694 non
2334 3638 2537 3694 habent
2559 3638 2681 3709 jura
2713 3636 2953 3707 fulgoris.
2987 3637 3066 3692 Tu
3096 3645 3279 3693 autem
3314 3637 3549 3691 vicarius
3566 3637 3782 3702 dicetis,

2196 3737 2252 3784 et
2295 3739 2385 3783 tua
2415 3728 2692 3797 privilegia
2722 3743 2830 3783 non
2867 3726 3149 3796 relinquis,
3200 3725 3419 3795 quando
3447 3725 3675 3794 propria
3712 3732 3785 3778 est

2191 3822 2493 3893 jurisdictio
2538 3838 2657 3893 qua:
2696 3824 2854 3879 datur
2891 3838 2922 3878 a
2950 3823 3211 3895 principe.
3256 3821 3436 3877 Habes
3484 3821 3633 3877 enim
3674 3836 3781 3876 cum

2198 3913 2461 3985 pmféctis
2513 3914 2746 3983 aliquam
2792 3913 3120 3985 portionem,
3170 3920 3357 3985 partes
3405 3910 3549 3982 apud
3594 3920 3661 3966 te
3695 3910 3783 3965 sub

2196 4007 2521 4078 praetoriana
2551 4006 2904 4061 advocatione
2930 4004 3246 4075 conﬂigunt.
3273 4013 3298 4040 ι
3327 4002 3459 4057 Vice
3490 4016 3648 4056 sacra
3668 4015 3781 4055 sen-

2198 4099 2421 4154 tentiam
2464 4098 2618 4163 dicis,
2674 4104 2750 4163 et,
2781 4097 2929 4167 quod
2977 4097 3224 4151 maximae
3261 4092 3384 4148 ﬁdei
3422 4093 3640 4161 signum
3687 4101 3780 4155 est,

2198 4188 2225 4228 ι)
2249 4189 2304 4243 in
2347 4187 2788 4259 inscriptionibus
2814 4187 2922 4240 vita
2971 4186 3064 4239 tibi
3094 4182 3452 4240 committitur
3490 4180 3780 4243 hominum,

2197 4282 2343 4352 quod
2367 4282 2507 4336 inter
2529 4280 2787 4335 mortales
2807 4286 3021 4333 constat
3056 4292 3176 4333 esse
3204 4275 3529 4346 pretiosum.
3567 4272 3784 4326 Additur

2199 4373 2344 4444 quod
2371 4388 2470 4427 nec
2506 4372 2727 4427 salutari
2758 4378 2810 4425 te
2854 4369 2970 4424 sine
2999 4367 3287 4438 chlamyde
3311 4364 3435 4435 jura
3481 4363 3782 4425 voluerunt,

2198 4468 2422 4534 scilicet,
2453 4475 2514 4521 ut
2537 4467 2636 4521 sub
2666 4471 2813 4520 veste
2836 4462 3053 4518 militari
3078 4475 3294 4530 semper
3319 4460 3490 4525 visus,
3520 4471 3780 4525 nunquam

2201 4558 2495 4616 crederetis
2520 4572 2638 4613 esse
2659 4557 2917 4626 privatus.
2945 4553 3054 4610 Sed
3074 4553 3188 4607 hcec
3208 4550 3387 4605 omnia
3418 4548 3485 4602 ad
3510 4545 3783 4618 prchectu-

2202 4666 2275 4706 rae
2309 4651 2533 4720 gloriam
2559 4649 2857 4719 judicamus
2904 4661 3023 4702 esse
3067 4658 3344 4707 concessa,
3396 4641 3581 4711 utqui
3630 4647 3781 4720 tanta

2206 4744 2353 4800 sedis
2378 4743 2635 4799 vicarium
2672 4742 2894 4806 diceret,
2924 4738 3209 4795 umbratile
3239 4734 3564 4792 nil'videret.
3595 4717 3780 4786 Consi-

2208 4838 2337 4892 dera
2366 4836 2543 4905 qualia
2570 4835 2635 4889 de
2668 4844 2717 4888 te
2739 4842 2978 4904 praestes,
3011 4833 3102 4901 qui
3124 4838 3275 4885 tanta
3308 4828 3633 4883 auctoritate
3663 4824 3779 4877 sub-

2206 4930 2441 4985 veheris.
2495 4927 2781 4981 Exuendus
2828 4940 2859 4979 a
2912 4924 3135 4980 crimine
3192 4939 3298 4979 non
3345 4920 3580 4975 nudetur
3626 4916 3777 4989 [alii',

2207 5019 2440 5091 videtur]
2466 5018 2533 5073 ab
2562 5018 2778 5072 innoxia
2812 5014 3085 5071 facultate.
3127 5014 3261 5069 Nam
3283 5011 3410 5082 quid
3454 5009 3553 5064 tibi
3588 5008 3779 5063 debent

2206 5110 2397 5183 possit,
2436 5109 2482 5166 si
2526 5107 2760 5164 minimis
2794 5106 2960 5179 [Cor.,
3000 5104 3177 5170 Gam.,
3216 5098 3445 5173 meritis]
3474 5100 3587 5156 suis
3616 5100 3780 5169 impu-

2207 5284 2477 5341 niantibus
2499 5281 2788 5352 impendet,
2814 5280 3134 5352 obstringat,
3157 5279 3195 5352 l_'.
3219 5278 3272 5352 7_,
3295 5275 3356 5352 C_.
3383 5274 3460 5352 D_e
3478 5276 3607 5339 cul.‘;
3634 5274 3670 5327 Ι.
3698 5272 3773 5352 ιζ,

2267 5355 2521 5420 Quidam:
2553 5343 2618 5406 ad
2646 5353 2681 5405 l.
2701 5351 2807 5406 Jul.
2837 5351 2916 5405 De
2943 5343 3142 5413 adulta;
3174 5350 3209 5403 l.
3242 5345 3490 5420 5,_D._De
3512 5343 3772 5420 aecus.;_l.

2198 5413 2258 5489 Vl,
2283 5413 2349 5479 Ε.
2382 5422 2710 5493 θὸίΤιιιιρίιΙ.
2739 5418 3359 5493 inscriptionis_vi_nculi_.
3392 5417 3443 5493 1ζ
3470 5415 3557 5477 Η,
3585 5426 3648 5493 et
3684 5413 3774 5493 ult.

2203 5480 2416 5555 Nullus,
2447 5492 2510 5549 C.
2536 5480 2614 5546 De
2644 5508 2815 5546 accus.
2839 5509 2853 5556 ;
2889 5480 2925 5545 ll.
2957 5491 3053 5545 ult.
3083 5488 3145 5543 ϐ.
3169 5487 3373 5542 Theod.
3399 5484 3479 5539 De
3507 5484 3681 5537 arhib.
3708 5480 3776 5533 vel

2206 5566 2445 5603 nummi!
2496 5564 2596 5603 τρῖς
2617 5579 2629 5591 -
2662 5562 2695 5603 1.
2725 5578 2845 5603 non,
2877 5569 2931 5603 pt
2960 5561 3079 5603 ult-,
3112 5558 3173 5603 (ἶ-
3211 5557 3285 5603 De
3313 5563 3566 5603 neruum:
3593 5552 3629 5603 Ι.
3658 5550 3732 5603 ull
3756 5590 3770 5603 .

2204 5566 2461 5620 transiuit.
2496 5564 2629 5627 reis;
2662 5562 2699 5614 1.
2725 5578 2848 5630 pen.
2877 5569 2932 5615 et
2960 5561 3082 5626 ult.,
3112 5558 3173 5613 C.
3206 5557 3285 5611 De
3313 5563 3566 5619 accusat;
3593 5557 3629 5605 Ι.
3658 5557 3732 5604 ult
3756 5590 3770 5610 ,

2201 5636 2263 5689 D.
2295 5634 2370 5689 De
2398 5634 2580 5703 privat.
2614 5631 2787 5686 delict.
2820 5630 3132 5703 Exemplum
3166 5628 3202 5682 l.
3225 5628 3279 5694 ὃ,
3310 5624 3484 5703 D._De
3502 5638 3694 5703 agt-us“
3722 5627 3774 5675 et

2197 5705 2338 5835 agud
2373 5691 2695 5785 Lucianum;
2726 5704 2777 5756 ἐν
2818 5700 2928 5765 δίκῃ
2978 5691 3286 5772 ᾧωνηὲντων)
3340 5696 3504 5766 gloss.
3538 5691 3775 5757 835156.,

2196 5775 2234 5833 li
2276 5814 2289 5831 .
2323 5790 2412 5835 LX,
2446 5782 2525 5829 ιιι.
2554 5771 2642 5826 42.
2669 5771 2915 5828 Fontvlzn.

2276 5814 2289 5831 .
2323 5790 2412 5844 ιχ,
2446 5787 2525 5829 ιιι.
2554 5787 2642 5826 az.
2669 5787 2915 5828 rontmt.

3074 5952 3119 5973 υ,
3138 5958 3201 5972 ν-ολ
