3958 6520
173 354 319 409 099

1518 368 1893 428 VARIABUM
1920 371 2128 428 LIBER
2164 374 2252 430 Vl.

3373 423 3378 427 -
3440 380 3552 441 698

175 481 292 527 tet
353 477 544 544 quod
584 481 790 538 evasit?
813 483 894 539 Ad
941 485 1346 544 similitudinem
1377 486 1577 558 quippe
1611 502 1853 544 sutmno-
1881 489 1934 548 Α
1958 487 2124 545 debes
2151 461 2312 558 igitur
2355 491 2424 546 ad
2464 492 2699 564 labores,
2727 495 2944 564 quando
2973 494 3072 554 tibi
3117 493 3226 552 tale
3269 493 3547 566 praemium

181 579 392 631 rum,
427 580 706 640 carpento
746 575 974 632 veheris.
1001 587 1024 614 ⁸
1048 577 1192 634 Intra
1221 579 1694 648 quadragesimum
1733 594 1858 634 san-

178 656 528 713 ctissima:
577 659 734 718 Urbis
760 663 884 733 jura
922 668 1180 724 custodis.
1224 668 1496 724 Praeneste
1536 668 1690 724 ludos
1721 669 1854 732 edis,

185 746 261 801 in
298 748 526 805 vicem
553 755 788 810 consulis
811 755 864 810 in
893 757 1155 814 honorem
1175 761 1404 830 positus,
1433 759 1858 829 dignitatemque

185 839 540 894 senatoris
585 842 839 912 acquiris,
877 853 932 900 et
968 846 1056 902 illa
1094 847 1189 902 tibi
1215 848 1529 917 panduntur
1569 848 1704 902 atria
1735 863 1857 917 quae

192 928 628 985 summatibus
648 932 942 1001 probantur
966 951 1086 991 esse
1110 937 1324 993 collata.
1358 936 1495 993 Hinc
1524 945 1608 992 est
1631 937 1774 1006 quod
1803 938 1857 992 in

194 1018 363 1072 aula
405 1019 692 1078 libertatis
716 1023 894 1080 locum
936 1029 1168 1096 patrium
1199 1036 1379 1094 tenes;
1422 1035 1478 1084 et
1518 1028 1591 1083 ibi
1629 1029 1856 1084 mereris

196 1123 608 1177 consessum,
622 1113 712 1168 ubi
731 1125 814 1170 est
834 1117 918 1170 vel
945 1116 1174 1173 intrasse
1190 1118 1538 1188 prmconium.
1565 1116 1672 1187 Ipsi
1697 1117 1856 1192 quin-

197 1199 420 1254 etiam
453 1212 770 1269 senatores,
809 1206 904 1275 qui
945 1208 1255 1276 praecedunt
1278 1209 1503 1276 ordine,
1552 1208 1730 1280 aliqua
1772 1210 1856 1264 vi-

200 1288 466 1347 dentur
494 1309 527 1349 a
555 1302 609 1349 te
638 1299 942 1352 necessaria
986 1301 1284 1369 postulare.
1327 1301 1507 1356 Habes
1533 1301 1678 1372 quod
1719 1317 1858 1372 prte-

203 1388 353 1436 stes
408 1386 725 1453 potioribus
773 1396 856 1456 te;
905 1405 1006 1446 nec
1054 1391 1325 1448 immerito
1372 1393 1515 1448 inter
1552 1394 1859 1464 praecipuos

202 1475 570 1530 censendus
593 1491 670 1543 es,
701 1477 792 1547 qui
820 1487 913 1533 aut
929 1475 1120 1549 juvare
1148 1489 1327 1552 potes,
1367 1490 1461 1537 aut
1489 1481 1684 1538 laedere
1725 1499 1863 1538 con-

207 1565 497 1622 salares.
536 1566 692 1637 Erige
719 1570 927 1626 animos
956 1573 1056 1627 sub
1084 1573 1348 1642 qualitate
1383 1574 1681 1630 modestiae.
1715 1574 1859 1630 Talis

209 1664 316 1710 est
365 1673 726 1730 unaquaeque
761 1661 1012 1730 dignitas,
1042 1663 1219 1734 qualis
1259 1663 1748 1720 administrantium
1776 1674 1862 1722 est

211 1746 538 1804 voluntas.
583 1749 729 1804 Nihil
769 1751 1039 1821 abiectum
1083 1762 1188 1824 est,
1217 1754 1362 1824 quod
1390 1755 1444 1809 in
1490 1755 1680 1826 repub.
1710 1756 1854 1824 geri-

1959 581 2295 649 propositum
2322 583 2488 652 vides,
2536 586 2694 654 quale
2720 601 2780 642 se
2824 587 3058 658 gaudent
3084 588 3353 644 invenisse
3392 601 3544 643 sum-

1961 668 2195 725 mitates.

2221 803 2381 859 XVII.
2415 802 2443 843 ι’
2472 819 2718 860 Ροιυιυιι
2745 822 3278 864 numennumen“.

2030 911 2283 980 Quamvis
2306 921 2512 968 tantum
2535 913 2606 972 sit
2625 914 2771 970 clara
2789 929 3015 985 quaeque
3036 916 3268 984 dignitas
3281 924 3542 986 quantum

1959 1018 2075 1058 eam
2122 1004 2416 1074 prmsentize
2457 1013 2658 1060 nostrae
2701 1014 3022 1076 conspectus
3067 1006 3332 1061 illuminat
3393 1007 3544 1080 (dum

1957 1110 2172 1166 semper
2209 1096 2473 1152 honorem
2519 1097 2764 1167 suscipit,
2799 1097 2890 1166 qui
2938 1105 3124 1154 nostra
3151 1097 3418 1168 colloquia
3445 1099 3544 1154 de-

1957 1197 2146 1244 center
2174 1189 2442 1259 acquirit),
2476 1203 2636 1244 nemo
2666 1181 3151 1245 tamenisermones
3188 1197 3404 1245 nostros
3427 1196 3546 1244 tan-

1959 1287 2072 1334 tum
2101 1289 2340 1335 meretur
2364 1296 2526 1351 quam
2572 1280 2664 1350 qui
2690 1280 3084 1336 referendarius
3118 1295 3239 1336 esse
3265 1279 3541 1349 dignosci-

1958 1379 2064 1427 tur.
2097 1369 2201 1426 Per
2225 1387 2349 1426 eum
2379 1372 2534 1426 nobis
2583 1387 2863 1427 causarum
2911 1371 3127 1429 ordines
3171 1379 3540 1442 exponuntur,

1957 1475 2056 1530 per
2080 1475 2202 1515 eum
2228 1460 2682 1530 interpellantium
2721 1468 2851 1515 vota
2880 1461 3292 1530 cognoscimus;
3323 1467 3378 1516 et
3408 1460 3542 1532 ipsis

1957 1564 2213 1620 responsa
2234 1549 2523 1615 reddimus,
2543 1556 2600 1604 ut
2623 1549 2834 1618 negotia
2847 1548 3156 1618 compedita
3176 1546 3348 1621 [ϐοτη
3364 1546 3543 1617 Gem,

1957 1638 2228 1710 expedita]
2254 1638 2543 1694 solvamus.
2572 1636 2822 1706 Magnum
2851 1645 2936 1694 est
2964 1638 3017 1692 in
3055 1638 3160 1693 hoc
3187 1651 3362 1708 agone
3390 1638 3543 1707 prin-

1957 1729 2115 1800 cipali
2142 1731 2344 1786 servire
2385 1731 2700 1801 prudentiae,
2739 1740 2795 1788 et
2845 1731 2912 1787 ad
2958 1731 3192 1787 subitum
3220 1732 3300 1788 sic
3325 1731 3546 1788 dolores

213 1844 352 1905 tur,
395 1840 510 1894 nisi
535 1841 688 1896 malis
719 1819 879 1897 fuerit
917 1819 1160 1900 moribus
1187 1819 1327 1901 forte
1347 1819 1613 1901 vitiatum.
1644 1819 1778 1902 Nam
1812 1847 1858 1904 si
1890 1849 1936 1909 B
1961 1819 2166 1875 alienos
2190 1835 2452 1887 asserere’
2483 1828 2543 1875 ut
2572 1822 3016 1891 conque’emim"
3037 1820 3286 1878 ﬁdem"
3304 1829 3430 1875 vom
3457 1835 3548 1876 ⁸³⁸

219 1930 552 1987 humilium
574 1934 908 2003 privatorum
935 1937 1118 2007 placet
1137 1939 1432 2010 aequalitas,
1460 1948 1663 2009 quanto
1690 1940 1860 2008 magis

218 2031 418 2088 grata
450 2032 534 2078 est
555 2025 610 2078 in
645 2028 932 2095 potestatis
957 2028 1189 2085 culmine
1231 2029 1520 2096 custodita,
1551 2045 1671 2099 qme
1715 2029 1860 2084 ditii-

221 2112 427 2167 cilem
475 2114 695 2169 modum
739 2125 942 2182 servat,
973 2117 1100 2174 dum
1147 2119 1226 2174 ad.
1255 2135 1411 2175 suum
1437 2121 1577 2177 velle
1604 2119 1859 2177 festinat?

223 2201 505 2261 Proinde
543 2207 760 2263 vicaria:
805 2209 902 2264 tibi
946 2209 1264 2282 dignitatem
1308 2212 1615 2268 serenitatis
1659 2220 1858 2268 nostra:

229 2296 626 2353 aestimatione
661 2297 1006 2368 conferimus,
1035 2317 1198 2371 quam
1247 2303 1327 2358 sic
1375 2303 1564 2358 Roma:
1589 2315 1765 2372 geras,
1795 2311 1858 2358 ut

232 2387 655 2444 conscientiam
679 2397 824 2445 tuam
853 2397 1004 2446 tanta
1031 2393 1248 2448 civitate
1273 2392 1439 2449 facias
1461 2408 1582 2450 esse
1609 2393 1858 2464 dignissi-

231 2489 432 2530 mam.
461 2473 668 2533 Usurus
697 2479 945 2536 omnibus
966 2482 1278 2552 privilegiis,
1311 2497 1431 2552 qute
1461 2491 1583 2540 tuos
1608 2484 1858 2542 decesso-

233 2583 342 2624 res
374 2569 634 2626 habuisse
663 2571 986 2639 constiterit,
1021 2573 1146 2642 quia
1185 2574 1326 2630 sicut
1348 2589 1381 2629 a
1419 2574 1571 2630 vobis
1601 2576 1854 2644 antiquo-

233 2675 380 2715 rum
427 2660 670 2716 instituta
715 2663 1077 2733 deposcimus,
1134 2666 1209 2720 ita
1256 2673 1313 2720 et
1359 2664 1609 2735 dignitati
1664 2675 1856 2723 vestrte

236 2759 446 2808 vetera
476 2769 583 2808 non
613 2767 895 2822 negamus.
1440 2772 1446 2783 ‘

646 2861 786 2918 XVI.
824 2879 1072 2920 FORIIULA
1100 2881 1494 2923 somniantum.—

318 2953 448 3010 Non
477 2963 560 3010 est
586 2955 804 3010 dubium
833 2971 1030 3012 ornare
1066 2957 1340 3026 subjectos
1380 2958 1638 3029 principis
1666 2975 1847 3016 secre-

238 3051 398 3108 tum,
438 3044 564 3098 dum
593 3045 752 3100 nullis
795 3046 1131 3102 aestimantur
1179 3049 1482 3103 necessaria
1513 3064 1666 3118 posse
1702 3066 1854 3104 com-

241 3133 423 3200 mitti,
461 3134 562 3189 nisi
586 3135 678 3203 qui
698 3134 898 3191 fuerint
941 3136 1044 3191 fide
1072 3151 1262 3206 magna
1293 3139 1529 3193 solidati.
1573 3138 1851 3196 Publicum

1961 1911 2118 1966 tiare.
2163 1909 2330 1977 Quale
2373 1919 2456 1966 est
2479 1911 2619 1966 enim
2647 1911 2702 1966 in
2732 1911 3078 1968 tumultuosis
3113 1909 3550 1982 processionibus

1960 2002 2157 2058 nostris
2183 2003 2327 2057 nulla
2355 2001 2712 2072 permixtione
2739 2001 3015 2068 confundi,
3046 2009 3142 2056 aut
3177 2000 3398 2056 minime
3426 2008 3551 2056 tan.

1961 2093 2033 2145 tis
2075 2090 2401 2146 clamoribus
2441 2091 2732 2161 impediri?
2770 2091 3003 2147 Necesse
3031 2091 3196 2146 habet
3242 2105 3273 2145 a
3319 2091 3548 2147 turbatis

1959 2181 2264 2250 exquirere,
2295 2181 2439 2250 quod
2466 2182 2620 2237 nobis
2645 2182 2814 2253 possit
2838 2181 3170 2253 placabiliter
3198 2180 3449 2237 intimare
3485 2189 3546 2237 et

1957 2271 2260 2327 distinctius
2297 2271 2501 2328 referre
2545 2287 2707 2342 quam
2753 2273 3022 2342 potuisset
3048 2271 3259 2326 audire.
3306 2269 3549 2329 Arduum

1957 2372 2041 2420 est
2068 2364 2446 2434 trepidantium
2475 2365 2623 2420 dicta
2652 2380 2998 2436 componere,
3026 2374 3084 2422 et
3108 2380 3298 2434 verum
3323 2365 3545 2422 dicere:

1955 2475 2064 2516 non
2095 2467 2304 2516 tantum
2342 2460 2712 2531 interpellator
2745 2460 2998 2516 formidat
3023 2459 3225 2529 negotii
3251 2458 3334 2514 sui
3362 2473 3548 2514 casum

1956 2556 2218 2619 quantum
2240 2550 2469 2606 sustinet
2496 2551 2598 2606 iste
2623 2551 2678 2605 in
2706 2550 2969 2606 relatione
2996 2547 3316 2622 periculum.
3343 2547 3401 2604 Si
3418 2547 3548 2618 quid

1957 2642 2136 2697 minus
2162 2642 2378 2708 dixerit,
2411 2643 2656 2699 inimicus
2683 2643 2962 2712 asseritur,
3002 2642 3316 2714 redemptus
3341 2641 3548 2697 clama-

1955 2739 2061 2787 tur.
2097 2731 2308 2803 Negotii
2334 2731 2580 2788 dominus
2627 2734 2835 2790 timoris
2879 2732 3179 2803 patrocinio
3223 2739 3404 2802 potest
3447 2745 3548 2790 sua

1953 2825 2117 2880 verba
2159 2834 2497 2890 convertere,
2526 2823 2781 2881 referenti
2815 2834 2995 2881 autem
3035 2840 3144 2880 non
3188 2824 3317 2880 licet
3343 2822 3547 2894 aliquid

1955 2916 2263 2971 immutare.
2305 2915 2598 2970 Sententia:
2641 2931 2775 2971 vero
2828 2923 3026 2972 nostra:
3079 2921 3227 2969 tanta
3273 2912 3548 2969 memorie

1955 3007 2164 3062 cautela
2193 3006 2441 3061 tenenda:
2476 3013 2620 3072 sunt,
2651 3013 2711 3059 ut
2753 3004 2885 3059 nihil
2913 3005 3108 3069 minus,
3138 3003 3271 3058 nihil
3307 3003 3547 3058 additmn

1955 3112 2076 3152 esse
2100 3097 2365 3152 videatur.
2407 3095 2573 3151 Nobis
2615 3096 2932 3166 plerumque
2983 3093 3321 3149 audientibus
3361 3103 3547 3149 nostra

244 3184 1262 3294 quidevm'ldnnie‘a‘giin—ti’s
1881 3211 1926 3273 C
1956 3189 2191 3245 dicturus
2219 3205 2309 3254 es;
2339 3197 2391 3244 et
2418 3187 2617 3244 difficili
2645 3187 2952 3243 conditione
2968 3187 3314 3251 constrictus,
3331 3184 3537 3255 judicio

247 3318 391 3365 ante
416 3311 652 3379 scienda,
686 3312 789 3367 nisi
829 3329 951 3368 cum
998 3316 1214 3385 fuerint,
1246 3316 1358 3372 Deo
1387 3318 1699 3384 auxiliante,
1730 3336 1855 3390 per-

247 3397 420 3454 fecta.
453 3399 584 3466 Quae
612 3409 764 3457 tanto
791 3403 912 3472 plus
943 3404 1140 3459 debent
1170 3407 1364 3474 occuli,
1395 3420 1596 3478 quanto
1626 3412 1854 3481 amplius

251 3487 630 3544 desiderantur
673 3493 910 3560 agnosci.
957 3493 1118 3562 Regis
1163 3496 1446 3552 consilium
1509 3499 1655 3554 solos
1700 3499 1856 3555 decet

257 3579 408 3633 scire
435 3579 798 3648 gravissimos.
831 3580 1032 3637 Imitari
1057 3583 1256 3639 debent
1282 3587 1533 3653 armaria,
1572 3602 1692 3658 quae
1719 3603 1854 3644 con-

257 3667 439 3722 tinent
461 3679 808 3724 monumenta
838 3670 1166 3740 chartarum,
1189 3685 1249 3729 ut
1271 3677 1486 3745 quando
1505 3679 1573 3733 ab
1602 3679 1730 3748 ipsis
1757 3681 1856 3736 ali-

253 3771 361 3827 qua
393 3758 675 3814 instructio
703 3762 981 3830 quaeritur,
1023 3771 1150 3818 tunc
1176 3764 1464 3834 loquantur
1493 3785 1507 3821 :
1543 3777 1712 3824 totum
1755 3785 1854 3825 au-

255 3855 371 3902 tem
402 3848 737 3906 dissimulare
759 3850 975 3916 debent,
1000 3854 1152 3922 quasi
1183 3856 1424 3911 nesciant
1450 3859 1696 3916 scientes.
1721 3860 1854 3916 Nam

254 3936 505 3993 sollicitis
531 3938 932 4008 inquisitoribus
959 3956 1101 4013 saepe
1123 3953 1178 4000 et
1202 3947 1351 4002 vultu
1394 3949 1661 4021 proditur,
1709 3955 1856 4022 quod

255 4036 494 4086 tacetur.
543 4030 698 4086 Adsit
744 4031 1069 4101 innocentia,
1115 4051 1235 4105 quae
1262 4049 1453 4094 cuncta
1483 4044 1850 4113 commendat,

261 4120 396 4188 quia
425 4119 478 4173 in
506 4119 712 4190 placida
739 4131 920 4178 mente
965 4126 1113 4193 regia
1165 4127 1421 4184 decenter
1461 4130 1660 4188 debent
1693 4137 1854 4191 verba

260 4207 484 4280 deponi.
517 4209 619 4266 Sed
648 4213 899 4280 quoniam
929 4223 981 4270 te
1009 4216 1246 4285 probatis
1272 4221 1510 4276 moribus
1531 4223 1852 4293 institutum,

258 4301 510 4355 venatrix
546 4301 702 4356 home
731 4306 1175 4375 conversationis,
1205 4310 1510 4367 sollicitudo
1539 4323 1723 4370 nostra
1763 4331 1854 4371 re-

260 4390 465 4459 spexit,
511 4390 579 4445 ab
616 4391 704 4446 illa
753 4393 1044 4452 indictione
1088 4399 1353 4455 notarium
1382 4410 1438 4458 te
1465 4413 1708 4460 nostrum
1736 4421 1856 4463 esse

261 4496 564 4549 censemus,
596 4490 656 4537 ut
683 4483 870 4541 ordine
898 4486 1124 4544 decurso
1165 4492 1386 4559 militize,
1419 4495 1485 4549 ad
1515 4498 1852 4566 primiceria-

1959 3287 2145 3334 nostro
2172 3278 2436 3347 subjaces,
2468 3278 2594 3332 dum
2637 3277 2840 3332 alienas
2869 3292 3060 3333 causas
3086 3277 3380 3347 explanare
3405 3289 3512 3331 con
3530 3303 3546 3312 -

1959 3371 2153 3425 tendis.
2184 3370 2523 3440 Quapropter
2548 3369 2974 3425 referendarium
3020 3377 3076 3424 te
3121 3369 3316 3424 electio
3363 3373 3546 3426 nostra

1959 3462 2239 3517 constituit
2263 3479 2274 3514 :
2304 3459 2400 3516 sed
2423 3469 2480 3514 tu
2507 3461 2796 3531 puritatem
2817 3460 3162 3516 conscientia:
3185 3466 3242 3514 et
3268 3458 3548 3516 veritatem

1958 3553 2152 3620 linguae
2202 3548 2401 3607 nostris
2453 3551 2787 3620 jussionibus
2832 3550 3113 3607 adhibeto.
3173 3548 3548 3607 Eruditionem

1957 3663 2088 3703 vero
2115 3646 2413 3701 mirabilem
2443 3646 2734 3702 collocatio
2766 3646 2861 3701 tibi
2901 3655 3088 3702 nostra
3116 3646 3387 3712 concedit,
3427 3661 3549 3717 qute

1958 3735 2084 3791 dum
2113 3751 2212 3806 per
2242 3744 2294 3791 te
2325 3735 2462 3790 alios
2490 3735 2728 3804 ordinat,
2756 3735 3072 3806 qualitatem
3099 3743 3205 3792 tua:
3233 3735 3430 3792 mentis
3449 3750 3548 3791 θι-

1958 3835 2133 3882 ornat.
2183 3825 2294 3882 Sub
2349 3827 2506 3882 nobis
2557 3827 2702 3881 enim
2746 3842 2852 3882 non
2902 3827 3032 3882 licet
3076 3841 3196 3884 esse
3244 3827 3546 3898 imperitos,

1957 3919 2172 3989 quando
2214 3920 2268 3974 in
2296 3919 2469 3974 vicem
2497 3919 2634 3973 cotis
2663 3918 2877 3988 ingenia
2920 3917 3202 3988 splendida
3244 3917 3544 3982 reddimus,

1958 4026 2079 4081 quae
2116 4025 2400 4067 causarum
2431 4009 2745 4064 assiduitate
2791 4009 3042 4080 polimus.
3092 4007 3432 4078 Quapropter
3456 4005 3548 4064 illa

1957 4102 2165 4157 cunctis
2190 4102 2408 4171 iussisse
2440 4116 2537 4156 nos
2565 4101 2784 4167 referte,
2829 4115 2950 4168 quze
2990 4106 3086 4152 aut
3124 4097 3406 4162 debuistis,
3455 4105 3548 4152 aut

1959 4194 2208 4264 potuistis
2233 4193 2497 4263 accipere.
2538 4191 2729 4246 Nostra
2759 4191 2839 4248 sic
2867 4190 3129 4260 probatis,
3161 4190 3205 4245 si
3231 4189 3375 4259 justa
3400 4187 3545 4244 redi-

1958 4285 2096 4340 citis.
2129 4283 2320 4339 Amate
2365 4282 2510 4353 quod
2550 4298 2652 4339 nos
2685 4280 2969 4352 glorificat.
3020 4281 3106 4336 Sit
3144 4281 3282 4339 velle
3309 4290 3548 4339 vestrum

1958 4374 2120 4442 quale
2149 4373 2342 4428 videtis
2368 4381 2615 4428 nostrum
2646 4387 2767 4429 esse
2793 4372 3151 4446 propositum.
3175 4373 3256 4428 Ad
3277 4388 3546 4428 summum

1961 4462 2150 4537 [Juret.
2179 4463 2302 4534 legit
2329 4461 2397 4517 ad
2421 4461 2706 4533 summam]
2745 4463 2878 4518 tales
2904 4476 3002 4518 vos
3030 4478 3150 4519 esse
3176 4462 3442 4534 cupimus,
3489 4469 3548 4520 ut
3593 4477 3597 4482 ‘

264 4583 348 4627 tus
382 4572 608 4630 feliciter
634 4578 914 4646 pervenias
939 4581 1320 4638 summitatem.
1352 4554 1538 4643 Honor
1565 4591 1657 4658 qui
1686 4589 1858 4647 efficit
1885 4587 1936 4646 D
1962 4556 2129 4658 ﬂia":
2154 4570 2375 4658 per_v°s
2398 4554 2607 4658 wifes
2632 4554 3313 4658 (ῗηίμῐηυεζῐιθωιίῗῗθ
3343 4554 3412 4611 de
3452 4571 3549 4658 v.0-

263 4675 588 4734 senatorem,
619 4669 704 4724 cui
746 4678 957 4740 patrum
987 4673 1108 4727 aula
1155 4687 1444 4745 reseratur,
1479 4696 1586 4736 non
1616 4683 1808 4752 injuria
1835 4703 1851 4753 ;

265 4775 388 4813 nam
439 4761 528 4829 qui
577 4762 774 4817 nostris
811 4763 954 4818 curis
983 4765 1177 4821 militat
1205 4769 1419 4824 assidua
1461 4772 1852 4844 lucubratione,

264 4849 405 4918 juste
441 4852 651 4906 videtur
693 4861 749 4907 et
796 4854 1000 4908 curiam
1047 4855 1310 4915 libertatis
1355 4861 1576 4919 intrare.
1627 4865 1855 4924 Additur

269 4942 426 4995 etiam
459 4940 723 5010 perfuncti
753 4943 952 5000 laboris
981 4945 1124 5001 aliud
1152 4964 1364 5017 munus,
1389 4963 1449 5007 ut
1477 4955 1522 5009 si
1553 4971 1662 5026 quo
1690 4961 1851 5018 modo

271 5032 332 5086 ad
360 5030 675 5086 illustratum
705 5033 790 5087 vel
817 5045 1096 5090 vacantem
1126 5042 1383 5095 meruerit
1411 5047 1714 5112 pervenire,
1734 5065 1850 5104 om-

271 5120 421 5174 nibus
447 5119 639 5174 debeat
683 5125 958 5192 anteponi,
989 5126 1081 5193 qui
1123 5127 1461 5186 codicillariis
1499 5134 1851 5192 illustratibns

274 5212 563 5279 probantur
591 5215 789 5268 ornari.
835 5213 983 5270 Unde
1029 5216 1272 5286 absolute
1300 5221 1570 5292 colligitur
1595 5228 1850 5297 primice-

275 5305 436 5361 riatus
463 5307 670 5361 meritis
693 5306 879 5361 datum
923 5308 1020 5376 uti,
1050 5318 1108 5363 ut
1135 5311 1188 5365 in
1232 5330 1338 5369 uno
1359 5315 1655 5387 eodemque
1695 5321 1850 5378 titulo

276 5399 447 5469 dispar
489 5411 632 5455 esset
683 5399 915 5469 dignitas
963 5404 1243 5470 aequaliter
1287 5409 1574 5478 acquisita.
1611 5411 1848 5473 Animari

278 5551 376 5667 FO;
379 5543 1116 5668 1t'lotiadragesimumlapidem,
1131 5563 1233 5606 seu
1249 5549 1553 5607 milliarium
1572 5553 1840 5627 intelligit.

310 5682 367 5763 ,ιζ
393 5684 760 5764 Referendarii
788 5699 930 5756 sunt,
956 5689 1048 5760 qui
1078 5689 1376 5764 supplicum
1400 5690 1670 5764 desideria
1697 5696 1844 5764 prin-

281 5754 369 5833 cipi
394 5754 634 5833 referunt
657 5767 713 5813 et
752 5754 1046 5833 exponunt,
1075 5754 1631 5833 jussigtiespriiutipis
1655 5754 1846 5833 judici-

284 5819 367 5878 bus
414 5825 704 5884 insinuant.
750 5819 956 5887 No'vcll.
1000 5819 1098 5896 10',
1142 5829 1262 5896 ηδ,
1316 5819 1436 5888 121i.
1490 5819 1565 5890 Aé
1596 5819 1844 5893 ιιόηὴὼί-

1957 4649 2040 4705 bis
2063 4647 2278 4719 aliquod
2304 4648 2534 4718 vectigal
2559 4649 2845 4717 exigimus,
2890 4657 2950 4704 ut
2977 4649 3114 4705 sicut
3149 4651 3429 4706 vobiscum
3472 4650 3548 4704 fa-

1956 4741 2238 4795 miliariter
2262 4741 2549 4795 miscemus
2583 4739 2795 4805 affatus,
2828 4741 2900 4795 ita
2923 4749 2978 4796 et
3006 4751 3190 4797 nostra
3212 4742 3394 4813 opinio
3421 4755 3548 4812 spc-

1955 4831 2163 4886 cialiter
2183 4844 2211 4884 a
2244 4830 2398 4886 vobis
2425 4838 2702 4885 mereatur
2728 4829 3003 4887 affectum.
3543 4821 3549 4842 ’

2227 4959 2414 5018 XVIII.
2443 4978 2690 5020 FORIULA
2720 4982 2998 5022 PREFEC'I‘I
3025 4981 3271 5021 summa.

2028 5051 2086 5109 Si
2127 5052 2196 5109 ad
2247 5053 2388 5109 hanc
2426 5070 2729 5111 mensuram
2768 5057 3051 5113 censenda:
3079 5066 3204 5113 sunt
3231 5055 3542 5124 dignitates,

1956 5154 2016 5201 ut
2043 5153 2196 5202 tanto
2245 5146 2367 5216 quis
2419 5146 2751 5205 honorabilis
2801 5149 3067 5205 habeatur
3101 5155 3306 5218 quanto
3341 5147 3547 5204 civibus

1956 5238 2222 5310 profuisse
2266 5240 2630 5306 cognoscitur,
2677 5241 2720 5295 is
2747 5249 2896 5296 certe
2923 5239 3078 5294 debet
3110 5253 3229 5293 esse
3255 5237 3543 5307 gloriosus,

1957 5341 1982 5370 ο
2013 5330 2105 5399 qui
2156 5329 2225 5384 ad
2275 5331 2487 5400 copiam
2531 5329 2760 5385 Romani
2790 5329 2972 5401 populi
3021 5330 3280 5398 probatur
3318 5328 3543 5384 electus.

1955 5418 2054 5474 Tui
2083 5418 2344 5491 siquidem
2391 5419 2550 5475 studii
2576 5429 2661 5476 est
2685 5429 2744 5475 ut
2781 5419 3155 5475 sacratissima:
3180 5417 3308 5474 Urbi
3337 5434 3548 5490 praepa-

1952 5573 2155 5629 quam,
2193 5567 2249 5612 ut
2287 5559 2600 5629 Sigehertus
2646 5557 2838 5629 scribit
2880 5556 2932 5629 in
2978 5555 3268 5629 Chronico,
3303 5553 3546 5629 publicas

1951 5626 2378 5698 conscriptiones
2425 5629 2623 5683 annulo
2660 5643 2759 5683 seu
2796 5627 2972 5696 sigillo
3010 5627 3152 5696 regis
3197 5626 3520 5682 confirmant

1952 5698 2272 5839 gagscgopias
2295 5776 2452 5824 vocat
2479 5768 2733 5839 alimenta
2762 5777 2817 5839 _et
2838 5781 3104 5839 annonas,
3145 5772 3204 5821 ut
3244 5764 3296 5819 in
3323 5765 3359 5819 l.
3391 5763 3444 5819 4.
3471 5764 3539 5836 C.

1953 5835 2184 5902 Tltcodf,
2213 5838 2290 5897 De
2318 5855 2461 5902 oper.
2493 5835 2612 5904 pub.
2637 5853 2651 5906 ;
2683 5837 2736 5892 in
2760 5837 2796 5894 Ι.
2827 5837 2918 5907 20,
2948 5837 3010 5895 D.
3042 5837 3121 5894 De
3145 5850 3438 5909 comperta,
3481 5835 3539 5895 et
