4018 6348
482 331 591 387 699

1683 323 1756 382 Μ.
1797 324 2071 385 AURELII
2110 325 2507 384 CASSIODOR!

3633 322 3737 381 πο

483 453 635 501 retur
684 456 917 508 annona,
948 439 1144 509 ubique
1180 438 1442 493 redundet
1470 437 1622 507 panis
1669 438 1843 507 copia,
1873 446 1928 494 et
1952 447 2061 493 tam
2090 445 2133 499 A
2164 438 2534 509 pretiosissimi
2582 436 2801 491 metalli.
2832 436 3045 491 Intuere
3089 442 3238 491 certe
3263 433 3407 504 quod
3448 434 3733 504 loquimur.

482 552 709 607 magnus
734 534 963 607 populus
989 541 1243 601 tanquam
1290 545 1393 585 una
1441 545 1624 584 mensa
1663 531 1906 585 satietur.
1956 530 2061 586 Per

483 626 729 682 officinas
776 625 1038 695 pistorum
1093 623 1349 691 cibosque
1401 619 1690 684 discurris,
1744 636 1969 689 pensum
2006 630 2061 676 et

481 718 799 774 munditiam
828 717 981 787 panis
1008 715 1214 783 exigis;
1246 729 1346 768 nec
1376 713 1479 769 vile
1502 711 1708 782 iudicas
1736 727 1875 781 esse,
1920 714 2059 767 unde

482 818 538 863 te
562 808 730 879 possit
760 805 928 863 Roma
968 805 1222 861 laudare:
1266 803 1482 869 merito,
1509 801 1725 871 quando
1752 802 1921 871 gloria
1951 803 2060 857 sin-

479 899 679 969 gularis
708 907 811 965 est,
857 898 999 953 illius
1034 896 1264 953 civitatis
1314 894 1553 949 affectus.
1586 892 1655 948 Et
1682 908 1749 947 ne
1776 892 1917 963 quod
1946 894 2059 961 agis

480 988 679 1058 aliquid
718 996 936 1058 putetur
960 995 1276 1049 extremum,
1303 992 1614 1054 carpentum
1641 982 1878 1053 praefecti
1904 981 2059 1038 Urbis

479 1080 646 1135 mixta
673 1078 1059 1149 glorificatione
1086 1075 1421 1132 conscendis.
1447 1075 1526 1129 Tu
1555 1075 1631 1129 illi
1660 1076 1713 1129 in
1740 1074 2058 1145 spectaculis

477 1168 947 1238 conjunctissimus
982 1164 1256 1235 inveniris,
1285 1175 1345 1220 ut
1389 1165 1559 1236 plebs,
1606 1180 1765 1234 quam
1794 1164 2057 1219 industria

478 1268 571 1315 tua
585 1259 765 1325 satiat,
782 1260 833 1313 in
855 1274 1005 1314 suam
1034 1257 1389 1313 reverentiam
1412 1265 1466 1311 te
1491 1256 1812 1311 honoratum
1834 1271 1952 1311 esse
1972 1271 2058 1311 (θοι

473 1359 717 1421 gnoscat.
751 1350 883 1406 Nam
910 1351 955 1406 si
983 1351 1201 1419 querela
1247 1349 1425 1418 panis,
1455 1355 1513 1402 ut
1563 1348 1784 1415 assolet,
1813 1348 2055 1403 concite-

477 1450 587 1511 tur,
609 1449 668 1496 tu
689 1440 983 1511 promissor
1004 1440 1264 1496 ubertatis
1278 1438 1568 1494 seditiones
1591 1438 1789 1493 civicas
1810 1452 2056 1493 momen-

474 1538 632 1587 tanea
661 1531 1019 1587 satisfactione
1045 1530 1313 1594 dissolvis,
1343 1537 1399 1583 et
1440 1542 1536 1598 per
1564 1534 1617 1582 te
1641 1528 1966 1598 prospicitur
1988 1541 2060 1582 ne

473 1622 603 1692 quid
629 1638 661 1677 a
689 1623 901 1693 populis
937 1620 1390 1691 conquerentibus
1442 1618 1753 1674 excedatur.
1808 1617 1924 1674 Non
1957 1619 2058 1673 im-

471 1715 666 1770 merito
712 1713 999 1785 Pompeius
1041 1714 1234 1781 fertur,
1279 1712 1449 1782 copiae
1490 1712 1791 1782 quantitate
1820 1712 2052 1782 provisa,

472 1819 647 1876 usque
671 1804 739 1861 ad
763 1820 942 1861 rerum
972 1804 1281 1875 pervenisse
1307 1802 1536 1872 fastigia,
1566 1803 1693 1872 quia
1720 1804 1915 1859 merito
1944 1804 2055 1859 sin-

474 1894 676 1962 gularis
696 1902 781 1949 est
800 1909 952 1950 amor
979 1893 1182 1964 populi,
1206 1907 1326 1949 cum
1353 1892 1526 1962 potuit
1552 1906 1584 1945 a
1610 1892 1833 1961 penuria
1858 1892 2054 1947 libera-

472 1986 539 2042 ri.
570 1987 707 2043 Hinc
731 1986 821 2041 ille
846 1985 1294 2055 gratificationem
1325 1985 1539 2050 meruit,
1569 1984 1923 2055 plausumque
1950 2001 2051 2056 po-

468 2078 740 2149 pulorum.
791 2078 929 2135 Hinc
967 2079 1123 2136 unice
1177 2093 1389 2149 semper
1441 2088 1653 2134 amatus
1704 2086 1827 2148 est,
1883 2088 1939 2135 et
1997 2080 2053 2135 in

468 2169 643 2237 gratia
668 2169 889 2237 civium,
919 2169 1157 2225 omnium
1190 2169 1347 2239 106
1390 2168 1520 2223 vicit
1547 2168 1688 2224 facta
1715 2169 1858 2241 [Ac.,
1883 2169 2055 2226 malo-

467 2257 628 2330 rum]
677 2258 942 2327 majorum
984 2276 998 2313 ε
1056 2259 1148 2327 qui
1194 2272 1264 2313 ne
1317 2258 1603 2327 aliquando
1653 2260 1681 2288 ⁸
1737 2260 1793 2315 in
1844 2259 2055 2316 honore

465 2347 753 2414 diceretur,
780 2363 903 2402 cum
955 2348 1188 2403 nominis
1219 2348 1493 2403 taxatione
1520 2348 1813 2404 vocabatur
1842 2356 1896 2404 et
1941 2349 2055 2404 Ma-

466 2450 620 2506 gnus.
644 2436 759 2492 Hoc
806 2444 859 2492 te
884 2436 1189 2506 exemplum
1217 2435 1406 2492 invitet
1431 2436 1499 2491 ad
1526 2452 1804 2507 prospera,
1835 2437 2052 2507 quando

466 2528 561 2584 ille
585 2527 806 2584 honoris
832 2528 908 2583 tui
938 2528 1116 2584 locum
1147 2528 1320 2597 egisse
1348 2529 1707 2597 cognoscitur,
1737 2545 1897 2599 quem
1924 2529 2051 2586 felix

454 2616 638 2673 Roma
665 2617 973 2673 mirabatur.
999 2617 1079 2674 Ne
1104 2618 1225 2688 quis
1253 2626 1433 2674 autem
1462 2628 1722 2690 provocet
1743 2620 1969 2690 abjectis
2001 2632 2053 2679 te

463 2707 771 2766 hominibus
795 2708 1083 2779 imperare,
1115 2708 1361 2778 dignitati
1401 2723 1615 2779 quoque
1651 2716 1756 2764 tuae
1784 2708 2049 2780 pistorum

462 2799 583 2870 iura
609 2800 864 2857 famulata
910 2808 1052 2867 sunt,
1084 2815 1205 2871 quae
1241 2816 1339 2871 per
1366 2800 1605 2857 diversas
1651 2801 1838 2857 mundi
1871 2811 2053 2872 partes

463 2891 809 2961 possessione
832 2890 1090 2948 latissima
1109 2890 1484 2955 tendebantur,
1517 2906 1585 2947 ne
1607 2891 1789 2961 inopia
1820 2890 2050 2948 faciente

462 2980 764 3049 vilesceret,
786 2979 932 3051 quod
952 2979 1207 3036 Romanae
1228 2979 1396 3050 copiae
1418 2980 1668 3035 laudabili
1694 2980 2044 3037 famulatioue

462 3071 706 3127 serviret.
721 3069 899 3126 Suarii
916 3084 1154 3140 quoque,
1178 3069 1433 3125 Romanae
1454 3071 1621 3140 copiae
1640 3086 1800 3127 causa
1821 3071 2042 3142 reperti,

462 3170 557 3217 tuo
581 3160 824 3231 deputati
878 3160 1129 3216 videntur
1157 3160 1409 3215 examini.
1457 3159 1702 3216 Gloriare
1753 3162 2046 3233 privilegiis
2072 3189 2118 3251 ρ

460 3252 757 3320 adquisitis.
780 3250 1035 3306 Tribunal
1076 3258 1225 3305 tuum
1265 3266 1374 3306 non
1413 3259 1496 3306 est
1524 3251 1662 3305 inter
1688 3252 1935 3306 minimas
1960 3252 2043 3305 di-

462 3344 719 3413 gniaates,
740 3342 953 3411 quando
974 3351 1029 3397 et
1058 3341 1298 3397 Romana
1324 3341 1494 3410 gratia
1524 3341 1715 3396 frueris
1753 3349 1808 3397 et
1830 3341 2047 3411 provin-

462 3434 563 3489 ciis
585 3421 736 3501 iussa
762 3432 1106 3487 transmittis.
1138 3431 1247 3486 Sed
1268 3441 1326 3486 ut
1355 3432 1584 3488 actionis
1612 3432 1779 3501 ipsius
1798 3433 1850 3487 in
1877 3441 2047 3489 totum

463 3522 655 3578 merita
691 3530 1114 3592 perscrutemur,
1144 3521 1379 3578 triticeas
1406 3522 1622 3590 quidem
1647 3522 1829 3593 copias
1858 3524 2048 3595 praefe-

465 3621 622 3669 ctura
649 3612 971 3682 praetoriana
1014 3621 1285 3683 procurat.
1319 3613 1425 3668 Sed
1470 3630 1578 3669 non
1606 3614 1783 3670 minor
1807 3615 1921 3672 laus
1966 3624 2047 3672 est

462 3702 919 3771 dispensationem
963 3702 1295 3775 probabilem
1347 3702 1526 3758 facere
1578 3720 1738 3773 quam
1780 3704 2045 3760 frumenta

461 3796 736 3865 colligere,
766 3795 980 3866 quando
1009 3797 1060 3851 in
1090 3796 1277 3865 quavis
1315 3795 1640 3851 abundantia
1683 3796 1897 3865 querela
1938 3814 2046 3852 non

462 3885 689 3949 tollitur,
721 3884 766 3940 si
794 3885 947 3954 panis
975 3885 1240 3954 elegantia
1288 3885 1433 3939 nulla
1479 3894 1744 3941 servetur.
1770 3886 1859 3941 Sic
1885 3886 2048 3943 Ceres

336 3992 397 4030 ./
460 3971 728 4029 frumenta
769 3972 966 4028 dicitur
1009 3973 1294 4038 invenisse,
1329 3974 1437 4028 Pan
1465 3983 1643 4029 autem
1685 3976 1890 4045 primus
1917 3993 2048 4031 con-

420 4060 425 4119 i
460 4077 677 4133 sparsas
718 4064 897 4131 fruges
934 4063 1144 4119 coxisse
1180 4063 1531 4133 perhibetur;
1575 4064 1717 4120 unde
1746 4074 1801 4120 et
1830 4067 2047 4121 nomine

406 4138 429 4214 ζ
461 4155 577 4222 ejus
600 4153 754 4223 panis
774 4162 857 4210 est
878 4154 1198 4224 appellatus.
1215 4152 1291 4208 Ita
1306 4161 1361 4209 et
1379 4153 1465 4208 illa
1495 4155 1779 4223 praedicata
1804 4163 1903 4220 est,
1929 4171 2048 4224 quae

459 4245 685 4314 reperit;
715 4252 771 4299 et
790 4244 892 4299 iste
920 4244 1167 4299 laudatus
1195 4244 1404 4313 est,qui
1432 4246 1688 4301 decenter
1716 4246 1920 4301 edenda
1948 4247 2048 4301 hu-

461 4336 636 4390 manis
673 4336 857 4391 usibus
903 4336 1214 4406 applicavit.
1265 4336 1440 4406 Atque
1488 4336 1611 4393 ideo
1657 4348 2047 4407 cognoscentes

462 4425 778 4483 industriam
822 4436 988 4490 tuam,
1035 4442 1155 4497 qum
1189 4443 1400 4497 semper
1429 4436 1510 4483 est
1538 4428 1710 4484 amica
1746 4429 2042 4499 sapientiae,

460 4516 834 4585 praefecturam
876 4532 1104 4572 annona:
1153 4532 1249 4587 per
1297 4517 1444 4572 illam
1474 4518 1819 4574 indictionem
1859 4528 2042 4575 nostra

460 4607 555 4660 tibi
585 4606 848 4663 electione
893 4607 1200 4665 deferimus.
1232 4608 1525 4665 Considera
1572 4627 1716 4665 nunc
1766 4611 1889 4679 quia
1933 4626 2039 4667 non

462 4694 587 4751 licet
635 4697 832 4766 aliquid
862 4695 1026 4752 furari
1054 4698 1122 4755 de
1151 4701 1367 4769 populo.
1394 4699 1527 4754 Nam
1556 4701 1700 4769 quod
1731 4701 1782 4754 in
1813 4700 2042 4755 civitatis

464 4788 662 4843 damno
717 4790 1099 4855 committitur,
1152 4791 1366 4845 silentio
1422 4807 1526 4845 non
1578 4790 1805 4844 celatur.
1863 4789 2044 4844 Nescit

461 4878 613 4948 plebs
637 4887 835 4943 tacere,
867 4879 1081 4948 quando
1106 4879 1369 4935 interdum
1401 4880 1583 4935 ethoc
1610 4880 1863 4949 loquitur,
1897 4882 2041 4949 quod

459 4981 490 5021 a
524 4967 737 5022 nomine
775 4977 1135 5038 perpetratnr.
1161 4969 1219 5023 ln
1251 4968 1613 5024 fraudulentos
1642 4969 1922 5039 distringe,
1953 4985 2041 5039 pa-

459 5057 544 5111 nis
588 5058 826 5128 pondera
871 5061 1422 5130 aequusaxaminator
1448 5062 1713 5129 intende;
1760 5062 2039 5119 sollicitius

461 5163 601 5213 auro
621 5159 894 5220 pensetur,
917 5152 1056 5207 unde
1085 5167 1115 5205 a
1145 5151 1438 5218 Quiritibus
1458 5154 1673 5223 vivitur,
1691 5157 1815 5225 quia
1839 5156 2043 5226 gratior

460 5240 617 5296 nobis
646 5250 730 5299 est
772 5242 953 5297 laetitia
974 5241 1201 5298 laventis
1238 5242 1422 5312 populi
1447 5242 1675 5301 Romani
1696 5260 1858 5316 quam
1886 5246 2041 5317 copia

457 5444 603 5514 apud
621 5444 829 5516 Valer.,
855 5446 946 5501 lib.
975 5462 1027 5510 v,
1056 5462 1179 5516 cap.
1215 5447 1267 5501 Ι.
1294 5444 1425 5516 Inde
1443 5444 1646 5515 copiari
1672 5461 1866 5515 magno
1887 5460 2039 5500 com-

458 5523 660 5585 meatu,
692 5515 975 5585 praedaque
1002 5515 1225 5585 ingenti,
1271 5515 1410 5584 apud
1439 5516 1721 5583 Agellium,
1748 5516 1842 5571 lib.
1872 5529 2038 5580 xxvn,

457 5581 589 5667 6.},
611 5592 665 5638 et
693 5581 933 5667 ﬁniti-um
959 5581 1267 5667 marcellum
1297 5581 1323 5651 ;’
1342 5581 1735 5667 quod—verbum
1768 5593 2042 5640 castrense

454 5659 568 5720 est,
598 5666 699 5708 nec
724 5651 877 5708 facile
902 5654 1043 5723 apud
1068 5654 1202 5709 alios
1227 5651 1508 5724 reperitur.
1551 5653 1738 5734 Bnoss.

532 5719 646 5776 ιι).
687 5721 858 5776 Juret.
883 5729 1032 5792 putat
1069 5723 1389 5792 legendum,
1426 5724 1579 5792 unica
1606 5724 1860 5792 lectione,
1891 5722 2045 5775 inho-

456 5808 606 5862 nora,
648 5799 709 5848 ut
735 5790 918 5863 supra,
948 5790 1040 5849 lib.
1072 5790 1150 5860 ut,
1178 5793 1335 5864 epist.
1376 5791 1461 5850 55.
1509 5791 1575 5848 Et
1631 5792 1788 5862 infra,
1840 5791 1932 5849 lib.
1966 5807 2040 5861 ιι,

2072 4572 2124 4632 D

2164 528 2300 595 Quid
2324 529 2489 583 habes
2517 528 2705 583 melius
2722 527 2864 597 quod
2889 536 3042 597 optes
3063 542 3222 596 quam
3250 526 3391 583 illius
3411 526 3596 597 populi
3626 540 3741 598 gra-

2164 618 2291 671 tiam
2314 630 2553 686 quaerere
2578 630 2738 686 quam
2767 631 2865 672 nos
2885 616 3049 671 etiam
3069 624 3283 672 constat
3310 618 3534 687 optare?

2388 764 2526 820 XJX.
2557 782 2802 822 ronuuu
2828 782 3046 823 COIITIS
3076 784 3513 824 ABCBIATRORUI.

2227 877 2376 935 Inter
2402 880 2710 935 utilissimas
2738 891 2902 947 artes,
2929 896 3065 951 quas
3107 881 3176 936 ad
3203 879 3608 937 sustentandam
3638 881 3745 936 bu-

2160 986 2330 1027 mana:
2351 971 2650 1042 fragilitatis
2670 974 3018 1043 indigentiam
3043 975 3229 1030 Divina
3251 976 3575 1045 tribuerunt,
3597 977 3739 1031 nulla

2159 1070 2414 1133 praestare
2459 1065 2673 1120 videtur
2718 1066 2915 1135 aliquid
2958 1066 3150 1131 simile,
3183 1083 3345 1137 quam
3384 1068 3530 1137 quod
3559 1076 3742 1137 potest

2160 1155 2438 1211 auxiliaris
2459 1156 2724 1211 medicina
2750 1158 3015 1213 conferre.
3045 1157 3164 1226 lpsa
3211 1159 3353 1212 enim
3382 1159 3573 1213 morbo
3602 1160 3743 1229 peri-

2159 1248 2463 1302 clitantibus
2488 1257 2728 1303 materna
2772 1250 2943 1318 gratia
2972 1265 3188 1318 semper
3212 1250 3429 1304 assistit.
3455 1249 3576 1319 Ipsa
3606 1265 3743 1305 con-

2160 1347 2241 1393 tra
2274 1339 2490 1394 dolores
2518 1353 2617 1409 pro
2653 1346 2836 1395 nostra
2867 1340 3233 1395 imbecillitate
3261 1338 3540 1410 confligit;
3585 1348 3642 1395 et
3672 1341 3743 1394 ibi

2108 1436 2123 1443 “
2160 1446 2259 1486 nos
2298 1431 2485 1485 nititur
2507 1432 2810 1498 sublevare,
2842 1433 2935 1488 ubi
2958 1433 3116 1487 nullae
3137 1432 3352 1494 divitiae,
3380 1433 3526 1486 nulla
3568 1441 3746 1501 potest

2157 1520 2389 1590 dignitas
2416 1520 2717 1576 subvenire.
2741 1519 3036 1577 Causarum
3063 1521 3219 1591 periti
3248 1522 3514 1591 palmares
3543 1522 3745 1577 haben-

2157 1617 2265 1676 tur,
2287 1625 2410 1666 cum
2435 1625 2626 1681 magna
2651 1611 2866 1681 negotia
2894 1608 3233 1667 defenderint
3259 1612 3628 1680 singulorum:
3652 1611 3745 1667 sed

2157 1707 2361 1771 quanto
2387 1700 2670 1770 gloriosius
2697 1708 2780 1757 est
2805 1701 3078 1771 expellere
3104 1686 3249 1771 quod
3270 1712 3498 1757 mortem
3521 1702 3741 1757 videba-

2159 1801 2245 1848 tur
2269 1792 2489 1863 inferre,
2518 1801 2575 1849 et
2620 1793 2851 1849 salutem
2894 1793 3217 1865 periclitanti
3244 1793 3495 1856 reddere,
3542 1793 3613 1849 de
3641 1810 3741 1864 qua

2156 1890 2377 1939 coactus
2402 1881 2579 1938 fuerat
2624 1883 2959 1955 desperare?
2987 1884 3089 1939 Ars
3131 1899 3251 1953 quae
3280 1884 3333 1938 in
3361 1883 3585 1939 homine
3629 1884 3746 1954 plus

2156 1970 2364 2025 invenit
2389 1985 2550 2040 quam
2593 1971 2647 2026 in
2674 1986 2734 2027 se
2758 1973 2876 2043 ipse
2899 1974 3196 2042 cognoscit.
3224 1971 3589 2029 Periclitantia
3620 1989 3746 2029 con-

2158 2060 2366 2128 firmat,
2397 2071 2650 2133 quassata
2697 2066 3046 2133 corroborat,
3094 2074 3151 2121 et
3188 2064 3488 2121 futurorum
3518 2068 3742 2136 praescia

2157 2152 2451 2209 valetudini
2479 2170 2585 2210 non
2612 2154 2771 2221 cedit,
2788 2170 2911 2211 cum
2936 2171 2997 2211 se
3022 2170 3166 2225 aeger
3189 2157 3439 2226 praesenti
3468 2156 3747 2212 debilitate

2158 2244 2474 2311 turbaverit,
2526 2246 2756 2316 amplius
2784 2247 3087 2317 intelligens
3132 2262 3296 2317 quam
3343 2246 3577 2313 videtur,
3626 2249 3745 2318 plus

2158 2334 2388 2391 credens
2431 2337 2631 2393 actioni
2689 2336 2825 2411 [Ac.,
2857 2336 3097 2407 lectioni]
3150 2352 3311 2407 quam
3356 2338 3548 2402 oculis,
3590 2346 3651 2392 ut
3677 2339 3742 2393 ab

2160 2424 2531 2493 ignorantibus
2576 2442 2717 2496 pene
2768 2427 3084 2498 praesagium
3114 2434 3334 2496 putetur
3359 2427 3507 2496 quod
3533 2428 3744 2483 ratione

2156 2514 2445 2584 colligitur.
2496 2515 2633 2571 Huic
2660 2519 2873 2587 peritiae
2912 2518 3105 2574 deesse
3125 2517 3383 2587 judicem,
3427 2532 3614 2573 nonne
3643 2518 3743 2572 hu-

2154 2619 2436 2660 manarum
2472 2621 2654 2663 rerum
2693 2610 2954 2679 probatur
2993 2608 3191 2664 oblivio
3216 2610 3239 2663 ?
3266 2608 3334 2662 Et
3376 2623 3501 2665 cum
3533 2609 3742 2664 lascivae

2154 2696 2461 2768 voluptates
2488 2698 2753 2770 recipiant
2783 2701 3076 2766 tribunum,
3107 2701 3211 2755 hoc
3240 2716 3347 2755 non
3376 2710 3621 2755 meretur
3647 2701 3740 2755 ba-

2154 2791 2283 2846 bere
2309 2792 2621 2861 primarium
2648 2797 2672 2847 Υ
2712 2792 2959 2848 Habeant
2995 2793 3179 2863 itaque
3216 2793 3520 2863 praesulem,
3554 2794 3740 2863 quibus

2155 2891 2397 2937 nostram
2422 2884 2804 2939 committimus
2824 2885 3162 2954 sospitatem.
3190 2882 3376 2939 Sciant
3396 2900 3457 2939 se
3482 2884 3610 2941 huic
3632 2885 3741 2940 redv

2154 2971 2285 3026 dere
2311 2974 2596 3040 rationem,
2625 2974 2717 3043 qui
2747 2974 3076 3044 operandam
3105 2974 3407 3045 suscipiunt
3452 2975 3739 3029 humanam

2154 3063 2399 3120 salutem.
2431 3064 2545 3120 Non
2575 3065 2717 3134 quod
2746 3066 2811 3120 ad
2838 3081 3021 3121 casum
3052 3065 3261 3133 fecerit,
3293 3066 3393 3122 sed
3421 3068 3571 3137 quod
3601 3068 3738 3137 lege-

2147 3153 2245 3217 .rit,
2270 3169 2359 3210 ars
2384 3154 2592 3210 dicatur
2621 3172 2633 3208 :
2679 3156 2878 3225 alioqui
2910 3155 3165 3226 periculis
3192 3156 3371 3225 potius
3399 3157 3739 3226 exponimur,

2153 3244 2200 3300 si
2229 3246 2377 3313 vagis
2406 3245 2770 3301 voluntatibus
2798 3245 3156 3315 subjacemus.
3184 3244 3337 3300 Unde
3357 3246 3407 3299 si
3435 3247 3739 3302 haesitatum

2152 3331 2330 3399 fuerit,
2360 3349 2485 3389 mox
2511 3344 2782 3403 quaeratur
2808 3333 2946 3406 [Ac.,
2968 3332 3269 3405 queratur].
3314 3332 3553 3389 Obscura
3581 3333 3737 3389 nimis

2152 3433 2236 3480 est
2262 3425 2541 3480 hominum
2570 3425 2735 3489 salus,
2766 3426 3058 3493 temperies
3087 3439 3155 3479 ex
3179 3424 3460 3480 contrariis
3487 3423 3732 3479 immori-

2151 3515 2250 3570 bus
2273 3522 2569 3570 constans:
2600 3515 2689 3569 ubi
2716 3514 2974 3583 quidquid
3003 3515 3192 3570 horum
3223 3513 3539 3578 excreverit,
3570 3513 3637 3566 ad
3657 3513 3739 3567 ἱει-

2153 3605 2458 3663 firmitatem
2488 3606 2735 3676 protinus
2788 3621 2986 3676 corpus
3014 3606 3251 3662 adducit.
3283 3606 3421 3661 Hinc
3467 3616 3553 3661 est
3597 3606 3740 3677 quod

2150 3702 2290 3755 sicut
2311 3700 2451 3770 aptis
2477 3701 2611 3756 cibis
2630 3701 2881 3757 valetudo
2900 3701 3041 3756 fessa
3067 3711 3357 3767 recreatur,
3381 3703 3461 3758 sic
3473 3719 3739 3779 veneni-tt

2151 3800 2254 3858 est,
2278 3790 2424 3860 quod
2453 3791 2881 3861 incompetenter
2904 3792 3189 3862 accipitur.
3219 3790 3532 3846 Habeantur
3556 3793 3738 3863 itaque

2150 3879 2345 3934 medici
2384 3894 2482 3949 pro
2526 3878 2895 3934 incolumitate
2941 3880 3225 3947 omnium;
3271 3888 3328 3935 et
3366 3888 3492 3950 post
3518 3882 3738 3936 scholas

2149 3967 2460 4036 magistrum
2483 3976 2694 4033 vacent,
2724 3967 2873 4024 libris
2902 3968 3241 4023 delectentur
3267 3969 3522 4038 antiquis.
3555 3968 3737 4024 Nullus

2144 4063 2342 4133 justius
2370 4062 2583 4118 assidue
2604 4062 2731 4130 legit
2756 4076 2918 4130 quam
2941 4062 3030 4130 qui
3053 4061 3121 4117 de
3147 4062 3382 4116 humana
3422 4061 3598 4116 salute
3629 4071 3735 4115 tra-

2149 4154 2394 4211 ctaverit.
2417 4153 2700 4223 Deponite,
2730 4153 2976 4209 medendi
3006 4152 3261 4215 artifices,
3291 4154 3319 4190 ὶ)
3346 4153 3540 4206 noxias
3565 4166 3735 4221 aegro-

2150 4248 2374 4302 tantium
2400 4248 2796 4311 contentiones,
2821 4253 2880 4301 ut
2906 4261 3026 4302 cum
3066 4246 3222 4301 vob’is
3249 4261 3359 4299 non
3385 4245 3550 4299 vultis
3575 4247 3733 4301 cede-

2148 4354 2228 4405 re,
2259 4339 2475 4393 inventa
2518 4345 2696 4394 vestra
2727 4339 2954 4394 invicem
2990 4336 3276 4393 videamini
3313 4337 3599 4408 dissipare.
3633 4337 3735 4391 Ha-

2146 4429 2288 4485 betis
2314 4444 2476 4498 quem
2520 4428 2637 4484 sine
2670 4429 2868 4484 invidia
2897 4429 3229 4498 interrogare
3266 4429 3505 4498 possitis.
3551 4426 3733 4483 Omnis

2150 4518 2386 4589 prudens
2414 4518 2694 4574 consilium
2725 4519 2935 4587 quaerit,
2963 4518 3088 4573 dum
3129 4519 3219 4573 ille
3250 4519 3419 4586 magis
3446 4519 3732 4574 studiosior

2148 4608 2475 4678 agnoscitur,
2509 4608 2597 4677 qui
2618 4609 2827 4663 cautior
2848 4609 3110 4677 frequenti
3134 4608 3563 4677 interrogatione
3585 4624 3733 4663 mon-

2146 4706 2367 4754 stratur.
2397 4698 2453 4752 ιη
2473 4699 2602 4768 ipsis
2624 4699 2824 4770 quippe
2850 4700 2982 4755 artis
3010 4697 3167 4767 hujus
3198 4698 3362 4753 initiis
3382 4698 3620 4766 quodam
3648 4715 3731 4753 sa-

2148 4790 2373 4847 cerdotii
2398 4803 2595 4858 genere
2620 4802 2641 4828 °
2665 4798 2997 4846 sacramenta
3026 4805 3123 4844 vos
3169 4799 3507 4845 consecrant.
3542 4790 3730 4843 Docto-

2147 4880 2295 4935 ribus
2323 4880 2465 4936 enim
2502 4881 2694 4936 vestris
2739 4881 3052 4951 promittitis
3103 4879 3281 4935 odisse
3328 4880 3652 4949 nequitiam,
3681 4891 3731 4933 ct

2145 4985 2327 5024 amare
2356 4970 2663 5039 puritatem.
2706 4970 2796 5026 Sic
2831 4972 2985 5027 vobis
3024 4970 3254 5026 liberum
3284 4986 3390 5024 non
3432 4979 3513 5025 est
3543 4980 3729 5039 sponte

2145 5062 2478 5130 delinquere,
2511 5063 2707 5132 quibus
2758 5071 2884 5118 ante
2924 5072 3199 5117 momenta
3239 5063 3475 5117 scientiae
3527 5063 3726 5115 animas

2147 5156 2439 5227 imponitur
2465 5156 2723 5224 obligare.
2753 5154 2820 5208 Et
2841 5155 2961 5210 ideo
2984 5154 3295 5223 diligentius
3318 5153 3586 5221 exquirite
3613 5166 3724 5219 quae

2147 5254 2338 5302 curent
2376 5246 2607 5311 saucios,
2648 5246 3009 5302 corroborent
3037 5244 3352 5299 imbecilles.
3382 5242 3517 5297 Nam
3547 5242 3725 5295 videro

2222 5445 2283 5482 Ecl
2330 5445 2400 5482 ολ.
2448 5445 2510 5482 ΠΙ
2540 5446 2816 5482 Πηηιηνιῖη
2875 5446 3049 5482 Danaa
3103 5445 3201 5482 I03

2148 5445 2306 5517 epist.
2330 5445 2418 5500 24.
2447 5445 2517 5500 Et
2538 5446 2838 5501 Mamertin.
2873 5446 3067 5514 Paneg.
3103 5444 3225 5500 19³.

2221 5515 2247 5554 b
2274 5516 2404 5587 _Vide
2432 5516 2618 5587 Sidon.
2650 5516 2903 5587 Apollin.,
2937 5517 3029 5571 lib.
3063 5533 3117 5582 ll,
3150 5518 3308 5585 epist.
3343 5514 3430 5569 1'2.
3461 5515 3582 5571 Jun.

2223 5597 2245 5624 ο
2272 5585 2524 5658 intelligit
2548 5583 3388 5658 szosillipnocratistqtjopihjl
3419 5587 3653 5640 sanctius
3671 5593 3720 5637 ct

2150 5656 2369 5719 castius,
2392 5654 2649 5725 integrius
2670 5654 2819 5710 nihil.
2844 5654 3224 5711 Fonu.—-Vidc
3239 5654 3300 5708 D.
3322 5654 3716 5725 Hieronymum,

2150 5724 2308 5848 (’Episl.
2351 5726 2417 5780 ad
2445 5724 2821 5798 Nepotianum,
2871 5726 2940 5781 de
2984 5728 3094 5781 vita
3139 5725 3459 5781 clericorum
3508 5724 3560 5780 in
3599 5724 3714 5778 llne.

2184 5809 2340 5848 unsr.

2184 5809 2340 5851 URE'I'.
