3958 6520
212 351 329 405 701

1552 347 1908 411 VARIARUM
1949 351 2148 408 LIBER
2185 352 2251 408 Vl

3435 357 3541 412 7C!

213 468 268 522 si
318 469 493 537 quod
527 470 794 529 delictum
820 471 1002 544 lapsus
1041 479 1284 528 excuset.
1331 469 1616 526 Homicidii
1655 470 1857 525 crimen
1888 476 1940 535 Α
1962 470 2136 524 adhuc
2164 468 2456 539 provinciis
2481 477 2703 526 ornatus
2721 471 2938 540 penula,
2966 471 3204 543 carpenti
3223 470 3388 529 etiam
3415 473 3542 529 sub-

219 565 316 612 est
352 559 416 612 in
463 560 719 619 hominis
743 563 916 618 salute
939 577 1184 632 peccare.
1209 561 1313 617 Sed
1336 560 1603 616 credimus
1627 559 1738 628 jam
1763 560 1865 614 ista

219 646 540 716 sufﬁcere,
591 651 807 721 quando
834 651 1058 708 facimus
1086 652 1181 722 qui
1207 665 1306 706 vos
1329 651 1524 705 debeat
1552 649 1863 704 admonere.

225 735 628 810 Quapropter
652 757 682 796 a
707 744 953 812 praesenti
1006 750 1249 812 tempore
1289 750 1316 778 ι
1364 740 1629 795 comitivae
1654 738 1867 794 arcbia—

227 834 470 881 trorum
509 829 731 886 honore
757 829 1034 896 decorare,
1064 839 1124 885 ut
1167 832 1308 885 inter
1353 830 1543 884 salutis
1584 829 1867 896 magistros

225 917 399 974 solus
423 921 702 980 habearis
729 925 976 992 eximius,
1008 933 1061 982 et
1091 940 1280 980 omnes
1302 924 1508 994 judicio
1535 932 1628 978 tuo
1648 923 1861 988 cedant,

226 1008 333 1074 qui
369 1023 439 1064 se
455 1012 681 1068 ambitu
704 1021 901 1069 mutuae
915 1015 1275 1070 contentionis
1295 1014 1622 1069 excruciant.
1636 1012 1764 1067 Esto
1779 1027 1867 1092 ar-

227 1097 393 1153 biter
420 1102 580 1157 artis
605 1105 851 1174 egregiae,
874 1119 1170 1175 eorumque
1193 1103 1221 1143 ι’
1243 1103 1480 1172 discinge
1505 1103 1693 1176 [Jureh
1722 1108 1866 1170 putat

228 1182 575 1260 legendum,
604 1194 899 1266 discingue]
928 1194 1229 1261 conﬂictus,
1273 1209 1410 1264 quos
1431 1194 1676 1263 judicare
1719 1194 1865 1249 solus

231 1280 476 1335 solebat
516 1283 748 1340 effectus
777 1285 923 1358 [Niv.
940 1297 989 1340 et
1019 1285 1140 1352 6a.,
1168 1285 1434 1357 affectus].
1457 1284 1515 1339 In
1537 1285 1668 1354 ipsis
1691 1298 1866 1352 aegros

233 1385 436 1437 curas,
470 1375 524 1428 si
553 1377 932 1432 contentiones
956 1379 1144 1432 noxias
1164 1377 1456 1448 prudenter
1474 1376 1723 1432 abscidis.
1749 1376 1866 1432 Ma-

233 1473 422 1527 gnum
459 1480 670 1520 munus
690 1475 792 1532 est,
812 1468 1054 1524 subditos
1083 1469 1284 1524 habere
1309 1466 1628 1539 prudentes;
1652 1476 1708 1523 et
1725 1467 1866 1522 inter

236 1551 378 1606 illos
412 1554 804 1613 bonorabilem
825 1559 956 1624 fieri,
988 1575 1124 1629 quos
1143 1568 1458 1616 reverentur
1482 1561 1678 1616 caeteri.
1715 1571 1738 1600 ε
1775 1560 1866 1615 Vi-

238 1643 451 1700 sitatio
510 1654 607 1702 tua
644 1650 874 1719 sospitas
901 1652 971 1706 sit
1004 1654 1404 1722 tegrotantium,
1458 1651 1687 1709 refectio
1709 1653 1864 1708 debi-

242 1731 416 1798 lium,
445 1750 586 1804 spes
607 1747 751 1792 certa
779 1738 1061 1796 fessarum.
1092 1741 1390 1812 Requirant
1416 1743 1596 1810 rudes,
1621 1757 1756 1812 quos
1783 1744 1866 1799 vi-

1972 561 2216 615 vectione
2243 559 2534 626 decoraris,
2581 567 2642 614 ut
2665 561 2846 616 multis
2875 561 3178 618 declaretur
3211 562 3418 618 indiciis
3443 577 3546 635 per

1966 667 2249 722 expressas
2277 651 2537 720 imagines
2575 666 2755 706 rerum
2798 653 2939 708 vices
2967 659 3022 707 te
3063 653 3328 724 prtecelsa!
3354 665 3544 722 gerere

1965 742 2256 812 dignitatis.
2283 740 2576 796 Considera
2603 753 2852 810 magnum
2883 756 3003 797 esse
3039 741 3184 811 quod
3213 743 3455 813 suscipis,
3487 750 3544 798 et

1968 833 2110 887 nulla
2141 832 2422 888 criminum
2453 831 2754 900 dejectione
2797 831 3020 886 vitieris.
3052 831 3292 887 Nominis
3331 833 3405 887 tui
3446 848 3544 886 au-

1965 932 2084 977 ctor
2112 923 2275 976 multa
2303 920 2626 977 conferendo
2654 921 2993 992 praedicatur.
3036 921 3116 976 Tu
3143 937 3262 991 age,
3310 937 3381 977 ne
3423 925 3548 979 ullis

1966 1013 2344 1082 cupiditatibus
2389 1012 2692 1078 accuseris;
2742 1021 2802 1067 ut
2846 1012 2892 1068 si
2934 1012 3063 1067 dare
3107 1027 3214 1067 non
3260 1015 3539 1083 praevales,

1965 1114 2110 1177 certe
2139 1113 2192 1160 te
2220 1105 2488 1159 moderari
2515 1106 2656 1160 velle
2695 1103 2934 1160 festines.
2967 1103 3251 1160 Proximus
3279 1105 3420 1160 enim
3447 1107 3544 1160 lia-

1964 1198 2120 1252 betur
2145 1196 2389 1264 donanti,
2417 1197 2486 1251 de
2512 1212 2620 1267 quo
2644 1205 2823 1268 potest
2849 1196 2977 1262 dici,
3008 1196 3282 1253 abstinens
3307 1204 3392 1250 est
3409 1195 3544 1264 jugi-

1965 1295 2049 1341 ter
2071 1285 2248 1340 alieni.
2295 1284 2452 1340 Certe
2475 1284 2775 1340 foedissimae
2800 1283 3196 1340 contrarietatis
3222 1283 3409 1338 vitium
3439 1290 3541 1348 est,

1964 1376 2180 1430 studere
2207 1371 2382 1439 furtis,
2410 1382 2465 1429 et
2489 1374 2688 1428 habere
2707 1373 3024 1429 vocabulum
3047 1373 3329 1443 largitatis.
3359 1370 3544 1440 Erigat

1966 1465 2030 1519 ad
2061 1463 2271 1518 laudem
2299 1471 2421 1519 tuos
2449 1463 2677 1524 animos,
2723 1463 2868 1532 quod
2909 1463 3139 1519 vocaris.
3185 1462 3301 1517 Non
3333 1469 3385 1516 te
3413 1476 3543 1532 pro-

1966 1554 2104 1610 fccto
2133 1554 2340 1610 meritis
2369 1553 2626 1622 imparem
2655 1552 2805 1619 facis,
2833 1553 2878 1608 si
2899 1552 3216 1622 turpissimae
3237 1550 3544 1606 ambitionis

1963 1643 2160 1700 delicta
2191 1642 2500 1698 calcaveris.
2551 1641 2684 1696 Nam
2713 1657 2927 1700 errores
2970 1642 3165 1697 noxios
3197 1641 3434 1706 vincere,
3461 1650 3545 1697 est

1963 1736 2092 1790 vitia
2123 1734 2395 1790 maculosa
2425 1749 2698 1804 superare,
2730 1742 2784 1789 et
2813 1735 2915 1790 iste
2956 1748 3145 1789 revera
3173 1734 3346 1789 editus
3369 1739 3454 1789 est
3476 1733 3546 1788 de

243 1821 456 1889 sitant,
485 1836 837 1895 aegrotantes,
853 1831 899 1886 si
922 1831 1077 1886 dolor
1102 1834 1352 1902 cessavit,
1381 1833 1428 1888 si
1445 1848 1672 1890 somnus
1690 1834 1867 1890 adfue-
1895 1845 1940 1903 Β
1967 1825 2209 1881 moribus
2229 1823 2682 1880 consulatus.Nec
2701 1825 2842 1880 enim
2864 1825 3127 1895 superﬂue
3145 1823 3543 1895 prudentissimi

242 1911 348 1966 rit.
383 1911 476 1970 De
526 1932 627 1973 suo
652 1933 782 1974 vero
810 1919 1070 1989 languore
1096 1931 1152 1978 te
1175 1932 1406 1992 aegrotus
1432 1925 1746 1995 interroget,
1776 1941 1870 1981 au-

241 2001 501 2074 diatque
528 2022 560 2061 a
591 2017 642 2063 te
670 2011 846 2066 verius
871 2012 1014 2080 quod
1043 2013 1158 2082 ipse
1183 2015 1402 2084 patitur.
1444 2014 1668 2072 Habetis
1692 2026 1748 2071 et
1770 2033 1868 2073 vos

246 2102 422 2150 certe
444 2098 758 2155 verissimos
780 2108 964 2170 testes,
987 2119 1122 2174 quos
1149 2105 1484 2174 interrogare
1508 2105 1745 2176 possitis.
1773 2105 1868 2161 Pe-

246 2183 374 2239 rito
431 2187 706 2255 siquidem
765 2194 1032 2250 archiatro
1078 2211 1336 2251 venarum
1387 2196 1569 2266 pulsus
1622 2198 1866 2253 enuntiat

250 2276 400 2344 quid
461 2279 613 2335 intus
648 2291 838 2338 natura
883 2287 1138 2355 patiatur.
1169 2283 1473 2341 Queruntur
1521 2287 1684 2341 etiam
1735 2303 1866 2343 ocu-

252 2365 325 2422 lis
383 2370 608 2438 urinaa,
652 2388 709 2429 ut
765 2375 973 2432 facilius
1041 2378 1111 2432 sit
1177 2392 1363 2432 vocem
1425 2378 1709 2433 clamantis
1754 2395 1865 2435 non

255 2457 586 2529 advertere,
632 2477 794 2532 quam
843 2465 1145 2535 huiusmodi
1185 2467 1408 2522 minime
1453 2468 1606 2535 signa
1640 2468 1862 2523 sentire.

257 2543 504 2616 lndulg'e
533 2557 586 2605 te
613 2566 828 2622 quoque
864 2555 1063 2624 palatio
1109 2564 1334 2611 nostro:
1366 2556 1564 2612 habeto
1611 2555 1863 2612 fiduciam

257 2635 639 2707 ingrediendi,
657 2658 776 2712 qua:
796 2647 998 2713 magnis
1017 2647 1156 2702 solet
1182 2648 1367 2717 pretiis
1387 2649 1708 2718 comparari.
1731 2649 1865 2704 Nam

261 2724 405 2782 licet
437 2728 532 2782 alii
560 2730 806 2799 subjecto
845 2733 966 2802 jure
994 2737 1258 2802 serviant,
1311 2745 1369 2790 tu
1409 2752 1587 2792 rerum
1638 2737 1866 2793 Domino

261 2815 465 2872 studio
495 2822 794 2888 prtestantis
834 2823 1077 2878 observa.
1109 2824 1212 2879 Fas
1241 2833 1323 2880 est
1365 2827 1459 2880 tibi
1501 2842 1601 2881 nos
1642 2826 1866 2896 fatigare

265 2906 522 2976 jejuniis,
554 2911 634 2966 fas
661 2921 746 2968 est
781 2923 968 2969 contra
1007 2924 1252 2970 nostrum
1296 2917 1496 2971 sentire
1518 2916 1863 2984 desiderium,

267 3009 331 3055 et
355 3001 416 3055 in
448 3002 626 3058 locum
655 3005 896 3060 beneﬁcii
927 3007 1131 3062 dictare
1157 3008 1300 3077 quod
1328 3023 1427 3064 nos
1454 3008 1522 3062 ad
1557 3009 1750 3078 gaudia
1775 3026 1864 3066 sa-

269 3087 412 3143 lutis
460 3095 750 3148 excruciet.
793 3095 976 3151 Talem
1027 3099 1120 3154 tibi
1149 3099 1381 3168 denique
1410 3099 1680 3156 licentiam
1711 3104 1862 3174 107

1965 1922 2207 1968 veterum
2238 1913 2361 1968 talia
2389 1911 2550 1969 rebus
2578 1914 2794 1970 nomina
2827 1914 3196 1984 imposuerunt
3220 1931 3232 1966 :
3264 1914 3391 1969 dum
3420 1928 3546 1969 con-

1967 2003 2200 2057 tinentize
2227 2016 2433 2071 magna:
2461 2005 2740 2073 pnesulem
2780 2004 3070 2075 provinciis
3108 2006 3385 2061 mitterent
3411 2020 3544 2060 con-

1963 2096 2215 2151 sularem.
2261 2095 2551 2166 Triumpba
2575 2096 2697 2167 jura
2735 2098 2966 2168 publica,
3017 2098 3210 2167 largire
3252 2096 3538 2167 justitiam,

1965 2195 2020 2241 et
2047 2201 2115 2240 ex
2141 2185 2346 2241 fortiori
2373 2195 2525 2256 parte
2565 2187 2759 2241 imitari
2787 2187 3067 2258 prmvales,
3115 2203 3272 2256 quem
3311 2187 3546 2243 nominis

1964 2276 2311 2347 proximitate
2338 2277 2621 2347 contingis.
2653 2277 2898 2333 Pecuniis
2944 2286 3122 2347 potest
3168 2279 3404 2348 indigere
3429 2293 3544 2334 me-

1965 2365 2162 2421 diocris
2187 2363 2326 2437 [Ac.,
2358 2364 2773 2436 mediocribus];
2825 2381 3031 2422 morum
3079 2367 3280 2421 talenta
3308 2382 3417 2422 non
3444 2381 3545 2437 po-

1966 2465 2072 2512 test
2098 2472 2206 2510 non
2233 2456 2451 2522 habere,
2482 2457 2571 2526 qui
2599 2455 2775 2526 justus
2803 2466 2905 2513 est.
2952 2457 3067 2512 Non
3090 2474 3346 2528 pavescas
3369 2459 3544 2528 largas

1965 2545 2249 2602 consulum
2293 2561 2508 2602 manus.
2540 2545 2751 2604 Habent
2777 2555 2832 2602 et
2873 2548 2999 2604 boni
3032 2564 3293 2620 pauperes
3331 2550 3545 2606 divitias

1965 2654 2108 2694 suas.
2141 2637 2273 2692 Illud
2302 2654 2431 2709 ergo
2463 2654 2492 2692 a
2524 2648 2575 2693 te
2599 2640 2871 2708 quaeritur,
2920 2641 3062 2709 quod
3110 2641 3162 2694 in
3192 2650 3412 2710 pectore
3438 2642 3544 2697 hu-

1968 2747 2130 2786 mano
2150 2731 2406 2797 nascitur,
2425 2746 2532 2785 non
2560 2731 2705 2800 quod
2728 2740 2880 2786 terrae
2901 2732 3190 2787 visceribus
3216 2733 3543 2789 continetur.

1967 2820 2179 2888 Quanto
2205 2821 2396 2876 melius
2423 2821 2754 2890 triumphare
2777 2838 2846 2877 ex
2891 2821 3053 2876 animi
3099 2821 3372 2887 thesauro,
3403 2822 3547 2878 unde

1968 2924 2237 2978 umquam
2266 2910 2506 2963 nascitur
2526 2910 2830 2978 poenitudo!
2855 2910 2988 2976 Quia
3011 2927 3109 2966 nec
3126 2911 3297 2967 tenuis
3321 2911 3547 2966 efficeris

1969 3001 2286 3070 complura
2335 2999 2586 3055 concedis
2627 3018 2639 3053 :
2682 3001 2921 3070 quinimo
2982 3009 3188 3055 tantum
3233 3001 3549 3072 locupletior

1968 3089 2240 3156 redderis,
2271 3097 2529 3158 quantum
2555 3096 2610 3144 te
2647 3089 2786 3143 bona
2818 3087 2962 3162 [alii,
3006 3086 3181 3159 bonae]
3211 3090 3551 3145 conscientia:

274 3180 462 3233 nostri
491 3195 608 3237 esse
629 3187 927 3253 cognoscis,
948 3183 1165 3258 qualem
1188 3205 1286 3246 nos
1313 3189 1512 3246 habere
1537 3206 1645 3246 non
1669 3193 1866 3262 proba-

1972 3181 2232 3252 sparsisse
2255 3179 2553 3247 cognoscis.
2602 3178 2940 3249 Quapropter
2965 3177 3233 3248 opinionis
3265 3186 3366 3234 tua:
3392 3178 3552 3235 laude

277 3285 409 3326 mur
434 3273 490 3327 in
519 3285 764 3334 caeteros.
855 3283 858 3286 ’

624 3407 740 3466 XX.
779 3429 1022 3471 FORMULA
1062 3433 1529 3477 cousuumnns.

353 3518 614 3586 Quamws
635 3522 944 3592 dignitatem
978 3540 1121 3583 tuam
1151 3545 1180 3583 a
1203 3533 1512 3587 consulibus
1539 3533 1868 3589 descendere

281 3610 523 3665 nominis
544 3611 707 3680 ipsius
729 3614 1008 3671 videa'utur
1037 3620 1338 3674 testimonia
1367 3621 1660 3688 declarare,
1691 3631 1869 3679 tamen

286 3709 344 3755 et
373 3703 603 3771 insignia
633 3712 776 3760 tanta
800 3707 1167 3776 circumstant,
1220 3721 1278 3766 ut
1303 3713 1477 3768 nullus
1507 3715 1674 3784 possit
1701 3717 1869 3771 ambi-

285 3804 421 3858 gere
451 3799 507 3846 te
547 3791 614 3848 de
643 3794 784 3850 illius
829 3796 1089 3867 lampadis
1115 3801 1359 3856 claritate
1405 3803 1606 3859 lucere.
1641 3804 1869 3863 Secures

286 3882 433 3935 enim
465 3891 521 3937 et
547 3883 739 3950 fasces,
779 3901 915 3955 quos
939 3889 1013 3942 illi
1043 3889 1181 3962 [Jun
1215 3893 1338 3964 legit
1369 3893 1531 3965 illius]
1561 3896 1757 3951 dicavit
1785 3911 1872 3966 ge-

287 3972 377 4025 nio
421 3973 746 4044 antiquitas,
797 3978 900 4034 tuis
945 3979 1189 4035 videntur
1248 3983 1428 4039 faleris
1481 3986 1763 4054 deputata,
1813 3998 1870 4043 ut

286 4060 590 4131 iurisdictio
619 4081 874 4122 concessa
905 4069 988 4123 vel
1018 4054 1192 4125 tacita.
1211 4073 1381 4142 possit
1408 4073 1697 4130 admonere
1740 4091 1869 4146 pro-

287 4155 520 4210 vincias.
550 4154 655 4211 Sed
677 4159 840 4225 quale
871 4161 964 4214 tibi
1003 4161 1162 4216 debet
1204 4179 1322 4218 esse
1361 4165 1505 4233 quod
1548 4167 1760 4221 curules
1790 4168 1872 4222 in-

289 4245 464 4316 clytas
493 4247 749 4316 probatur
787 4253 1018 4305 ornare?
1066 4251 1256 4308 Vultus
1301 4254 1594 4320 quinetiam
1642 4269 1873 4323 regnan-

291 4337 422 4389 tium
454 4338 662 4404 geniata
693 4339 934 4408 obsequii
963 4357 1157 4412 pompa
1205 4344 1494 4412 pnemittit,
1546 4352 1604 4398 ut
1644 4361 1752 4400 non
1781 4363 1871 4402 so-

291 4423 402 4478 lum
453 4427 647 4481 summi
681 4426 903 4497 judicis,
953 4431 1049 4486 sed
1089 4439 1143 4486 et
1191 4432 1527 4488 dominorum
1571 4437 1870 4490 reverentia

292 4517 596 4572 cumulatus
622 4521 846 4576 orneris.
896 4521 940 4575 Ο
976 4537 1180 4592 magna:
1229 4525 1632 4593 temperationis
1679 4527 1868 4582 inven-

293 4614 402 4663 tum
423 4607 438 4660 ἱ
463 4607 537 4662 De
561 4611 777 4666 nomine
798 4612 1030 4666 consulis
1056 4614 1383 4683 promitteris
1403 4615 1870 4685 clementissimus,

295 4700 448 4756 etde
495 4701 795 4773 principum
841 4703 1070 4774 imagine
1115 4706 1453 4761 metuendus.
1504 4707 1562 4762 In
1607 4707 1872 4778 aliquibus

364 4911 400 4977 ᾖ
424 4902 556 4959 Cum
585 4905 1178 4977 pluresrarchiatrorum
1209 4905 1424 4962 ordines
1449 4916 1648 4977 essent,
1680 4909 1733 4963 in
1762 4908 1873 4963 sin-

297 4971 444 5045 gulis
482 4971 655 5044 erant,
703 4976 794 5045 qui
840 4983 1062 5030 caeteros
1105 4977 1403 5041 anteirent,
1453 4986 1508 5032 et
1555 4980 1608 5032 hi
1636 4971 1872 5034 comites

297 5042 688 5117 archiatrorum
717 5042 1076 5117 vocabantur;
1125 5046 1191 5117 de
1234 5061 1462 5115 quorum
1502 5048 1869 5116 eligendorum

299 5109 470 5164 forma
513 5123 567 5168 et
608 5116 927 5184 auctoritate
972 5115 1075 5170 hoc
1125 5109 1456 5172 luco-scribit
1483 5109 1866 5184 Cassiodorus;

299 5194 409 5255 nec_
435 5198 599 5255 unum
639 5183 798 5239 fuisse
837 5185 1118 5249 comitem,
1175 5186 1268 5239 sed
1309 5193 1408 5250 tot,
1467 5195 1600 5255 quot
1655 5188 1873 5255 ordines

301 5251 689 5336 archilatrorum
719 5263 889 5336 erant.
921 5254 1144 5336 Cogunt.
1179 5251 1628 5336 obseralibfcap.
1662 5254 1748 5336 15:

369 5320 399 5360 δ
429 5320 672 5393 ῼῐεεὶηθε
693 5363 717 5393 ,γ
745 5332 898 5377 vetus
922 5361 936 5385 ,
985 5322 1258 5392 distingue,
1300 5325 1476 5378 minus
1519 5320 1670 5378 scite.
1725 5324 1872 5380 Idem

301 5390 552 5461 mendum
576 5390 843 5448 insederat
863 5390 1200 5461 hactenus,'l.
1223 5409 1292 5457 vr,
1313 5393 1468 5458 sicut,
1485 5393 1617 5448 Cod.
1638 5393 1864 5461 Theod.,

301 5457 380 5530 De
409 5459 624 5530 legitim.
656 5462 870 5522 harem,
911 5459 1252 5528 pendentium
1274 5457 1606 5529 negotiarum
1629 5464 1734 5517 fata
1760 5457 1872 5518 dis-

304 5528 566 5600 tinguent,
611 5546 728 5600 pro,
777 5531 1096 5598 discingunt,
1145 5539 1202 5584 ut
1234 5528 1403 5600 supr},
1434 5534 1535 5587 hoc
1563 5533 1676 5596 lib.,
1712 5532 1868 5587 form.

305 5595 358 5670 εξ,
384 5595 746 5670 querimonias
773 5595 1141 5670 possessorum
1165 5601 1282 5655 sine
1300 5595 1484 5654 ’venali
1513 5595 1873 5670 protractione

303 5663 622 5740 discingere:
674 5669 726 5740 in
774 5663 1538 5740 manuscriptis‘membranis',
1582 5671 1868 5740 distingue.

305 5734 394 5809 _Sic
417 5734 647 5809 jurgium
677 5739 994 5807 discingere,
1021 5739 1064 5809 Al.
1091 5736 1204 5809 QC.
1233 5739 1458 5809 Theod.,
1489 5741 1580 5794 iin.
1607 5734 1832 5809 regund.
1857 5759 1871 5807 ;

309 5805 346 5860 ι.
374 5807 460 5877 64,
492 5805 616 5864 Νοη
654 5805 968 5881 ignoramus.
1007 5807 1070 5865 C.
1099 5807 1326 5878 Theod.,
1372 5805 1451 5866 De
1477 5805 1693 5883 αργείιᾷ
1739 5811 1774 5866 l.
1801 5805 1867 5878 2.;

1972 3270 2206 3341 pellecti,
2233 3285 2333 3339 per
2361 3269 2502 3323 illam
2535 3267 2881 3324 indictionem
2910 3270 2961 3324 in
2990 3269 3078 3324 illa
3109 3269 3378 3340 provincia
3415 3287 3550 3325 con-

1973 3359 2266 3415 sularitatis
2312 3367 2364 3413 te
2409 3358 2746 3428 praecipimus
2788 3371 2947 3426 agere
2976 3358 3310 3428 dignitatem,
3360 3368 3417 3415 ut
3457 3355 3551 3416 tibi

1976 3467 2078 3506 non
2107 3451 2176 3506 sit
2204 3458 2502 3520 acceptum,
2533 3449 2678 3518 quod
2719 3449 2926 3520 legibus
2956 3451 3214 3520 probatur
3254 3452 3549 3508 inimicum.

1969 3540 2065 3596 Illa
2104 3543 2273 3610 magis
2312 3540 2491 3609 dilige,
2540 3555 2658 3609 quae
2684 3541 2950 3610 aequitatis
2987 3539 3109 3610 jura
3151 3541 3548 3600 commendant.

1972 3632 2175 3688 Nomen
2229 3641 2375 3686 tuum
2418 3632 2716 3686 actionibus
2762 3631 2952 3701 proba.
2997 3629 3232 3687 Consule
3274 3631 3447 3698 fessis,
3496 3639 3554 3687 et

1975 3731 2100 3778 tunc
2126 3738 2255 3777 vere
2283 3717 2482 3776 diceris
2510 3721 2831 3776 consularis.
2874 3719 2982 3775 Sed
3011 3729 3070 3776 ut
3097 3722 3276 3776 omnia
3305 3722 3552 3791 a-quabili

1972 3811 2342 3866 moderatione
2369 3817 2678 3880 pensentur,
2706 3796 2931 3865 institue
2960 3811 3216 3880 pecunias
3256 3827 3364 3866 non
3401 3827 3552 3881 qua:-

1973 3919 2114 3970 rere,
2167 3910 2222 3957 et
2270 3903 2514 3971 agnoscis
2569 3916 2790 3956 munera
2841 3901 2934 3955 tibi
2979 3902 3196 3971 copiosa
3245 3901 3550 3970 provenire.

1976 3992 2123 4048 Hanc
2151 3992 2292 4047 enim
2319 3990 2682 4046 conditionem
2728 3989 2976 4044 humanis
3003 3989 3210 4043 actibus
3233 3987 3410 4042 divina
3450 4003 3552 4057 ρο-

1972 4091 2222 4148 suerunt;
2270 4090 2330 4137 ut
2374 4081 2463 4136 ille
2503 4080 2673 4148 magis
2712 4081 2882 4149 possit
2931 4078 3214 4142 ditescere,
3263 4077 3355 4145 qui
3401 4076 3552 4131 lucra

1976 4174 2150 4243 turpia
2179 4171 2352 4227 nescit
2376 4178 2585 4239 Optare.
2617 4168 2932 4237 Ignorantes
2963 4166 3250 4235 accipiunt,
3296 4166 3386 4236 qui
3415 4165 3553 4222 bene

1975 4270 2160 4332 agunt,
2191 4261 2318 4329 quia
2349 4275 2570 4315 necesse
2597 4268 2682 4314 est
2724 4267 2780 4312 ut
2808 4257 2933 4312 dum
2975 4273 3262 4328 parumper
3290 4257 3555 4313 malorum

1975 4350 2196 4406 ambitio
2225 4349 2609 4417 contemnitur,
2637 4362 2872 4418 superno
2894 4354 3120 4403 munere
3156 4348 3275 4418 plus
3301 4347 3550 4403 donetur.

2238 4501 2379 4557 XXI.
2411 4517 2656 4558 FORMULA
2686 4519 2942 4561 RECTORIS
2970 4520 3281 4562 rnovmcw.

2045 4613 2276 4668 Omnino
2325 4612 2544 4682 provide
2607 4612 2844 4667 decrevit
2899 4615 3188 4683 antiquitas
3230 4616 3440 4686 judices
3485 4621 3553 4678 ad

1975 4705 2307 4778 provinciam
2339 4704 2499 4772 mitti,
2531 4719 2599 4760 ne
2627 4706 2797 4774 possit
2826 4705 2894 4760 ad
2922 4720 3024 4762 nos
3049 4707 3314 4766 veniendo
3343 4711 3552 4768 medio-

1973 4908 2076 4984 l_.__5
2103 4905 2164 4984 β.
2195 4907 2314 4984 eod.
2344 4923 2357 4960 :
2379 4921 2539 4984 quor.
2571 4910 2768 4984 appell.
2799 4914 3124 4984 nonirecip.
3170 4930 3391 4970 causam
3434 4917 3554 4972 sine

1971 4979 2227 5053 dilatione
2260 4977 2578 5053 discingere.
2610 4977 2790 5035 Fomv.
2820 4977 3225 5052 HDiscingere
3256 4987 3548 5053 negotium.

1976 5048 2035 5101 D.
2067 5045 2473 5124 Juretusdicitn
2504 5062 2564 5100 se
2615 5059 2831 5124 notasse
2877 5054 2945 5107 ad
2993 5045 3124 5124 ΑΙιὶῘ
3172 5045 3456 5124 ᾼνίιῖιίι).
3489 5071 3550 5124 u,

1975 5115 2234 5190 nnmz‘di,
2261 5123 2317 5170 et
2344 5116 2411 5190 ad
2440 5115 2833 5190 Symniac.ilib.
2867 5139 2919 5187 x,
2946 5123 3100 5190 epist.
3131 5122 3218 5178 52.

2048 5197 2070 5224 ο
2105 5185 2169 5238 Hi
2198 5185 2523 5260 περιοδευτοὶὶ
2557 5202 2588 5240 a
2617 5185 2915 5246 Modestin
2945 5185 3215 5256 dicuntur,
3263 5193 3299 5246 l.
3349 5209 3422 5258 vr,
3471 5193 3553 5250 De

1973 5272 2147 5310 arcus.
2173 5259 2313 5331 _tut.;
2353 5263 2409 5308 et
2438 5262 2874 5331 περιερχομένους
2914 5260 3087 5316 Lucas
3138 5271 3297 5318 vocat
3323 5264 3553 5320 Actuum
3590 5286 3598 5296 ·

1979 5325 2347 5394 apostolorum
2385 5340 2506 5394 cap.
2538 5325 2659 5394 xix;
2693 5325 3007 5384 'circuibaut
3041 5332 3182 5385 enim
3214 5341 3269 5386 et
3296 5334 3555 5389 obambu-

1978 5395 2168 5473 labant
2191 5394 2350 5473 urbes
2392 5395 2603 5461 medici,
2647 5406 2704 5452 ut
2743 5413 2810 5453 ex
2840 5401 2958 5473 lege
2985 5398 3320 5471 Hippocratis
3347 5403 3556 5473 colligi-

1977 5473 2082 5544 tur,
2113 5466 2204 5544 τᾲς
2233 5465 2415 5544 «ditat;
2456 5473 2871 5544 φφιτεςιενινεε,μήΔ
3053 5465 3272 5544 ’ῥρῦνονΑ
3297 5474 3421 5528 ἀλλὰ
3469 5465 3555 5530 ἰαὶ

1976 5533 2109 5606 ἔργῳ
2139 5536 2344 5610 iui-399;
2374 5533 2681 5610 νομὶζισθοςι.
2711 5533 2802 5592 Sic
2824 5533 3125 5610 philosophi
3153 5557 3212 5597 sc
3249 5540 3554 5610 frequentes

1977 5603 2141 5673 atque
2167 5603 2325 5658 utiles
2354 5619 2450 5671 per
2489 5605 2731 5673 eamdem
2760 5603 3058 5665 studiorum
3101 5623 3300 5668 sectam
3322 5603 3554 5669 conten-

1976 5671 2512 5747 dentibusprzebere,
2559 5671 2595 5725 ι.
2623 5673 2678 5741 8,
2715 5675 2785 5747 In
2814 5678 3109 5747 honoribus,
3165 5681 3227 5736 D.
3273 5681 3550 5737 Decacat.

1977 5741 2356 5866 gruF-Suidas
2399 5742 2453 5797 in
2481 5741 2802 5818 δημοσιεύῳς
2841 5741 3160 5821 Nomocan.,
3201 5753 3294 5810 tit.
3327 5753 3378 5820 ί,
3427 5769 3548 5823 cap.

2053 5851 2066 5865 .
2143 5827 2270 5866 oss.

2053 5851 2066 5865 .
2099 5827 2270 5868 I‘OBN.
