  <div class='ocr_page' id='page_1' title='image "/cluster/home/n/w/nwhite01/storage/ocr_20150623/69/hvd.32044015469349/359.png"; bbox 0 0 3958 6448; ppageno 0'>
   <div class='ocr_carea' id='block_1_1' title="bbox 425 341 530 396">
    <p class='ocr_par' dir='ltr' id='par_1_1' title="bbox 425 341 530 396">
     <span class='ocr_line' id='line_1_1' title="bbox 425 341 530 396; baseline 0.01 -1"><span class='ocrx_word' id='word_1_1' title='bbox 425 341 530 396; x_wconf 73' lang='lat'><strong>703</strong></span> 
     </span>
    </p>
   </div>
   <div class='ocr_carea' id='block_1_2' title="bbox 422 454 588 510">
    <p class='ocr_par' dir='ltr' id='par_1_2' title="bbox 422 454 588 510">
     <span class='ocr_line' id='line_1_2' title="bbox 422 454 588 510; baseline -0.018 0"><span class='ocrx_word' id='word_1_2' title='bbox 422 454 588 510; x_wconf 85' lang='lat' dir='ltr'><strong>critas</strong></span> 
     </span>
    </p>
   </div>
   <div class='ocr_carea' id='block_1_3' title="bbox 421 538 2001 611">
    <p class='ocr_par' dir='ltr' id='par_1_3' title="bbox 421 538 2001 611">
     <span class='ocr_line' id='line_1_3' title="bbox 421 538 2001 611; baseline -0.004 -11"><span class='ocrx_word' id='word_1_3' title='bbox 421 546 587 611; x_wconf 99' lang='lat' dir='ltr'><strong>ciam,</strong></span> <span class='ocrx_word' id='word_1_4' title='bbox 636 543 681 597; x_wconf 91' lang='lat' dir='ltr'><strong>si</strong></span> <span class='ocrx_word' id='word_1_5' title='bbox 729 542 885 609; x_wconf 86' lang='lat' dir='ltr'><strong>longe</strong></span> <span class='ocrx_word' id='word_1_6' title='bbox 928 541 1156 610; x_wconf 86' lang='lat' dir='ltr'><strong>positam</strong></span> <span class='ocrx_word' id='word_1_7' title='bbox 1197 545 1588 607; x_wconf 88' lang='lat' dir='ltr'><strong>cognoscerent</strong></span> <span class='ocrx_word' id='word_1_8' title='bbox 1631 538 2001 609; x_wconf 73' lang='lat' dir='ltr'><strong>disciplinam?</strong></span> 
     </span>
    </p>
   </div>
   <div class='ocr_carea' id='block_1_4' title="bbox 422 631 1999 703">
    <p class='ocr_par' dir='ltr' id='par_1_4' title="bbox 422 631 1999 703">
     <span class='ocr_line' id='line_1_4' title="bbox 422 631 1999 703; baseline -0.003 -12"><span class='ocrx_word' id='word_1_9' title='bbox 422 636 682 691; x_wconf 87' lang='lat' dir='ltr'><strong>Absolute</strong></span> <span class='ocrx_word' id='word_1_10' title='bbox 723 641 938 703; x_wconf 90' lang='lat' dir='ltr'><strong>poterat</strong></span> <span class='ocrx_word' id='word_1_11' title='bbox 965 633 1045 686; x_wconf 95' lang='lat' dir='ltr'><strong>vis</strong></span> <span class='ocrx_word' id='word_1_12' title='bbox 1074 632 1333 702; x_wconf 89' lang='lat' dir='ltr'><strong>permissa</strong></span> <span class='ocrx_word' id='word_1_13' title='bbox 1378 631 1639 699; x_wconf 85' lang='lat' dir='ltr'><strong>grassari,</strong></span> <span class='ocrx_word' id='word_1_14' title='bbox 1686 631 1733 685; x_wconf 87' lang='lat' dir='ltr'>si</span> <span class='ocrx_word' id='word_1_15' title='bbox 1761 647 1999 702; x_wconf 87' lang='lat' dir='ltr'><strong>conque-</strong></span> 
     </span>
    </p>
   </div>
   <div class='ocr_carea' id='block_1_5' title="bbox 421 722 2001 793">
    <p class='ocr_par' dir='ltr' id='par_1_5' title="bbox 421 722 2001 793">
     <span class='ocr_line' id='line_1_5' title="bbox 421 722 2001 793; baseline -0.001 -12"><span class='ocrx_word' id='word_1_16' title='bbox 421 742 547 782; x_wconf 81' lang='lat' dir='ltr'><strong>reus</strong></span> <span class='ocrx_word' id='word_1_17' title='bbox 576 725 777 780; x_wconf 78' lang='lat' dir='ltr'><strong>tardius</strong></span> <span class='ocrx_word' id='word_1_18' title='bbox 803 724 1115 779; x_wconf 75' lang='lat' dir='ltr'><strong>crederetur</strong></span> <span class='ocrx_word' id='word_1_19' title='bbox 1144 722 1341 778; x_wconf 87' lang='lat' dir='ltr'><strong>audiri.</strong></span> <span class='ocrx_word' id='word_1_20' title='bbox 1369 722 1474 778; x_wconf 85' lang='lat' dir='ltr'><strong>Sed</strong></span> <span class='ocrx_word' id='word_1_21' title='bbox 1503 733 1704 793; x_wconf 88' lang='lat' dir='ltr'><strong>quanto</strong></span> <span class='ocrx_word' id='word_1_22' title='bbox 1732 725 1922 779; x_wconf 84' lang='lat' dir='ltr'><strong>melius</strong></span> <span class='ocrx_word' id='word_1_23' title='bbox 1949 726 2001 779; x_wconf 90' lang='lat' dir='ltr'><strong>in</strong></span> 
     </span>
    </p>
   </div>
   <div class='ocr_carea' id='block_1_6' title="bbox 422 816 2001 889">
    <p class='ocr_par' dir='ltr' id='par_1_6' title="bbox 422 816 2001 889">
     <span class='ocr_line' id='line_1_6' title="bbox 422 816 2001 889; baseline -0.003 -14"><span class='ocrx_word' id='word_1_24' title='bbox 422 820 553 889; x_wconf 85' lang='lat' dir='ltr'><strong>ipsis</strong></span> <span class='ocrx_word' id='word_1_25' title='bbox 582 817 867 874; x_wconf 82' lang='lat' dir='ltr'><strong>cunabulis</strong></span> <span class='ocrx_word' id='word_1_26' title='bbox 895 816 1068 871; x_wconf 89' lang='lat' dir='ltr'><strong>adhuc</strong></span> <span class='ocrx_word' id='word_1_27' title='bbox 1096 817 1275 871; x_wconf 87' lang='lat' dir='ltr'><strong>mollia</strong></span> <span class='ocrx_word' id='word_1_28' title='bbox 1306 817 1618 887; x_wconf 75' lang='lat' dir='ltr'><strong>reprimere,</strong></span> <span class='ocrx_word' id='word_1_29' title='bbox 1647 831 1805 885; x_wconf 86' lang='lat' dir='ltr'><strong>quam</strong></span> <span class='ocrx_word' id='word_1_30' title='bbox 1846 817 2001 871; x_wconf 87' lang='lat' dir='ltr'><strong>indu-</strong></span> 
     </span>
    </p>
   </div>
   <div class='ocr_carea' id='block_1_7' title="bbox 420 906 2006 977">
    <p class='ocr_par' dir='ltr' id='par_1_7' title="bbox 420 906 2006 977">
     <span class='ocr_line' id='line_1_7' title="bbox 420 906 2006 977; baseline -0.004 -12"><span class='ocrx_word' id='word_1_31' title='bbox 420 919 539 965; x_wconf 87' lang='lat' dir='ltr'><strong>rata</strong></span> <span class='ocrx_word' id='word_1_32' title='bbox 590 908 813 963; x_wconf 91' lang='lat' dir='ltr'><strong>crimina</strong></span> <span class='ocrx_word' id='word_1_33' title='bbox 858 906 1167 960; x_wconf 88' lang='lat' dir='ltr'><strong>vindicare!</strong></span> <span class='ocrx_word' id='word_1_34' title='bbox 1218 906 1275 960; x_wconf 91' lang='lat' dir='ltr'><strong>ln</strong></span> <span class='ocrx_word' id='word_1_35' title='bbox 1319 907 1693 977; x_wconf 84' lang='lat' dir='ltr'><strong>compendium</strong></span> <span class='ocrx_word' id='word_1_36' title='bbox 1749 908 2006 961; x_wconf 91' lang='lat' dir='ltr'><strong>mittimus</strong></span> 
     </span>
    </p>
   </div>
   <div class='ocr_carea' id='block_1_8' title="bbox 422 997 2001 1068">
    <p class='ocr_par' dir='ltr' id='par_1_8' title="bbox 422 997 2001 1068">
     <span class='ocr_line' id='line_1_8' title="bbox 422 997 2001 1068; baseline -0.004 -14"><span class='ocrx_word' id='word_1_37' title='bbox 422 1000 565 1054; x_wconf 80' lang='lat' dir='ltr'><strong>mala</strong></span> <span class='ocrx_word' id='word_1_38' title='bbox 588 1041 603 1065; x_wconf 94' lang='lat'><strong>,</strong></span> <span class='ocrx_word' id='word_1_39' title='bbox 637 999 680 1054; x_wconf 92' lang='lat' dir='ltr'><strong>si</strong></span> <span class='ocrx_word' id='word_1_40' title='bbox 711 998 995 1068; x_wconf 63' lang='lat' dir='ltr'><strong>praesentia</strong></span> <span class='ocrx_word' id='word_1_41' title='bbox 1037 997 1261 1053; x_wconf 81' lang='lat' dir='ltr'><strong>facimus</strong></span> <span class='ocrx_word' id='word_1_42' title='bbox 1305 1013 1425 1053; x_wconf 91' lang='lat' dir='ltr'><strong>esse</strong></span> <span class='ocrx_word' id='word_1_43' title='bbox 1450 997 1671 1065; x_wconf 84' lang='lat' dir='ltr'><strong>judicia.</strong></span> <span class='ocrx_word' id='word_1_44' title='bbox 1703 997 1834 1062; x_wconf 85' lang='lat' dir='ltr'><strong>Quis</strong></span> <span class='ocrx_word' id='word_1_45' title='bbox 1860 999 2001 1052; x_wconf 87' lang='lat' dir='ltr'><strong>enim</strong></span> 
     </span>
    </p>
   </div>
   <div class='ocr_carea' id='block_1_9' title="bbox 425 1084 2005 1156">
    <p class='ocr_par' dir='ltr' id='par_1_9' title="bbox 425 1084 2005 1156">
     <span class='ocr_line' id='line_1_9' title="bbox 425 1084 2005 1156; baseline -0.003 -14"><span class='ocrx_word' id='word_1_46' title='bbox 425 1089 621 1143; x_wconf 81' lang='lat' dir='ltr'><strong>audeat</strong></span> <span class='ocrx_word' id='word_1_47' title='bbox 649 1101 904 1156; x_wconf 86' lang='lat' dir='ltr'><strong>peccare,</strong></span> <span class='ocrx_word' id='word_1_48' title='bbox 935 1102 1055 1141; x_wconf 92' lang='lat' dir='ltr'><strong>cum</strong></span> <span class='ocrx_word' id='word_1_49' title='bbox 1094 1101 1252 1154; x_wconf 82' lang='lat' dir='ltr'><strong>supra</strong></span> <span class='ocrx_word' id='word_1_50' title='bbox 1298 1086 1535 1141; x_wconf 81' lang='lat' dir='ltr'><strong>cervices</strong></span> <span class='ocrx_word' id='word_1_51' title='bbox 1562 1100 1687 1139; x_wconf 86' lang='lat' dir='ltr'><strong>suas</strong></span> <span class='ocrx_word' id='word_1_52' title='bbox 1715 1084 2005 1139; x_wconf 87' lang='lat' dir='ltr'><strong>districtio-</strong></span> 
     </span>
    </p>
   </div>
   <div class='ocr_carea' id='block_1_10' title="bbox 424 1175 2005 1245">
    <p class='ocr_par' dir='ltr' id='par_1_10' title="bbox 424 1175 2005 1245">
     <span class='ocr_line' id='line_1_10' title="bbox 424 1175 2005 1245; baseline -0.002 -13"><span class='ocrx_word' id='word_1_53' title='bbox 424 1193 550 1233; x_wconf 86' lang='lat' dir='ltr'><strong>nem</strong></span> <span class='ocrx_word' id='word_1_54' title='bbox 574 1177 890 1245; x_wconf 74' lang='lat' dir='ltr'><strong>cognoverit</strong></span> <span class='ocrx_word' id='word_1_55' title='bbox 917 1175 1227 1230; x_wconf 85' lang='lat' dir='ltr'><strong>imminere?</strong></span> <span class='ocrx_word' id='word_1_56' title='bbox 1253 1175 1321 1228; x_wconf 85' lang='lat' dir='ltr'><strong>Et</strong></span> <span class='ocrx_word' id='word_1_57' title='bbox 1352 1175 1471 1229; x_wconf 85' lang='lat' dir='ltr'><strong>ideo</strong></span> <span class='ocrx_word' id='word_1_58' title='bbox 1510 1184 1563 1229; x_wconf 90' lang='lat' dir='ltr'><strong>te</strong></span> <span class='ocrx_word' id='word_1_59' title='bbox 1602 1175 1675 1229; x_wconf 82' lang='lat' dir='ltr'><strong>illi</strong></span> <span class='ocrx_word' id='word_1_60' title='bbox 1716 1175 2005 1244; x_wconf 72' lang='lat' dir='ltr'><strong>provincize</strong></span> 
     </span>
    </p>
   </div>
   <div class='ocr_carea' id='block_1_11' title="bbox 426 1264 2002 1337">
    <p class='ocr_par' dir='ltr' id='par_1_11' title="bbox 426 1264 2002 1337">
     <span class='ocr_line' id='line_1_11' title="bbox 426 1264 2002 1337; baseline -0.003 -13"><span class='ocrx_word' id='word_1_61' title='bbox 426 1276 695 1324; x_wconf 85' lang='lat' dir='ltr'><strong>rectorem</strong></span> <span class='ocrx_word' id='word_1_62' title='bbox 721 1283 819 1337; x_wconf 86' lang='lat' dir='ltr'><strong>per</strong></span> <span class='ocrx_word' id='word_1_63' title='bbox 842 1267 984 1320; x_wconf 87' lang='lat' dir='ltr'><strong>illam</strong></span> <span class='ocrx_word' id='word_1_64' title='bbox 1024 1266 1369 1321; x_wconf 90' lang='lat' dir='ltr'><strong>indictioncm</strong></span> <span class='ocrx_word' id='word_1_65' title='bbox 1399 1272 1579 1319; x_wconf 90' lang='lat' dir='ltr'><strong>nostra</strong></span> <span class='ocrx_word' id='word_1_66' title='bbox 1608 1265 1769 1318; x_wconf 90' lang='lat' dir='ltr'><strong>mittit</strong></span> <span class='ocrx_word' id='word_1_67' title='bbox 1789 1264 2002 1328; x_wconf 90' lang='lat' dir='ltr'><strong>electio,</strong></span> 
     </span>
    </p>
   </div>
   <div class='ocr_carea' id='block_1_12' title="bbox 430 1356 2007 1425">
    <p class='ocr_par' dir='ltr' id='par_1_12' title="bbox 430 1356 2007 1425">
     <span class='ocr_line' id='line_1_12' title="bbox 430 1356 2007 1425; baseline -0.002 -12"><span class='ocrx_word' id='word_1_68' title='bbox 430 1367 492 1413; x_wconf 91' lang='lat' dir='ltr'><strong>ut</strong></span> <span class='ocrx_word' id='word_1_69' title='bbox 522 1373 709 1413; x_wconf 88' lang='lat' dir='ltr'><strong>revera</strong></span> <span class='ocrx_word' id='word_1_70' title='bbox 738 1359 1005 1425; x_wconf 76' lang='lat' dir='ltr'><strong>corrigere</strong></span> <span class='ocrx_word' id='word_1_71' title='bbox 1037 1357 1222 1411; x_wconf 92' lang='lat' dir='ltr'><strong>nitaris</strong></span> <span class='ocrx_word' id='word_1_72' title='bbox 1250 1372 1384 1425; x_wconf 86' lang='lat' dir='ltr'><strong>quos</strong></span> <span class='ocrx_word' id='word_1_73' title='bbox 1416 1356 1505 1410; x_wconf 89' lang='lat' dir='ltr'><strong>tibi</strong></span> <span class='ocrx_word' id='word_1_74' title='bbox 1535 1356 1850 1411; x_wconf 89' lang='lat' dir='ltr'><strong>commissos</strong></span> <span class='ocrx_word' id='word_1_75' title='bbox 1888 1371 2007 1410; x_wconf 90' lang='lat' dir='ltr'><strong>esse</strong></span> 
     </span>
    </p>
   </div>
   <div class='ocr_carea' id='block_1_13' title="bbox 431 1445 2006 1517">
    <p class='ocr_par' dir='ltr' id='par_1_13' title="bbox 431 1445 2006 1517">
     <span class='ocr_line' id='line_1_13' title="bbox 431 1445 2006 1517; baseline -0.001 -15"><span class='ocrx_word' id='word_1_76' title='bbox 431 1448 732 1516; x_wconf 83' lang='lat' dir='ltr'><strong>cognoscis.</strong></span> <span class='ocrx_word' id='word_1_77' title='bbox 796 1445 1103 1517; x_wconf 86' lang='lat' dir='ltr'><strong>Chlamydis</strong></span> <span class='ocrx_word' id='word_1_78' title='bbox 1159 1454 1260 1500; x_wconf 72' lang='lat' dir='ltr'><strong>tua:</strong></span> <span class='ocrx_word' id='word_1_79' title='bbox 1312 1445 1663 1516; x_wconf 86' lang='lat' dir='ltr'><strong>proculdubio</strong></span> <span class='ocrx_word' id='word_1_80' title='bbox 1718 1447 1859 1501; x_wconf 89' lang='lat' dir='ltr'><strong>inter</strong></span> <span class='ocrx_word' id='word_1_81' title='bbox 1903 1447 2006 1501; x_wconf 89' lang='lat' dir='ltr'><strong>alia</strong></span> 
     </span>
    </p>
   </div>
   <div class='ocr_carea' id='block_1_14' title="bbox 430 1537 2011 1610">
    <p class='ocr_par' dir='ltr' id='par_1_14' title="bbox 430 1537 2011 1610">
     <span class='ocr_line' id='line_1_14' title="bbox 430 1537 2011 1610; baseline -0.001 -16"><span class='ocrx_word' id='word_1_82' title='bbox 430 1540 615 1594; x_wconf 90' lang='lat' dir='ltr'><strong>clavos</strong></span> <span class='ocrx_word' id='word_1_83' title='bbox 644 1537 879 1603; x_wconf 88' lang='lat' dir='ltr'><strong>intende,</strong></span> <span class='ocrx_word' id='word_1_84' title='bbox 910 1552 1044 1606; x_wconf 89' lang='lat' dir='ltr'><strong>quos</strong></span> <span class='ocrx_word' id='word_1_85' title='bbox 1071 1538 1210 1593; x_wconf 85' lang='lat' dir='ltr'><strong>scias</strong></span> <span class='ocrx_word' id='word_1_86' title='bbox 1234 1554 1343 1593; x_wconf 90' lang='lat' dir='ltr'><strong>non</strong></span> <span class='ocrx_word' id='word_1_87' title='bbox 1372 1540 1603 1593; x_wconf 81' lang='lat' dir='ltr'><strong>inaniter</strong></span> <span class='ocrx_word' id='word_1_88' title='bbox 1626 1539 1843 1610; x_wconf 91' lang='lat' dir='ltr'><strong>positos.</strong></span> <span class='ocrx_word' id='word_1_89' title='bbox 1874 1538 2011 1593; x_wconf 84' lang='lat' dir='ltr'><strong>Hinc</strong></span> 
     </span>
    </p>
   </div>
   <div class='ocr_carea' id='block_1_15' title="bbox 429 1626 2010 1700">
    <p class='ocr_par' dir='ltr' id='par_1_15' title="bbox 429 1626 2010 1700">
     <span class='ocr_line' id='line_1_15' title="bbox 429 1626 2010 1700; baseline 0 -19"><span class='ocrx_word' id='word_1_90' title='bbox 429 1628 510 1692; x_wconf 85' lang='lat' dir='ltr'><strong>fit,</strong></span> <span class='ocrx_word' id='word_1_91' title='bbox 560 1636 615 1682; x_wconf 88' lang='lat' dir='ltr'><strong>ttt</strong></span> <span class='ocrx_word' id='word_1_92' title='bbox 645 1627 761 1700; x_wconf 87' lang='lat' dir='ltr'><strong>[Gr.</strong></span> <span class='ocrx_word' id='word_1_93' title='bbox 805 1636 853 1682; x_wconf 84' lang='lat' dir='ltr'><strong>et</strong></span> <span class='ocrx_word' id='word_1_94' title='bbox 901 1626 1043 1697; x_wconf 86' lang='lat' dir='ltr'><strong>Cuj.,</strong></span> <span class='ocrx_word' id='word_1_95' title='bbox 1076 1628 1198 1691; x_wconf 90' lang='lat' dir='ltr'><strong>nisi,</strong></span> <span class='ocrx_word' id='word_1_96' title='bbox 1240 1626 1319 1697; x_wconf 85' lang='lat' dir='ltr'><strong>ut]</strong></span> <span class='ocrx_word' id='word_1_97' title='bbox 1345 1643 1466 1682; x_wconf 93' lang='lat' dir='ltr'><strong>cum</strong></span> <span class='ocrx_word' id='word_1_98' title='bbox 1493 1628 1762 1698; x_wconf 91' lang='lat' dir='ltr'><strong>publicum</strong></span> <span class='ocrx_word' id='word_1_99' title='bbox 1792 1636 2010 1695; x_wconf 77' lang='lat' dir='ltr'><strong>agentes</strong></span> 
     </span>
    </p>
   </div>
   <div class='ocr_carea' id='block_1_16' title="bbox 429 1716 2012 1790">
    <p class='ocr_par' dir='ltr' id='par_1_16' title="bbox 429 1716 2012 1790">
     <span class='ocr_line' id='line_1_16' title="bbox 429 1716 2012 1790; baseline -0.003 -17"><span class='ocrx_word' id='word_1_100' title='bbox 429 1733 719 1790; x_wconf 83' lang='lat' dir='ltr'><strong>purpuram</strong></span> <span class='ocrx_word' id='word_1_101' title='bbox 740 1727 763 1754; x_wconf 74' lang='grc' dir='ltr'>α</span> <span class='ocrx_word' id='word_1_102' title='bbox 795 1726 1097 1782; x_wconf 87' lang='lat' dir='ltr'><strong>cernerent,</strong></span> <span class='ocrx_word' id='word_1_103' title='bbox 1116 1717 1184 1772; x_wconf 89' lang='lat' dir='ltr'><strong>de</strong></span> <span class='ocrx_word' id='word_1_104' title='bbox 1206 1718 1390 1785; x_wconf 90' lang='lat' dir='ltr'><strong>vigore</strong></span> <span class='ocrx_word' id='word_1_105' title='bbox 1417 1732 1629 1786; x_wconf 90' lang='lat' dir='ltr'><strong>semper</strong></span> <span class='ocrx_word' id='word_1_106' title='bbox 1648 1717 1903 1787; x_wconf 89' lang='lat' dir='ltr'><strong>principis</strong></span> <span class='ocrx_word' id='word_1_107' title='bbox 1924 1716 2012 1769; x_wconf 92' lang='lat' dir='ltr'><strong>ad-</strong></span> 
     </span>
    </p>
   </div>
   <div class='ocr_carea' id='block_1_17' title="bbox 430 1896 2012 1970">
    <p class='ocr_par' dir='ltr' id='par_1_17' title="bbox 430 1896 2012 1970">
     <span class='ocr_line' id='line_1_17' title="bbox 430 1896 2012 1970; baseline 0 -17"><span class='ocrx_word' id='word_1_108' title='bbox 430 1901 541 1954; x_wconf 80' lang='lat' dir='ltr'><strong>tilio</strong></span> <span class='ocrx_word' id='word_1_109' title='bbox 570 1915 669 1956; x_wconf 90' lang='lat' dir='ltr'><strong>suo</strong></span> <span class='ocrx_word' id='word_1_110' title='bbox 700 1897 895 1969; x_wconf 87' lang='lat' dir='ltr'><strong>Priapo</strong></span> <span class='ocrx_word' id='word_1_111' title='bbox 925 1899 942 1970; x_wconf 78' lang='lat'><strong>[</strong></span> <span class='ocrx_word' id='word_1_112' title='bbox 951 1898 1042 1952; x_wconf 84' lang='lat' dir='ltr'><strong>Gr.</strong></span> <span class='ocrx_word' id='word_1_113' title='bbox 1072 1908 1122 1951; x_wconf 88' lang='lat' dir='ltr'><strong>et</strong></span> <span class='ocrx_word' id='word_1_114' title='bbox 1149 1896 1290 1968; x_wconf 87' lang='lat' dir='ltr'><strong>Cuj.,</strong></span> <span class='ocrx_word' id='word_1_115' title='bbox 1335 1896 1570 1967; x_wconf 87' lang='lat' dir='ltr'><strong>Priamo]</strong></span> <span class='ocrx_word' id='word_1_116' title='bbox 1602 1899 1781 1953; x_wconf 86' lang='lat' dir='ltr'><strong>Venus</strong></span> <span class='ocrx_word' id='word_1_117' title='bbox 1818 1899 2012 1953; x_wconf 91' lang='lat' dir='ltr'><strong>dicitur</strong></span> 
     </span>
    </p>
   </div>
   <div class='ocr_carea' id='block_1_18' title="bbox 429 1990 2009 2059">
    <p class='ocr_par' dir='ltr' id='par_1_18' title="bbox 429 1990 2009 2059">
     <span class='ocr_line' id='line_1_18' title="bbox 429 1990 2009 2059; baseline 0 -15"><span class='ocrx_word' id='word_1_118' title='bbox 429 1992 697 2055; x_wconf 76' lang='lat' dir='ltr'><strong>texuisse,</strong></span> <span class='ocrx_word' id='word_1_119' title='bbox 746 1997 802 2045; x_wconf 89' lang='lat' dir='ltr'><strong>ut</strong></span> <span class='ocrx_word' id='word_1_120' title='bbox 845 1991 1054 2043; x_wconf 62' lang='lat' dir='ltr'><strong>eximite</strong></span> <span class='ocrx_word' id='word_1_121' title='bbox 1085 1990 1490 2058; x_wconf 90' lang='lat' dir='ltr'><strong>pu&#39;chritudinis</strong></span> <span class='ocrx_word' id='word_1_122' title='bbox 1518 1998 1744 2044; x_wconf 90' lang='lat' dir='ltr'><strong>matrem</strong></span> <span class='ocrx_word' id='word_1_123' title='bbox 1774 1990 2009 2059; x_wconf 89' lang='lat' dir='ltr'><strong>singula-</strong></span> 
     </span>
    </p>
   </div>
   <div class='ocr_carea' id='block_1_19' title="bbox 430 2079 2011 2149">
    <p class='ocr_par' dir='ltr' id='par_1_19' title="bbox 430 2079 2011 2149">
     <span class='ocr_line' id='line_1_19' title="bbox 430 2079 2011 2149; baseline -0.001 -13"><span class='ocrx_word' id='word_1_124' title='bbox 430 2083 563 2136; x_wconf 76' lang='lat' dir='ltr'><strong>riter</strong></span> <span class='ocrx_word' id='word_1_125' title='bbox 592 2088 815 2137; x_wconf 91' lang='lat' dir='ltr'><strong>ornatus</strong></span> <span class='ocrx_word' id='word_1_126' title='bbox 844 2080 981 2133; x_wconf 83' lang='lat' dir='ltr'><strong>filius</strong></span> <span class='ocrx_word' id='word_1_127' title='bbox 1009 2088 1319 2134; x_wconf 85' lang='lat' dir='ltr'><strong>testaretur.</strong></span> <span class='ocrx_word' id='word_1_128' title='bbox 1362 2079 1589 2149; x_wconf 81' lang='lat' dir='ltr'><strong>Respice</strong></span> <span class='ocrx_word' id='word_1_129' title='bbox 1628 2087 1886 2146; x_wconf 89' lang='lat' dir='ltr'><strong>quantum</strong></span> <span class='ocrx_word' id='word_1_130' title='bbox 1912 2080 2011 2134; x_wconf 89' lang='lat' dir='ltr'><strong>de-</strong></span> 
     </span>
    </p>
   </div>
   <div class='ocr_carea' id='block_1_20' title="bbox 430 2169 2006 2238">
    <p class='ocr_par' dir='ltr' id='par_1_20' title="bbox 430 2169 2006 2238">
     <span class='ocr_line' id='line_1_20' title="bbox 430 2169 2006 2238; baseline -0.003 -12"><span class='ocrx_word' id='word_1_131' title='bbox 430 2172 608 2226; x_wconf 89' lang='lat' dir='ltr'><strong>derint</strong></span> <span class='ocrx_word' id='word_1_132' title='bbox 636 2172 801 2238; x_wconf 81' lang='lat' dir='ltr'><strong>leges,</strong></span> <span class='ocrx_word' id='word_1_133' title='bbox 832 2179 887 2224; x_wconf 86' lang='lat' dir='ltr'><strong>et</strong></span> <span class='ocrx_word' id='word_1_134' title='bbox 924 2170 993 2223; x_wconf 91' lang='lat' dir='ltr'><strong>ad</strong></span> <span class='ocrx_word' id='word_1_135' title='bbox 1024 2184 1328 2225; x_wconf 90' lang='lat' dir='ltr'><strong>mensuram</strong></span> <span class='ocrx_word' id='word_1_136' title='bbox 1361 2178 1413 2223; x_wconf 90' lang='lat' dir='ltr'><strong>te</strong></span> <span class='ocrx_word' id='word_1_137' title='bbox 1438 2169 1721 2237; x_wconf 86' lang='lat' dir='ltr'><strong>potestatis</strong></span> <span class='ocrx_word' id='word_1_138' title='bbox 1758 2169 2006 2223; x_wconf 83' lang='lat' dir='ltr'><strong>extende.</strong></span> 
     </span>
    </p>
   </div>
   <div class='ocr_carea' id='block_1_21' title="bbox 433 2258 2010 2315">
    <p class='ocr_par' dir='ltr' id='par_1_21' title="bbox 433 2258 2010 2315">
     <span class='ocr_line' id='line_1_21' title="bbox 433 2258 2010 2315; baseline 0 -1"><span class='ocrx_word' id='word_1_139' title='bbox 433 2260 551 2314; x_wconf 84' lang='lat' dir='ltr'><strong>Tibi</strong></span> <span class='ocrx_word' id='word_1_140' title='bbox 574 2260 823 2315; x_wconf 85' lang='lat' dir='ltr'><strong>fiscalium</strong></span> <span class='ocrx_word' id='word_1_141' title='bbox 842 2260 1159 2313; x_wconf 87' lang='lat' dir='ltr'><strong>tributorum</strong></span> <span class='ocrx_word' id='word_1_142' title='bbox 1179 2258 1204 2296; x_wconf 70' lang='grc' dir='ltr'>δ</span> <span class='ocrx_word' id='word_1_143' title='bbox 1225 2258 1426 2313; x_wconf 90' lang='lat' dir='ltr'><strong>credita</strong></span> <span class='ocrx_word' id='word_1_144' title='bbox 1444 2260 2010 2315; x_wconf 83' lang='lat' dir='ltr'><strong>monstraturexactio.</strong></span> 
     </span>
    </p>
   </div>
   <div class='ocr_carea' id='block_1_22' title="bbox 434 2350 2011 2419">
    <p class='ocr_par' dir='ltr' id='par_1_22' title="bbox 434 2350 2011 2419">
     <span class='ocr_line' id='line_1_22' title="bbox 434 2350 2011 2419; baseline -0.001 -14"><span class='ocrx_word' id='word_1_145' title='bbox 434 2356 657 2406; x_wconf 71' lang='lat' dir='ltr'><strong>Constat</strong></span> <span class='ocrx_word' id='word_1_146' title='bbox 698 2366 817 2406; x_wconf 77' lang='lat' dir='ltr'><strong>esse</strong></span> <span class='ocrx_word' id='word_1_147' title='bbox 862 2359 966 2405; x_wconf 72' lang='lat' dir='ltr'><strong>tua:</strong></span> <span class='ocrx_word' id='word_1_148' title='bbox 1012 2350 1133 2403; x_wconf 85' lang='lat' dir='ltr'><strong>fidei</strong></span> <span class='ocrx_word' id='word_1_149' title='bbox 1177 2351 1517 2404; x_wconf 91' lang='lat' dir='ltr'><strong>commissum</strong></span> <span class='ocrx_word' id='word_1_150' title='bbox 1547 2350 1770 2419; x_wconf 91' lang='lat' dir='ltr'><strong>principi</strong></span> <span class='ocrx_word' id='word_1_151' title='bbox 1810 2366 2011 2405; x_wconf 87' lang='lat' dir='ltr'><strong>renun-</strong></span> 
     </span>
    </p>
   </div>
   <div class='ocr_carea' id='block_1_23' title="bbox 438 2440 2017 2512">
    <p class='ocr_par' dir='ltr' id='par_1_23' title="bbox 438 2440 2017 2512">
     <span class='ocr_line' id='line_1_23' title="bbox 438 2440 2017 2512; baseline -0.003 -15"><span class='ocrx_word' id='word_1_152' title='bbox 438 2453 594 2508; x_wconf 90' lang='lat' dir='ltr'><strong>ttare,</strong></span> <span class='ocrx_word' id='word_1_153' title='bbox 642 2442 785 2512; x_wconf 92' lang='lat' dir='ltr'><strong>quod</strong></span> <span class='ocrx_word' id='word_1_154' title='bbox 833 2442 887 2495; x_wconf 89' lang='lat' dir='ltr'><strong>in</strong></span> <span class='ocrx_word' id='word_1_155' title='bbox 940 2440 1231 2510; x_wconf 87' lang='lat' dir='ltr'><strong>provinciis</strong></span> <span class='ocrx_word' id='word_1_156' title='bbox 1280 2440 1539 2509; x_wconf 81' lang='lat' dir='ltr'><strong>probatur</strong></span> <span class='ocrx_word' id='word_1_157' title='bbox 1588 2455 1882 2508; x_wconf 89' lang='lat' dir='ltr'><strong>emergere.</strong></span> <span class='ocrx_word' id='word_1_158' title='bbox 1933 2440 2017 2493; x_wconf 85' lang='lat' dir='ltr'><strong>Tu</strong></span> 
     </span>
    </p>
   </div>
   <div class='ocr_carea' id='block_1_24' title="bbox 435 2530 2010 2598">
    <p class='ocr_par' dir='ltr' id='par_1_24' title="bbox 435 2530 2010 2598">
     <span class='ocr_line' id='line_1_24' title="bbox 435 2530 2010 2598; baseline -0.003 -10"><span class='ocrx_word' id='word_1_159' title='bbox 435 2534 597 2588; x_wconf 86' lang='lat' dir='ltr'><strong>etiam</strong></span> <span class='ocrx_word' id='word_1_160' title='bbox 628 2540 931 2587; x_wconf 88' lang='lat' dir='ltr'><strong>senatorem</strong></span> <span class='ocrx_word' id='word_1_161' title='bbox 982 2530 1177 2585; x_wconf 89' lang='lat' dir='ltr'><strong>ibidem</strong></span> <span class='ocrx_word' id='word_1_162' title='bbox 1223 2530 1547 2585; x_wconf 82' lang='lat' dir='ltr'><strong>residentem</strong></span> <span class='ocrx_word' id='word_1_163' title='bbox 1572 2530 1774 2598; x_wconf 88' lang='lat' dir='ltr'><strong>juberis</strong></span> <span class='ocrx_word' id='word_1_164' title='bbox 1803 2532 2010 2594; x_wconf 81' lang='lat' dir='ltr'><strong>audire,</strong></span> 
     </span>
    </p>
   </div>
   <div class='ocr_carea' id='block_1_25' title="bbox 435 2621 2011 2691">
    <p class='ocr_par' dir='ltr' id='par_1_25' title="bbox 435 2621 2011 2691">
     <span class='ocr_line' id='line_1_25' title="bbox 435 2621 2011 2691; baseline 0.003 -16"><span class='ocrx_word' id='word_1_165' title='bbox 435 2630 493 2676; x_wconf 87' lang='lat' dir='ltr'><strong>tu</strong></span> <span class='ocrx_word' id='word_1_166' title='bbox 543 2623 591 2675; x_wconf 92' lang='lat' dir='ltr'><strong>in</strong></span> <span class='ocrx_word' id='word_1_167' title='bbox 637 2621 1007 2691; x_wconf 66' lang='lat' dir='ltr'><strong>praefectorum</strong></span> <span class='ocrx_word' id='word_1_168' title='bbox 1044 2622 1263 2676; x_wconf 88' lang='lat' dir='ltr'><strong>militem</strong></span> <span class='ocrx_word' id='word_1_169' title='bbox 1291 2640 1410 2678; x_wconf 90' lang='lat' dir='ltr'><strong>cum</strong></span> <span class='ocrx_word' id='word_1_170' title='bbox 1449 2625 1613 2691; x_wconf 73' lang='lat' dir='ltr'><strong>ipsius</strong></span> <span class='ocrx_word' id='word_1_171' title='bbox 1644 2632 1845 2678; x_wconf 88' lang='lat' dir='ltr'><strong>tantum</strong></span> <span class='ocrx_word' id='word_1_172' title='bbox 1876 2642 2011 2679; x_wconf 93' lang='lat' dir='ltr'><strong>con-</strong></span> 
     </span>
    </p>
   </div>
   <div class='ocr_carea' id='block_1_26' title="bbox 436 2712 2012 2783">
    <p class='ocr_par' dir='ltr' id='par_1_26' title="bbox 436 2712 2012 2783">
     <span class='ocr_line' id='line_1_26' title="bbox 436 2712 2012 2783; baseline 0.001 -15"><span class='ocrx_word' id='word_1_173' title='bbox 436 2716 658 2768; x_wconf 69' lang='lat' dir='ltr'><strong>scientia</strong></span> <span class='ocrx_word' id='word_1_174' title='bbox 698 2712 989 2768; x_wconf 86' lang='lat' dir='ltr'><strong>vindicare.</strong></span> <span class='ocrx_word' id='word_1_175' title='bbox 1025 2714 1193 2768; x_wconf 89' lang='lat' dir='ltr'><strong>Tuum</strong></span> <span class='ocrx_word' id='word_1_176' title='bbox 1230 2732 1422 2769; x_wconf 85' lang='lat' dir='ltr'><strong>nomen</strong></span> <span class='ocrx_word' id='word_1_177' title='bbox 1455 2716 1504 2767; x_wconf 93' lang='lat' dir='ltr'><strong>in</strong></span> <span class='ocrx_word' id='word_1_178' title='bbox 1536 2716 2012 2783; x_wconf 89' lang='lat' dir='ltr'><strong>subscriptionibus</strong></span> 
     </span>
    </p>
   </div>
   <div class='ocr_carea' id='block_1_27' title="bbox 422 2784 2015 2863">
    <p class='ocr_par' dir='ltr' id='par_1_27' title="bbox 422 2784 2015 2863">
     <span class='ocr_line' id='line_1_27' title="bbox 422 2784 2015 2863; baseline 0.008 -23"><span class='ocrx_word' id='word_1_179' title='bbox 422 2784 699 2856; x_wconf 71' lang='lat' dir='ltr'><strong>jusserunt</strong></span> <span class='ocrx_word' id='word_1_180' title='bbox 727 2786 1007 2844; x_wconf 86' lang='lat' dir='ltr'><strong>honoratis</strong></span> <span class='ocrx_word' id='word_1_181' title='bbox 1033 2793 1452 2861; x_wconf 86' lang='lat' dir='ltr'><strong>provincialibus</strong></span> <span class='ocrx_word' id='word_1_182' title='bbox 1478 2794 1751 2850; x_wconf 80' lang='lat' dir='ltr'><strong>anteferri.</strong></span> <span class='ocrx_word' id='word_1_183' title='bbox 1785 2796 1922 2863; x_wconf 87' lang='lat' dir='ltr'><strong>Quid</strong></span> <span class='ocrx_word' id='word_1_184' title='bbox 1948 2802 2015 2854; x_wconf 86' lang='lat' dir='ltr'><strong>de</strong></span> 
     </span>
    </p>
   </div>
   <div class='ocr_carea' id='block_1_28' title="bbox 422 2876 2014 2948">
    <p class='ocr_par' dir='ltr' id='par_1_28' title="bbox 422 2876 2014 2948">
     <span class='ocr_line' id='line_1_28' title="bbox 422 2876 2014 2948; baseline 0.008 -17"><span class='ocrx_word' id='word_1_185' title='bbox 422 2884 480 2931; x_wconf 88' lang='lat' dir='ltr'><strong>te</strong></span> <span class='ocrx_word' id='word_1_186' title='bbox 504 2876 825 2932; x_wconf 64' lang='lat' dir='ltr'><strong>aestimatum</strong></span> <span class='ocrx_word' id='word_1_187' title='bbox 852 2878 943 2947; x_wconf 86' lang='lat' dir='ltr'><strong>sit,</strong></span> <span class='ocrx_word' id='word_1_188' title='bbox 975 2879 1133 2935; x_wconf 91' lang='lat' dir='ltr'><strong>datur</strong></span> <span class='ocrx_word' id='word_1_189' title='bbox 1157 2882 1385 2948; x_wconf 90' lang='lat' dir='ltr'><strong>adverti,</strong></span> <span class='ocrx_word' id='word_1_190' title='bbox 1418 2885 1501 2939; x_wconf 91' lang='lat' dir='ltr'><strong>cui</strong></span> <span class='ocrx_word' id='word_1_191' title='bbox 1532 2894 1613 2940; x_wconf 89' lang='lat' dir='ltr'><strong>tot</strong></span> <span class='ocrx_word' id='word_1_192' title='bbox 1639 2886 1889 2942; x_wconf 89' lang='lat' dir='ltr'><strong>videntur</strong></span> <span class='ocrx_word' id='word_1_193' title='bbox 1918 2904 2014 2942; x_wconf 92' lang='lat' dir='ltr'><strong>no-</strong></span> 
     </span>
    </p>
   </div>
   <div class='ocr_carea' id='block_1_29' title="bbox 421 2963 2014 3049">
    <p class='ocr_par' dir='ltr' id='par_1_29' title="bbox 421 2963 2014 3049">
     <span class='ocr_line' id='line_1_29' title="bbox 421 2963 2014 3049; baseline 0.008 -28"><span class='ocrx_word' id='word_1_194' title='bbox 421 2963 561 3021; x_wconf 92' lang='lat' dir='ltr'><strong>biles</strong></span> <span class='ocrx_word' id='word_1_195' title='bbox 606 2968 845 3037; x_wconf 87' lang='lat' dir='ltr'><strong>potuisse</strong></span> <span class='ocrx_word' id='word_1_196' title='bbox 886 2972 1157 3041; x_wconf 90' lang='lat' dir='ltr'><strong>postponi.</strong></span> <span class='ocrx_word' id='word_1_197' title='bbox 1191 2972 1436 3037; x_wconf 86' lang='lat' dir='ltr'><strong>Additur,</strong></span> <span class='ocrx_word' id='word_1_198' title='bbox 1489 2975 1634 3043; x_wconf 92' lang='lat' dir='ltr'><strong>quod</strong></span> <span class='ocrx_word' id='word_1_199' title='bbox 1690 2992 1721 3029; x_wconf 92' lang='lat' dir='ltr'><strong>a</strong></span> <span class='ocrx_word' id='word_1_200' title='bbox 1773 2978 2014 3049; x_wconf 84' lang='lat' dir='ltr'><strong>principe</strong></span> 
     </span>
    </p>
   </div>
   <div class='ocr_carea' id='block_1_30' title="bbox 427 3054 2011 3132">
    <p class='ocr_par' dir='ltr' id='par_1_30' title="bbox 427 3054 2011 3132">
     <span class='ocr_line' id='line_1_30' title="bbox 427 3054 2011 3132; baseline 0.009 -24"><span class='ocrx_word' id='word_1_201' title='bbox 427 3066 451 3094; x_wconf 70' lang='grc' dir='ltr'><strong>ε</strong></span> <span class='ocrx_word' id='word_1_202' title='bbox 477 3054 645 3111; x_wconf 88' lang='lat' dir='ltr'><strong>frater</strong></span> <span class='ocrx_word' id='word_1_203' title='bbox 675 3058 904 3124; x_wconf 87' lang='lat' dir='ltr'><strong>vocaris,</strong></span> <span class='ocrx_word' id='word_1_204' title='bbox 930 3069 987 3114; x_wconf 93' lang='lat' dir='ltr'><strong>ut</strong></span> <span class='ocrx_word' id='word_1_205' title='bbox 1014 3061 1297 3116; x_wconf 88' lang='lat' dir='ltr'><strong>nobilitate</strong></span> <span class='ocrx_word' id='word_1_206' title='bbox 1319 3064 1538 3132; x_wconf 90' lang='lat' dir='ltr'><strong>pretiosi</strong></span> <span class='ocrx_word' id='word_1_207' title='bbox 1570 3066 1803 3120; x_wconf 91' lang='lat' dir='ltr'><strong>nominis</strong></span> <span class='ocrx_word' id='word_1_208' title='bbox 1832 3084 1861 3121; x_wconf 90' lang='lat' dir='ltr'><strong>a</strong></span> <span class='ocrx_word' id='word_1_209' title='bbox 1891 3070 2011 3122; x_wconf 87' lang='lat' dir='ltr'><strong>vili-</strong></span> 
     </span>
    </p>
   </div>
   <div class='ocr_carea' id='block_1_31' title="bbox 1643 302 2480 371">
    <p class='ocr_par' dir='ltr' id='par_1_31' title="bbox 1643 302 2480 371">
     <span class='ocr_line' id='line_1_31' title="bbox 1643 302 2480 371; baseline -0.013 -1"><span class='ocrx_word' id='word_1_210' title='bbox 1643 315 1712 370; x_wconf 77' lang='grc' dir='ltr'><strong>Μ.</strong></span> <span class='ocrx_word' id='word_1_211' title='bbox 1756 306 2033 371; x_wconf 73' lang='lat' dir='ltr'><strong>AEMILII</strong></span> <span class='ocrx_word' id='word_1_212' title='bbox 2068 302 2480 364; x_wconf 72' lang='lat' dir='ltr'><strong>CASSIOI‘OIH‘</strong></span> 
     </span>
    </p>
   </div>
   <div class='ocr_carea' id='block_1_32' title="bbox 634 400 2002 518">
    <p class='ocr_par' dir='ltr' id='par_1_32' title="bbox 634 444 2000 518">
     <span class='ocr_line' id='line_1_32' title="bbox 634 444 2000 518; baseline -0.001 -13"><span class='ocrx_word' id='word_1_213' title='bbox 634 449 920 518; x_wconf 85' lang='lat' dir='ltr'><strong>ingravari.</strong></span> <span class='ocrx_word' id='word_1_214' title='bbox 963 447 1093 515; x_wconf 86' lang='lat' dir='ltr'><strong>Quis</strong></span> <span class='ocrx_word' id='word_1_215' title='bbox 1135 445 1278 503; x_wconf 87' lang='lat' dir='ltr'><strong>enim</strong></span> <span class='ocrx_word' id='word_1_216' title='bbox 1321 444 1588 501; x_wconf 86' lang='lat' dir='ltr'><strong>latronum</strong></span> <span class='ocrx_word' id='word_1_217' title='bbox 1632 444 1795 500; x_wconf 89' lang='lat' dir='ltr'><strong>ferret</strong></span> <span class='ocrx_word' id='word_1_218' title='bbox 1839 450 2000 503; x_wconf 82' lang='lat' dir='ltr'><strong>auda-</strong></span> 
     </span>
    </p>
   </div>
   <div class='ocr_carea' id='block_1_33' title="bbox 2113 400 3686 518">
    <p class='ocr_par' dir='ltr' id='par_1_33' title="bbox 2115 400 3686 488">
     <span class='ocr_line' id='line_1_33' title="bbox 2115 400 3686 488; baseline -0.006 -14"><span class='ocrx_word' id='word_1_219' title='bbox 2115 420 2340 488; x_wconf 78' lang='lat' dir='ltr'><strong>aequitas</strong></span> <span class='ocrx_word' id='word_1_220' title='bbox 2365 426 2449 472; x_wconf 91' lang='lat' dir='ltr'><strong>cst</strong></span> <span class='ocrx_word' id='word_1_221' title='bbox 2477 432 2506 469; x_wconf 88' lang='lat' dir='ltr'><strong>a</strong></span> <span class='ocrx_word' id='word_1_222' title='bbox 2538 430 2597 471; x_wconf 91' lang='lat' dir='ltr'><strong>se</strong></span> <span class='ocrx_word' id='word_1_223' title='bbox 2626 414 2881 485; x_wconf 75' lang='lat' dir='ltr'><strong>przcsulcs</strong></span> <span class='ocrx_word' id='word_1_224' title='bbox 2924 400 3199 477; x_wconf 78' lang='lat' dir='ltr'><strong>inchoare,</strong></span> <span class='ocrx_word' id='word_1_225' title='bbox 3248 419 3305 468; x_wconf 89' lang='lat' dir='ltr'><strong>ut</strong></span> <span class='ocrx_word' id='word_1_226' title='bbox 3334 410 3569 469; x_wconf 70' lang='lat' dir='ltr'><strong>debeant.</strong></span> <span class='ocrx_word' id='word_1_227' title='bbox 3604 414 3686 466; x_wconf 87' lang='lat' dir='ltr'><strong>eri</strong></span> 
     </span>
    </p>
   </div>
   <div class='ocr_carea' id='block_1_34' title="bbox 3619 296 3739 351">
    <p class='ocr_par' dir='ltr' id='par_1_34' title="bbox 3619 296 3739 351">
     <span class='ocr_line' id='line_1_34' title="bbox 3619 296 3739 351; baseline 0 0"><span class='ocrx_word' id='word_1_228' title='bbox 3619 296 3739 351; x_wconf 74' lang='grc'><strong>104-</strong></span> 
     </span>
    </p>
   </div>
   <div class='ocr_carea' id='block_1_35' title="bbox 2119 502 3714 575">
    <p class='ocr_par' dir='ltr' id='par_1_35' title="bbox 2119 502 3714 575">
     <span class='ocr_line' id='line_1_35' title="bbox 2119 502 3714 575; baseline -0.004 -12"><span class='ocrx_word' id='word_1_229' title='bbox 2119 511 2311 563; x_wconf 85' lang='lat' dir='ltr'><strong>tninosi</strong></span> <span class='ocrx_word' id='word_1_230' title='bbox 2365 519 2606 562; x_wconf 88' lang='lat' dir='ltr'><strong>metuere</strong></span> <span class='ocrx_word' id='word_1_231' title='bbox 2649 522 2811 575; x_wconf 90' lang='lat' dir='ltr'><strong>quem</strong></span> <span class='ocrx_word' id='word_1_232' title='bbox 2861 512 3137 574; x_wconf 86' lang='lat' dir='ltr'><strong>nequeunt</strong></span> <span class='ocrx_word' id='word_1_233' title='bbox 3175 502 3401 558; x_wconf 89' lang='lat' dir='ltr'><strong>similem</strong></span> <span class='ocrx_word' id='word_1_234' title='bbox 3444 502 3714 573; x_wconf 87' lang='lat' dir='ltr'><strong>reperire.</strong></span> 
     </span>
    </p>
   </div>
   <div class='ocr_carea' id='block_1_36' title="bbox 2118 594 3719 667">
    <p class='ocr_par' dir='ltr' id='par_1_36' title="bbox 2118 594 3719 667">
     <span class='ocr_line' id='line_1_36' title="bbox 2118 594 3719 667; baseline -0.002 -13"><span class='ocrx_word' id='word_1_235' title='bbox 2118 600 2303 654; x_wconf 62' lang='lat' dir='ltr'><strong>bullas</strong></span> <span class='ocrx_word' id='word_1_236' title='bbox 2349 599 2491 653; x_wconf 89' lang='lat' dir='ltr'><strong>enim</strong></span> <span class='ocrx_word' id='word_1_237' title='bbox 2543 598 2595 651; x_wconf 86' lang='lat' dir='ltr'><strong>in</strong></span> <span class='ocrx_word' id='word_1_238' title='bbox 2642 612 2704 654; x_wconf 89' lang='lat' dir='ltr'><strong>so</strong></span> <span class='ocrx_word' id='word_1_239' title='bbox 2732 594 2918 667; x_wconf 88' lang='lat' dir='ltr'><strong>culpas</strong></span> <span class='ocrx_word' id='word_1_240' title='bbox 2948 597 3101 650; x_wconf 90' lang='lat' dir='ltr'><strong>timet</strong></span> <span class='ocrx_word' id='word_1_241' title='bbox 3130 611 3285 659; x_wconf 80' lang='lat' dir='ltr'><strong>reus,</strong></span> <span class='ocrx_word' id='word_1_242' title='bbox 3323 609 3459 663; x_wconf 85' lang='lat' dir='ltr'><strong>quas</strong></span> <span class='ocrx_word' id='word_1_243' title='bbox 3505 594 3719 650; x_wconf 79' lang='lat' dir='ltr'><strong>habere</strong></span> 
     </span>
    </p>
   </div>
   <div class='ocr_carea' id='block_1_37' title="bbox 2117 686 3719 762">
    <p class='ocr_par' dir='ltr' id='par_1_37' title="bbox 2117 686 3719 762">
     <span class='ocr_line' id='line_1_37' title="bbox 2117 686 3719 762; baseline -0.004 -14"><span class='ocrx_word' id='word_1_244' title='bbox 2117 692 2415 762; x_wconf 78' lang='lat' dir='ltr'><strong>rcSpcxcrit</strong></span> <span class='ocrx_word' id='word_1_245' title='bbox 2454 692 2811 761; x_wconf 87' lang='lat' dir='ltr'><strong>cognitorem,</strong></span> <span class='ocrx_word' id='word_1_246' title='bbox 2854 688 3071 759; x_wconf 84' lang='lat' dir='ltr'><strong>quando</strong></span> <span class='ocrx_word' id='word_1_247' title='bbox 3118 696 3368 757; x_wconf 83' lang='lat' dir='ltr'><strong>agentem</strong></span> <span class='ocrx_word' id='word_1_248' title='bbox 3413 686 3555 742; x_wconf 87' lang='lat' dir='ltr'><strong>male</strong></span> <span class='ocrx_word' id='word_1_249' title='bbox 3605 688 3719 742; x_wconf 83' lang='lat' dir='ltr'><strong>nisi</strong></span> 
     </span>
    </p>
   </div>
   <div class='ocr_carea' id='block_1_38' title="bbox 2118 777 3716 849">
    <p class='ocr_par' dir='ltr' id='par_1_38' title="bbox 2118 777 3716 849">
     <span class='ocr_line' id='line_1_38' title="bbox 2118 777 3716 849; baseline -0.002 -12"><span class='ocrx_word' id='word_1_250' title='bbox 2118 783 2274 838; x_wconf 88' lang='lat' dir='ltr'><strong>bonis</strong></span> <span class='ocrx_word' id='word_1_251' title='bbox 2303 783 2541 837; x_wconf 81' lang='lat' dir='ltr'><strong>moribus</strong></span> <span class='ocrx_word' id='word_1_252' title='bbox 2588 797 2695 836; x_wconf 88' lang='lat' dir='ltr'><strong>non</strong></span> <span class='ocrx_word' id='word_1_253' title='bbox 2741 781 2973 836; x_wconf 66' lang='lat' dir='ltr'><strong>aestimat</strong></span> <span class='ocrx_word' id='word_1_254' title='bbox 3013 779 3318 849; x_wconf 85' lang='lat' dir='ltr'><strong>displicere.</strong></span> <span class='ocrx_word' id='word_1_255' title='bbox 3367 777 3508 833; x_wconf 87' lang='lat' dir='ltr'><strong>Suos</strong></span> <span class='ocrx_word' id='word_1_256' title='bbox 3552 787 3716 834; x_wconf 87' lang='lat' dir='ltr'><strong>actus</strong></span> 
     </span>
    </p>
   </div>
   <div class='ocr_carea' id='block_1_39' title="bbox 2117 872 3716 944">
    <p class='ocr_par' dir='ltr' id='par_1_39' title="bbox 2117 872 3716 944">
     <span class='ocr_line' id='line_1_39' title="bbox 2117 872 3716 944; baseline -0.005 -11"><span class='ocrx_word' id='word_1_257' title='bbox 2117 880 2294 933; x_wconf 91' lang='lat' dir='ltr'><strong>nullus</strong></span> <span class='ocrx_word' id='word_1_258' title='bbox 2318 879 2541 933; x_wconf 87' lang='lat' dir='ltr'><strong>damnat</strong></span> <span class='ocrx_word' id='word_1_259' title='bbox 2568 878 2620 931; x_wconf 93' lang='lat' dir='ltr'><strong>in</strong></span> <span class='ocrx_word' id='word_1_260' title='bbox 2650 878 2843 942; x_wconf 84' lang='lat' dir='ltr'><strong>altero,</strong></span> <span class='ocrx_word' id='word_1_261' title='bbox 2870 875 3005 944; x_wconf 88' lang='lat' dir='ltr'><strong>quia.</strong></span> <span class='ocrx_word' id='word_1_262' title='bbox 3022 884 3212 928; x_wconf 87' lang='lat' dir='ltr'><strong>natura</strong></span> <span class='ocrx_word' id='word_1_263' title='bbox 3238 881 3321 928; x_wconf 86' lang='lat' dir='ltr'><strong>est</strong></span> <span class='ocrx_word' id='word_1_264' title='bbox 3349 872 3566 927; x_wconf 83' lang='lat' dir='ltr'><strong>humani</strong></span> <span class='ocrx_word' id='word_1_265' title='bbox 3597 874 3716 926; x_wconf 87' lang='lat' dir='ltr'><strong>ani-</strong></span> 
     </span>
    </p>
   </div>
   <div class='ocr_carea' id='block_1_40' title="bbox 2118 964 3733 1038">
    <p class='ocr_par' dir='ltr' id='par_1_40' title="bbox 2118 964 3733 1038">
     <span class='ocr_line' id='line_1_40' title="bbox 2118 964 3733 1038; baseline -0.006 -13"><span class='ocrx_word' id='word_1_266' title='bbox 2118 972 2186 1025; x_wconf 88' lang='lat' dir='ltr'><strong>mi</strong></span> <span class='ocrx_word' id='word_1_267' title='bbox 2240 981 2296 1023; x_wconf 88' lang='lat' dir='ltr'><strong>ut</strong></span> <span class='ocrx_word' id='word_1_268' title='bbox 2327 971 2527 1024; x_wconf 89' lang='lat' dir='ltr'><strong>nitatur</strong></span> <span class='ocrx_word' id='word_1_269' title='bbox 2568 970 2747 1038; x_wconf 88' lang='lat' dir='ltr'><strong>potius</strong></span> <span class='ocrx_word' id='word_1_270' title='bbox 2775 967 3068 1033; x_wconf 82' lang='lat' dir='ltr'><strong>vindicare,</strong></span> <span class='ocrx_word' id='word_1_271' title='bbox 3116 964 3261 1034; x_wconf 78' lang='lat' dir='ltr'><strong>quod</strong></span> <span class='ocrx_word' id='word_1_272' title='bbox 3304 979 3365 1018; x_wconf 88' lang='lat' dir='ltr'><strong>se</strong></span> <span class='ocrx_word' id='word_1_273' title='bbox 3393 964 3733 1032; x_wconf 86' lang='lat' dir='ltr'><strong>cognoverit.</strong></span> 
     </span>
    </p>
   </div>
   <div class='ocr_carea' id='block_1_41' title="bbox 2114 1056 3733 1131">
    <p class='ocr_par' dir='ltr' id='par_1_41' title="bbox 2114 1056 3733 1131">
     <span class='ocr_line' id='line_1_41' title="bbox 2114 1056 3733 1131; baseline -0.006 -14"><span class='ocrx_word' id='word_1_274' title='bbox 2114 1063 2413 1117; x_wconf 84' lang='lat' dir='ltr'><strong>admisisse.</strong></span> <span class='ocrx_word' id='word_1_275' title='bbox 2437 1062 2483 1115; x_wconf 86' lang='lat'>0</span> <span class='ocrx_word' id='word_1_276' title='bbox 2502 1062 2660 1131; x_wconf 81' lang='lat' dir='ltr'><strong>quale</strong></span> <span class='ocrx_word' id='word_1_277' title='bbox 2688 1070 2791 1123; x_wconf 84' lang='lat' dir='ltr'><strong>est,</strong></span> <span class='ocrx_word' id='word_1_278' title='bbox 2819 1061 3043 1114; x_wconf 89' lang='lat' dir='ltr'><strong>liberum</strong></span> <span class='ocrx_word' id='word_1_279' title='bbox 3068 1057 3425 1112; x_wconf 82' lang='lat' dir='ltr'><strong>tribunalibus</strong></span> <span class='ocrx_word' id='word_1_280' title='bbox 3450 1056 3733 1119; x_wconf 69' lang='lat' dir='ltr'><strong>insidere,</strong></span> 
     </span>
    </p>
   </div>
   <div class='ocr_carea' id='block_1_42' title="bbox 2117 1146 3713 1218">
    <p class='ocr_par' dir='ltr' id='par_1_42' title="bbox 2117 1146 3713 1218">
     <span class='ocr_line' id='line_1_42' title="bbox 2117 1146 3713 1218; baseline -0.006 -10"><span class='ocrx_word' id='word_1_281' title='bbox 2117 1170 2222 1208; x_wconf 89' lang='lat' dir='ltr'><strong>non</strong></span> <span class='ocrx_word' id='word_1_282' title='bbox 2246 1169 2364 1209; x_wconf 88' lang='lat' dir='ltr'><strong>esse</strong></span> <span class='ocrx_word' id='word_1_283' title='bbox 2393 1154 2693 1207; x_wconf 76' lang='lat' dir='ltr'><strong>obnoxium</strong></span> <span class='ocrx_word' id='word_1_284' title='bbox 2733 1168 2827 1207; x_wconf 91' lang='lat' dir='ltr'><strong>reo</strong></span> <span class='ocrx_word' id='word_1_285' title='bbox 2855 1151 2982 1206; x_wconf 84' lang='lat' dir='ltr'><strong>suo!</strong></span> <span class='ocrx_word' id='word_1_286' title='bbox 3031 1166 3099 1205; x_wconf 88' lang='lat' dir='ltr'><strong>ne</strong></span> <span class='ocrx_word' id='word_1_287' title='bbox 3140 1148 3361 1218; x_wconf 88' lang='lat' dir='ltr'><strong>incipiat</strong></span> <span class='ocrx_word' id='word_1_288' title='bbox 3385 1148 3564 1217; x_wconf 89' lang='lat' dir='ltr'><strong>potior</strong></span> <span class='ocrx_word' id='word_1_289' title='bbox 3595 1146 3713 1199; x_wconf 87' lang='lat' dir='ltr'><strong>licri</strong></span> 
     </span>
    </p>
   </div>
   <div class='ocr_carea' id='block_1_43' title="bbox 2114 1236 3701 1312">
    <p class='ocr_par' dir='ltr' id='par_1_43' title="bbox 2114 1236 3701 1312">
     <span class='ocr_line' id='line_1_43' title="bbox 2114 1236 3701 1312; baseline -0.003 -18"><span class='ocrx_word' id='word_1_290' title='bbox 2114 1260 2273 1312; x_wconf 88' lang='lat' dir='ltr'><strong>quem</strong></span> <span class='ocrx_word' id='word_1_291' title='bbox 2306 1244 2531 1298; x_wconf 83' lang='lat' dir='ltr'><strong>redemit</strong></span> <span class='ocrx_word' id='word_1_292' title='bbox 2566 1261 2577 1294; x_wconf 92' lang='lat'><strong>:</strong></span> <span class='ocrx_word' id='word_1_293' title='bbox 2613 1243 2801 1296; x_wconf 88' lang='lat' dir='ltr'><strong>timeat</strong></span> <span class='ocrx_word' id='word_1_294' title='bbox 2827 1241 3153 1301; x_wconf 89' lang='lat' dir='ltr'><strong>districtum,</strong></span> <span class='ocrx_word' id='word_1_295' title='bbox 3210 1239 3399 1293; x_wconf 85' lang='lat' dir='ltr'><strong>timeat</strong></span> <span class='ocrx_word' id='word_1_296' title='bbox 3422 1236 3701 1292; x_wconf 78' lang='lat' dir='ltr'><strong>continen-</strong></span> 
     </span>
    </p>
   </div>
   <div class='ocr_carea' id='block_1_44' title="bbox 2117 1327 3711 1402">
    <p class='ocr_par' dir='ltr' id='par_1_44' title="bbox 2117 1327 3711 1402">
     <span class='ocr_line' id='line_1_44' title="bbox 2117 1327 3711 1402; baseline -0.006 -12"><span class='ocrx_word' id='word_1_297' title='bbox 2117 1346 2246 1400; x_wconf 83' lang='lat' dir='ltr'><strong>tem,</strong></span> <span class='ocrx_word' id='word_1_298' title='bbox 2282 1352 2389 1390; x_wconf 91' lang='lat' dir='ltr'><strong>non</strong></span> <span class='ocrx_word' id='word_1_299' title='bbox 2418 1336 2600 1389; x_wconf 88' lang='lat' dir='ltr'><strong>audiat</strong></span> <span class='ocrx_word' id='word_1_300' title='bbox 2626 1334 2902 1389; x_wconf 82' lang='lat' dir='ltr'><strong>blandum.</strong></span> <span class='ocrx_word' id='word_1_301' title='bbox 2949 1333 3021 1386; x_wconf 90' lang='lat' dir='ltr'><strong>Da</strong></span> <span class='ocrx_word' id='word_1_302' title='bbox 3056 1340 3114 1386; x_wconf 92' lang='lat' dir='ltr'><strong>ut</strong></span> <span class='ocrx_word' id='word_1_303' title='bbox 3142 1330 3314 1402; x_wconf 87' lang='lat' dir='ltr'><strong>possit</strong></span> <span class='ocrx_word' id='word_1_304' title='bbox 3338 1327 3565 1396; x_wconf 85' lang='lat' dir='ltr'><strong>rigidam</strong></span> <span class='ocrx_word' id='word_1_305' title='bbox 3595 1327 3711 1381; x_wconf 85' lang='lat' dir='ltr'><strong>for-</strong></span> 
     </span>
    </p>
   </div>
   <div class='ocr_carea' id='block_1_45' title="bbox 2117 1420 3710 1489">
    <p class='ocr_par' dir='ltr' id='par_1_45' title="bbox 2117 1420 3710 1489">
     <span class='ocr_line' id='line_1_45' title="bbox 2117 1420 3710 1489; baseline -0.004 -12"><span class='ocrx_word' id='word_1_306' title='bbox 2117 1425 2317 1479; x_wconf 78' lang='lat' dir='ltr'><strong>mitlarc</strong></span> <span class='ocrx_word' id='word_1_307' title='bbox 2343 1425 2688 1479; x_wconf 87' lang='lat' dir='ltr'><strong>sententiam.</strong></span> <span class='ocrx_word' id='word_1_308' title='bbox 2719 1423 2879 1476; x_wconf 88' lang='lat' dir='ltr'><strong>Avari</strong></span> <span class='ocrx_word' id='word_1_309' title='bbox 2916 1421 3126 1489; x_wconf 86' lang='lat' dir='ltr'><strong>judices</strong></span> <span class='ocrx_word' id='word_1_310' title='bbox 3172 1420 3418 1475; x_wconf 86' lang='lat' dir='ltr'><strong>nesciunt</strong></span> <span class='ocrx_word' id='word_1_311' title='bbox 3444 1424 3710 1487; x_wconf 86' lang='lat' dir='ltr'><strong>quantum</strong></span> 
     </span>
    </p>
   </div>
   <div class='ocr_carea' id='block_1_46' title="bbox 2113 1510 3709 1584">
    <p class='ocr_par' dir='ltr' id='par_1_46' title="bbox 2113 1510 3709 1584">
     <span class='ocr_line' id='line_1_46' title="bbox 2113 1510 3709 1584; baseline -0.003 -16"><span class='ocrx_word' id='word_1_312' title='bbox 2113 1517 2461 1584; x_wconf 84' lang='lat' dir='ltr'><strong>delinquunt;</strong></span> <span class='ocrx_word' id='word_1_313' title='bbox 2511 1531 2785 1570; x_wconf 86' lang='lat' dir='ltr'><strong>namcqu</strong></span> <span class='ocrx_word' id='word_1_314' title='bbox 2819 1514 3049 1569; x_wconf 87' lang='lat' dir='ltr'><strong>vendunt</strong></span> <span class='ocrx_word' id='word_1_315' title='bbox 3100 1513 3279 1566; x_wconf 81' lang='lat' dir='ltr'><strong>aliena</strong></span> <span class='ocrx_word' id='word_1_316' title='bbox 3314 1510 3561 1575; x_wconf 85' lang='lat' dir='ltr'><strong>critmna,</strong></span> <span class='ocrx_word' id='word_1_317' title='bbox 3610 1524 3709 1564; x_wconf 84' lang='lat' dir='ltr'><strong>sua</strong></span> 
     </span>
    </p>
   </div>
   <div class='ocr_carea' id='block_1_47' title="bbox 2116 1600 3710 1675">
    <p class='ocr_par' dir='ltr' id='par_1_47' title="bbox 2116 1600 3710 1675">
     <span class='ocr_line' id='line_1_47' title="bbox 2116 1600 3710 1675; baseline -0.003 -17"><span class='ocrx_word' id='word_1_318' title='bbox 2116 1606 2313 1660; x_wconf 87' lang='lat' dir='ltr'><strong>faciunt</strong></span> <span class='ocrx_word' id='word_1_319' title='bbox 2344 1622 2463 1661; x_wconf 87' lang='lat' dir='ltr'><strong>esse</strong></span> <span class='ocrx_word' id='word_1_320' title='bbox 2492 1615 2736 1675; x_wconf 86' lang='lat' dir='ltr'><strong>peccata.</strong></span> <span class='ocrx_word' id='word_1_321' title='bbox 2787 1604 3126 1674; x_wconf 85' lang='lat' dir='ltr'><strong>Quapropter</strong></span> <span class='ocrx_word' id='word_1_322' title='bbox 3153 1610 3272 1658; x_wconf 89' lang='lat' dir='ltr'><strong>esto</strong></span> <span class='ocrx_word' id='word_1_323' title='bbox 3318 1600 3602 1666; x_wconf 88' lang='lat' dir='ltr'><strong>sollicitus,</strong></span> <span class='ocrx_word' id='word_1_324' title='bbox 3650 1610 3710 1653; x_wconf 90' lang='lat' dir='ltr'><strong>ut</strong></span> 
     </span>
    </p>
   </div>
   <div class='ocr_carea' id='block_1_48' title="bbox 2116 1690 3708 1764">
    <p class='ocr_par' dir='ltr' id='par_1_48' title="bbox 2116 1690 3708 1764">
     <span class='ocr_line' id='line_1_48' title="bbox 2116 1690 3708 1764; baseline -0.002 -15"><span class='ocrx_word' id='word_1_325' title='bbox 2116 1698 2269 1749; x_wconf 71' lang='lat' dir='ltr'><strong>bona:</strong></span> <span class='ocrx_word' id='word_1_326' title='bbox 2307 1696 2537 1750; x_wconf 88' lang='lat' dir='ltr'><strong>actionis</strong></span> <span class='ocrx_word' id='word_1_327' title='bbox 2567 1706 2668 1749; x_wconf 75' lang='lat' dir='ltr'><strong>tua:</strong></span> <span class='ocrx_word' id='word_1_328' title='bbox 2711 1695 2897 1749; x_wconf 87' lang='lat' dir='ltr'><strong>laudes</strong></span> <span class='ocrx_word' id='word_1_329' title='bbox 2926 1694 3105 1764; x_wconf 90' lang='lat' dir='ltr'><strong>potius</strong></span> <span class='ocrx_word' id='word_1_330' title='bbox 3132 1692 3433 1747; x_wconf 89' lang='lat' dir='ltr'><strong>audiamus.</strong></span> <span class='ocrx_word' id='word_1_331' title='bbox 3474 1690 3523 1743; x_wconf 83' lang='lat' dir='ltr'><strong>A</strong></span> <span class='ocrx_word' id='word_1_332' title='bbox 3550 1691 3708 1746; x_wconf 90' lang='lat' dir='ltr'><strong>nobis</strong></span> 
     </span>
    </p>
   </div>
   <div class='ocr_carea' id='block_1_49' title="bbox 429 1781 2002 1877">
    <p class='ocr_par' dir='ltr' id='par_1_49' title="bbox 429 1805 2002 1877">
     <span class='ocr_line' id='line_1_49' title="bbox 429 1805 2002 1877; baseline -0.003 -13"><span class='ocrx_word' id='word_1_333' title='bbox 429 1816 731 1864; x_wconf 88' lang='lat' dir='ltr'><strong>monerent.</strong></span> <span class='ocrx_word' id='word_1_334' title='bbox 763 1805 1022 1861; x_wconf 85' lang='lat' dir='ltr'><strong>Geniatus</strong></span> <span class='ocrx_word' id='word_1_335' title='bbox 1052 1807 1297 1875; x_wconf 91' lang='lat' dir='ltr'><strong>indutus,</strong></span> <span class='ocrx_word' id='word_1_336' title='bbox 1345 1808 1509 1861; x_wconf 85' lang='lat' dir='ltr'><strong>vestis</strong></span> <span class='ocrx_word' id='word_1_337' title='bbox 1536 1810 1768 1876; x_wconf 90' lang='lat' dir='ltr'><strong>gratiosa</strong></span> <span class='ocrx_word' id='word_1_338' title='bbox 1788 1848 1803 1874; x_wconf 94' lang='lat'><strong>,</strong></span> <span class='ocrx_word' id='word_1_339' title='bbox 1849 1823 2002 1877; x_wconf 90' lang='lat' dir='ltr'><strong>quam</strong></span> 
     </span>
    </p>
   </div>
   <div class='ocr_carea' id='block_1_50' title="bbox 2113 1781 3707 1877">
    <p class='ocr_par' dir='ltr' id='par_1_50' title="bbox 2113 1781 3707 1856">
     <span class='ocr_line' id='line_1_50' title="bbox 2113 1781 3707 1856; baseline -0.003 -15"><span class='ocrx_word' id='word_1_340' title='bbox 2113 1789 2448 1843; x_wconf 73' lang='lat' dir='ltr'><strong>confidenter</strong></span> <span class='ocrx_word' id='word_1_341' title='bbox 2476 1788 2645 1856; x_wconf 77' lang='lat' dir='ltr'><strong>exigis</strong></span> <span class='ocrx_word' id='word_1_342' title='bbox 2667 1786 2811 1855; x_wconf 89' lang='lat' dir='ltr'><strong>quod</strong></span> <span class='ocrx_word' id='word_1_343' title='bbox 2843 1786 3092 1848; x_wconf 89' lang='lat' dir='ltr'><strong>remittis,</strong></span> <span class='ocrx_word' id='word_1_344' title='bbox 3124 1783 3249 1855; x_wconf 82' lang='lat' dir='ltr'><strong>quia</strong></span> <span class='ocrx_word' id='word_1_345' title='bbox 3280 1791 3489 1836; x_wconf 88' lang='lat' dir='ltr'><strong>tantum</strong></span> <span class='ocrx_word' id='word_1_346' title='bbox 3524 1781 3593 1835; x_wconf 87' lang='lat' dir='ltr'><strong>de</strong></span> <span class='ocrx_word' id='word_1_347' title='bbox 3621 1796 3707 1836; x_wconf 85' lang='lat' dir='ltr'><strong>re-</strong></span> 
     </span>
    </p>
   </div>
   <div class='ocr_carea' id='block_1_51' title="bbox 2116 1871 3707 1945">
    <p class='ocr_par' dir='ltr' id='par_1_51' title="bbox 2116 1871 3707 1945">
     <span class='ocr_line' id='line_1_51' title="bbox 2116 1871 3707 1945; baseline -0.003 -13"><span class='ocrx_word' id='word_1_348' title='bbox 2116 1879 2486 1941; x_wconf 77' lang='lat' dir='ltr'><strong>muneratione</strong></span> <span class='ocrx_word' id='word_1_349' title='bbox 2534 1887 2623 1931; x_wconf 91' lang='lat' dir='ltr'><strong>tua</strong></span> <span class='ocrx_word' id='word_1_350' title='bbox 2670 1877 2989 1943; x_wconf 88' lang='lat' dir='ltr'><strong>cogitamus,</strong></span> <span class='ocrx_word' id='word_1_351' title='bbox 3038 1884 3299 1945; x_wconf 89' lang='lat' dir='ltr'><strong>quantum</strong></span> <span class='ocrx_word' id='word_1_352' title='bbox 3350 1880 3406 1929; x_wconf 78' lang='lat' dir='ltr'><strong>te</strong></span> <span class='ocrx_word' id='word_1_353' title='bbox 3449 1871 3707 1943; x_wconf 78' lang='lat' dir='ltr'><strong>pecunias</strong></span> 
     </span>
    </p>
   </div>
   <div class='ocr_carea' id='block_1_52' title="bbox 2112 1969 2923 2040">
    <p class='ocr_par' dir='ltr' id='par_1_52' title="bbox 2112 1969 2923 2040">
     <span class='ocr_line' id='line_1_52' title="bbox 2112 1969 2923 2040; baseline -0.002 -17"><span class='ocrx_word' id='word_1_354' title='bbox 2112 1989 2217 2024; x_wconf 87' lang='lat' dir='ltr'><strong>non</strong></span> <span class='ocrx_word' id='word_1_355' title='bbox 2247 1972 2523 2040; x_wconf 69' lang='lat' dir='ltr'><strong>quaesiissc</strong></span> <span class='ocrx_word' id='word_1_356' title='bbox 2551 1969 2923 2038; x_wconf 88' lang='lat' dir='ltr'><strong>cognovimus.</strong></span> 
     </span>
    </p>
   </div>
   <div class='ocr_carea' id='block_1_53' title="bbox 2337 2126 3469 2180">
    <p class='ocr_par' dir='ltr' id='par_1_53' title="bbox 2337 2126 3469 2180">
     <span class='ocr_line' id='line_1_53' title="bbox 2337 2126 3469 2180; baseline -0.006 0"><span class='ocrx_word' id='word_1_357' title='bbox 2337 2126 2495 2180; x_wconf 58' lang='grc' dir='ltr'><strong>ΧΧἭ.</strong></span> <span class='ocrx_word' id='word_1_358' title='bbox 2531 2141 2777 2180; x_wconf 65' lang='grc' dir='ltr'><strong>ιὀιυιυιλ</strong></span> <span class='ocrx_word' id='word_1_359' title='bbox 2807 2139 3074 2179; x_wconf 60' lang='grc' dir='ltr'><strong>οοδιιτιγιε</strong></span> <span class='ocrx_word' id='word_1_360' title='bbox 3104 2136 3469 2177; x_wconf 62' lang='lat' dir='ltr'><strong>svnacusaxe.</strong></span> 
     </span>
    </p>
   </div>
   <div class='ocr_carea' id='block_1_54' title="bbox 2184 2237 3709 2311">
    <p class='ocr_par' dir='ltr' id='par_1_54' title="bbox 2184 2237 3709 2311">
     <span class='ocr_line' id='line_1_54' title="bbox 2184 2237 3709 2311; baseline -0.006 -15"><span class='ocrx_word' id='word_1_361' title='bbox 2184 2243 2395 2310; x_wconf 77' lang='lat' dir='ltr'><strong>Regalis</strong></span> <span class='ocrx_word' id='word_1_362' title='bbox 2427 2250 2507 2295; x_wconf 88' lang='lat' dir='ltr'><strong>est</strong></span> <span class='ocrx_word' id='word_1_363' title='bbox 2538 2240 2923 2311; x_wconf 69' lang='lat' dir='ltr'><strong>provitlentize,</strong></span> <span class='ocrx_word' id='word_1_364' title='bbox 2974 2239 3107 2294; x_wconf 87' lang='lat' dir='ltr'><strong>tales</strong></span> <span class='ocrx_word' id='word_1_365' title='bbox 3148 2237 3393 2307; x_wconf 87' lang='lat' dir='ltr'><strong>judieum</strong></span> <span class='ocrx_word' id='word_1_366' title='bbox 3444 2248 3709 2303; x_wconf 82' lang='lat' dir='ltr'><strong>personas</strong></span> 
     </span>
    </p>
   </div>
   <div class='ocr_carea' id='block_1_55' title="bbox 2114 2327 3706 2401">
    <p class='ocr_par' dir='ltr' id='par_1_55' title="bbox 2114 2327 3706 2401">
     <span class='ocr_line' id='line_1_55' title="bbox 2114 2327 3706 2401; baseline -0.005 -14"><span class='ocrx_word' id='word_1_367' title='bbox 2114 2334 2333 2401; x_wconf 81' lang='lat' dir='ltr'><strong>eligere,</strong></span> <span class='ocrx_word' id='word_1_368' title='bbox 2388 2342 2447 2385; x_wconf 93' lang='lat' dir='ltr'><strong>ut</strong></span> <span class='ocrx_word' id='word_1_369' title='bbox 2489 2332 2554 2385; x_wconf 91' lang='lat' dir='ltr'><strong>ad</strong></span> <span class='ocrx_word' id='word_1_370' title='bbox 2586 2332 2902 2386; x_wconf 90' lang='lat' dir='ltr'><strong>comitatum</strong></span> <span class='ocrx_word' id='word_1_371' title='bbox 2933 2329 3305 2385; x_wconf 88' lang='lat' dir='ltr'><strong>necessitatem</strong></span> <span class='ocrx_word' id='word_1_372' title='bbox 3333 2343 3441 2382; x_wconf 91' lang='lat' dir='ltr'><strong>non</strong></span> <span class='ocrx_word' id='word_1_373' title='bbox 3469 2327 3706 2381; x_wconf 78' lang='lat' dir='ltr'><strong>habeant</strong></span> 
     </span>
    </p>
   </div>
   <div class='ocr_carea' id='block_1_56' title="bbox 2114 2420 3703 2495">
    <p class='ocr_par' dir='ltr' id='par_1_56' title="bbox 2114 2420 3703 2495">
     <span class='ocr_line' id='line_1_56' title="bbox 2114 2420 3703 2495; baseline -0.004 -18"><span class='ocrx_word' id='word_1_374' title='bbox 2114 2426 2379 2487; x_wconf 74' lang='lat' dir='ltr'><strong>veniendi,</strong></span> <span class='ocrx_word' id='word_1_375' title='bbox 2429 2440 2566 2495; x_wconf 81' lang='lat' dir='ltr'><strong>quos</strong></span> <span class='ocrx_word' id='word_1_376' title='bbox 2612 2424 2664 2477; x_wconf 93' lang='lat' dir='ltr'><strong>in</strong></span> <span class='ocrx_word' id='word_1_377' title='bbox 2708 2424 3015 2493; x_wconf 88' lang='lat' dir='ltr'><strong>longinquis</strong></span> <span class='ocrx_word' id='word_1_378' title='bbox 3059 2420 3370 2489; x_wconf 79' lang='lat' dir='ltr'><strong>regionibus</strong></span> <span class='ocrx_word' id='word_1_379' title='bbox 3418 2420 3703 2486; x_wconf 87' lang='lat' dir='ltr'><strong>contigerit</strong></span> 
     </span>
    </p>
   </div>
   <div class='ocr_carea' id='block_1_57' title="bbox 2114 2506 3701 2580">
    <p class='ocr_par' dir='ltr' id='par_1_57' title="bbox 2114 2506 3701 2580">
     <span class='ocr_line' id='line_1_57' title="bbox 2114 2506 3701 2580; baseline -0.005 -12"><span class='ocrx_word' id='word_1_380' title='bbox 2114 2516 2407 2569; x_wconf 84' lang='lat' dir='ltr'><strong>immorari.</strong></span> <span class='ocrx_word' id='word_1_381' title='bbox 2441 2513 2653 2569; x_wconf 85' lang='lat' dir='ltr'><strong>Nullum</strong></span> <span class='ocrx_word' id='word_1_382' title='bbox 2684 2514 2826 2569; x_wconf 90' lang='lat' dir='ltr'><strong>enim</strong></span> <span class='ocrx_word' id='word_1_383' title='bbox 2859 2514 2965 2567; x_wconf 86' lang='lat' dir='ltr'><strong>tale</strong></span> <span class='ocrx_word' id='word_1_384' title='bbox 3000 2512 3273 2580; x_wconf 86' lang='lat' dir='ltr'><strong>negotium</strong></span> <span class='ocrx_word' id='word_1_385' title='bbox 3304 2517 3411 2572; x_wconf 86' lang='lat' dir='ltr'><strong>est,</strong></span> <span class='ocrx_word' id='word_1_386' title='bbox 3452 2507 3598 2577; x_wconf 85' lang='lat' dir='ltr'><strong>quod</strong></span> <span class='ocrx_word' id='word_1_387' title='bbox 3622 2506 3701 2561; x_wconf 90' lang='lat' dir='ltr'><strong>Si-</strong></span> 
     </span>
    </p>
   </div>
   <div class='ocr_carea' id='block_1_58' title="bbox 2112 2601 3701 2677">
    <p class='ocr_par' dir='ltr' id='par_1_58' title="bbox 2112 2601 3701 2677">
     <span class='ocr_line' id='line_1_58' title="bbox 2112 2601 3701 2677; baseline -0.008 -14"><span class='ocrx_word' id='word_1_388' title='bbox 2112 2609 2215 2663; x_wconf 90' lang='lat' dir='ltr'><strong>culi</strong></span> <span class='ocrx_word' id='word_1_389' title='bbox 2250 2608 2455 2662; x_wconf 85' lang='lat' dir='ltr'><strong>itineris</strong></span> <span class='ocrx_word' id='word_1_390' title='bbox 2486 2616 2665 2662; x_wconf 87' lang='lat' dir='ltr'><strong>tantas</strong></span> <span class='ocrx_word' id='word_1_391' title='bbox 2692 2606 2803 2677; x_wconf 90' lang='lat' dir='ltr'><strong>pati</strong></span> <span class='ocrx_word' id='word_1_392' title='bbox 2834 2604 3002 2675; x_wconf 89' lang='lat' dir='ltr'><strong>possit</strong></span> <span class='ocrx_word' id='word_1_393' title='bbox 3031 2612 3115 2672; x_wconf 68' lang='lat' dir='ltr'><strong>ex;</strong></span> <span class='ocrx_word' id='word_1_394' title='bbox 3138 2616 3297 2657; x_wconf 91' lang='lat' dir='ltr'><strong>ensas</strong></span> <span class='ocrx_word' id='word_1_395' title='bbox 3319 2644 3332 2666; x_wconf 90' lang='lat'><strong>,</strong></span> <span class='ocrx_word' id='word_1_396' title='bbox 3383 2601 3512 2655; x_wconf 85' lang='lat' dir='ltr'><strong>dum</strong></span> <span class='ocrx_word' id='word_1_397' title='bbox 3556 2614 3701 2653; x_wconf 89' lang='lat' dir='ltr'><strong>com-</strong></span> 
     </span>
    </p>
   </div>
   <div class='ocr_carea' id='block_1_59' title="bbox 2114 2692 3699 2770">
    <p class='ocr_par' dir='ltr' id='par_1_59' title="bbox 2114 2692 3699 2770">
     <span class='ocr_line' id='line_1_59' title="bbox 2114 2692 3699 2770; baseline -0.006 -16"><span class='ocrx_word' id='word_1_398' title='bbox 2114 2702 2327 2754; x_wconf 80' lang='lat' dir='ltr'><strong>modius</strong></span> <span class='ocrx_word' id='word_1_399' title='bbox 2372 2702 2441 2754; x_wconf 85' lang='lat' dir='ltr'><strong>sit</strong></span> <span class='ocrx_word' id='word_1_400' title='bbox 2467 2717 2685 2756; x_wconf 81' lang='lat' dir='ltr'><strong>causam</strong></span> <span class='ocrx_word' id='word_1_401' title='bbox 2732 2700 2957 2770; x_wconf 87' lang='lat' dir='ltr'><strong>perdere</strong></span> <span class='ocrx_word' id='word_1_402' title='bbox 3001 2712 3160 2767; x_wconf 91' lang='lat' dir='ltr'><strong>quam</strong></span> <span class='ocrx_word' id='word_1_403' title='bbox 3210 2692 3409 2763; x_wconf 89' lang='lat' dir='ltr'><strong>aliquid</strong></span> <span class='ocrx_word' id='word_1_404' title='bbox 3454 2708 3551 2762; x_wconf 88' lang='lat' dir='ltr'><strong>per</strong></span> <span class='ocrx_word' id='word_1_405' title='bbox 3582 2692 3699 2745; x_wconf 87' lang='lat' dir='ltr'><strong>talia</strong></span> 
     </span>
    </p>
   </div>
   <div class='ocr_carea' id='block_1_60' title="bbox 2113 2783 3699 2865">
    <p class='ocr_par' dir='ltr' id='par_1_60' title="bbox 2113 2783 3699 2865">
     <span class='ocr_line' id='line_1_60' title="bbox 2113 2783 3699 2865; baseline -0.008 -17"><span class='ocrx_word' id='word_1_406' title='bbox 2113 2794 2390 2865; x_wconf 87' lang='lat' dir='ltr'><strong>dispendia</strong></span> <span class='ocrx_word' id='word_1_407' title='bbox 2416 2793 2787 2862; x_wconf 88' lang='lat' dir='ltr'><strong>eonquisiisse.</strong></span> <span class='ocrx_word' id='word_1_408' title='bbox 2807 2789 2833 2829; x_wconf 67' lang='grc' dir='ltr'><strong>τί</strong></span> <span class='ocrx_word' id='word_1_409' title='bbox 2862 2789 2978 2845; x_wconf 86' lang='lat' dir='ltr'><strong>Non</strong></span> <span class='ocrx_word' id='word_1_410' title='bbox 3000 2789 3142 2843; x_wconf 91' lang='lat' dir='ltr'><strong>enim</strong></span> <span class='ocrx_word' id='word_1_411' title='bbox 3165 2786 3417 2856; x_wconf 86' lang='lat' dir='ltr'><strong>querelas</strong></span> <span class='ocrx_word' id='word_1_412' title='bbox 3441 2784 3509 2839; x_wconf 85' lang='lat' dir='ltr'><strong>de</strong></span> <span class='ocrx_word' id='word_1_413' title='bbox 3525 2783 3699 2838; x_wconf 84' lang='lat' dir='ltr'><strong>Sicilia</strong></span> 
     </span>
    </p>
   </div>
   <div class='ocr_carea' id='block_1_61' title="bbox 2113 2877 3703 2952">
    <p class='ocr_par' dir='ltr' id='par_1_61' title="bbox 2113 2877 3703 2952">
     <span class='ocr_line' id='line_1_61' title="bbox 2113 2877 3703 2952; baseline -0.008 -8"><span class='ocrx_word' id='word_1_414' title='bbox 2113 2889 2363 2944; x_wconf 86' lang='lat' dir='ltr'><strong>volumus</strong></span> <span class='ocrx_word' id='word_1_415' title='bbox 2392 2888 2596 2952; x_wconf 87' lang='lat' dir='ltr'><strong>venire,</strong></span> <span class='ocrx_word' id='word_1_416' title='bbox 2646 2886 2738 2940; x_wconf 88' lang='lat' dir='ltr'><strong>scd</strong></span> <span class='ocrx_word' id='word_1_417' title='bbox 2767 2884 2975 2952; x_wconf 89' lang='lat' dir='ltr'><strong>laudes,</strong></span> <span class='ocrx_word' id='word_1_418' title='bbox 3006 2882 3129 2952; x_wconf 87' lang='lat' dir='ltr'><strong>quia</strong></span> <span class='ocrx_word' id='word_1_419' title='bbox 3158 2889 3414 2950; x_wconf 83' lang='lat' dir='ltr'><strong>gravatur</strong></span> <span class='ocrx_word' id='word_1_420' title='bbox 3440 2877 3583 2947; x_wconf 86' lang='lat' dir='ltr'><strong>apud</strong></span> <span class='ocrx_word' id='word_1_421' title='bbox 3611 2892 3703 2932; x_wconf 83' lang='lat' dir='ltr'><strong>nos</strong></span> 
     </span>
    </p>
   </div>
   <div class='ocr_carea' id='block_1_62' title="bbox 2115 2969 3700 3048">
    <p class='ocr_par' dir='ltr' id='par_1_62' title="bbox 2115 2969 3700 3048">
     <span class='ocr_line' id='line_1_62' title="bbox 2115 2969 3700 3048; baseline -0.007 -17"><span class='ocrx_word' id='word_1_422' title='bbox 2115 2979 2257 3033; x_wconf 89' lang='lat' dir='ltr'><strong>actio</strong></span> <span class='ocrx_word' id='word_1_423' title='bbox 2285 2977 2546 3048; x_wconf 66' lang='lat' dir='ltr'><strong>praesulis,</strong></span> <span class='ocrx_word' id='word_1_424' title='bbox 2597 2976 2642 3030; x_wconf 90' lang='lat' dir='ltr'><strong>si</strong></span> <span class='ocrx_word' id='word_1_425' title='bbox 2670 2990 2789 3028; x_wconf 90' lang='lat' dir='ltr'><strong>eam</strong></span> <span class='ocrx_word' id='word_1_426' title='bbox 2841 2982 2947 3027; x_wconf 90' lang='lat' dir='ltr'><strong>tam</strong></span> <span class='ocrx_word' id='word_1_427' title='bbox 3001 2970 3276 3039; x_wconf 88' lang='lat' dir='ltr'><strong>longinqui</strong></span> <span class='ocrx_word' id='word_1_428' title='bbox 3305 2969 3586 3039; x_wconf 90' lang='lat' dir='ltr'><strong>potuerint</strong></span> <span class='ocrx_word' id='word_1_429' title='bbox 3610 2984 3700 3021; x_wconf 86' lang='lat' dir='ltr'><strong>ac.-</strong></span> 
     </span>
    </p>
   </div>
   <div class='ocr_carea' id='block_1_63' title="bbox 2114 3056 3701 3138">
    <p class='ocr_par' dir='ltr' id='par_1_63' title="bbox 2114 3056 3701 3138">
     <span class='ocr_line' id='line_1_63' title="bbox 2114 3056 3701 3138; baseline -0.009 -15"><span class='ocrx_word' id='word_1_430' title='bbox 2114 3084 2304 3123; x_wconf 81' lang='lat' dir='ltr'><strong>cusare</strong></span> <span class='ocrx_word' id='word_1_431' title='bbox 2334 3069 2611 3138; x_wconf 86' lang='lat' dir='ltr'><strong>petitores.</strong></span> <span class='ocrx_word' id='word_1_432' title='bbox 2662 3065 2848 3119; x_wconf 83' lang='lat' dir='ltr'><strong>Falsus</strong></span> <span class='ocrx_word' id='word_1_433' title='bbox 2874 3063 3016 3117; x_wconf 89' lang='lat' dir='ltr'><strong>enim</strong></span> <span class='ocrx_word' id='word_1_434' title='bbox 3041 3060 3199 3116; x_wconf 89' lang='lat' dir='ltr'><strong>dolor</strong></span> <span class='ocrx_word' id='word_1_435' title='bbox 3226 3073 3348 3114; x_wconf 87' lang='lat' dir='ltr'><strong>esse</strong></span> <span class='ocrx_word' id='word_1_436' title='bbox 3394 3072 3502 3112; x_wconf 92' lang='lat' dir='ltr'><strong>non</strong></span> <span class='ocrx_word' id='word_1_437' title='bbox 3532 3056 3701 3111; x_wconf 82' lang='lat' dir='ltr'><strong>credi-</strong></span> 
     </span>
    </p>
   </div>
   <div class='ocr_carea' id='block_1_64' title="bbox 422 3149 3704 3233">
    <p class='ocr_par' dir='ltr' id='par_1_64' title="bbox 422 3149 3704 3233">
     <span class='ocr_line' id='line_1_64' title="bbox 422 3149 3704 3233; baseline -0.001 -29"><span class='ocrx_word' id='word_1_438' title='bbox 422 3157 537 3205; x_wconf 88' lang='lat' dir='ltr'><strong>tate</strong></span> <span class='ocrx_word' id='word_1_439' title='bbox 566 3150 848 3205; x_wconf 91' lang='lat' dir='ltr'><strong>criminum</strong></span> <span class='ocrx_word' id='word_1_440' title='bbox 881 3152 1166 3207; x_wconf 91' lang='lat' dir='ltr'><strong>tollereris.</strong></span> <span class='ocrx_word' id='word_1_441' title='bbox 1197 3154 1387 3222; x_wconf 89' lang='lat' dir='ltr'><strong>Cogita</strong></span> <span class='ocrx_word' id='word_1_442' title='bbox 1424 3158 1581 3227; x_wconf 78' lang='lat'><strong>108</strong></span> <span class='ocrx_word' id='word_1_443' title='bbox 1611 3165 1879 3212; x_wconf 87' lang='lat' dir='ltr'><strong>tantorum</strong></span> <span class='ocrx_word' id='word_1_444' title='bbox 1911 3160 2011 3214; x_wconf 91' lang='lat' dir='ltr'><strong>ho-</strong></span> <span class='ocrx_word' id='word_1_445' title='bbox 2036 3173 2080 3233; x_wconf 65' lang='grc' dir='ltr'><strong>(ς</strong></span> <span class='ocrx_word' id='word_1_446' title='bbox 2115 3170 2220 3225; x_wconf 91' lang='lat' dir='ltr'><strong>tur,</strong></span> <span class='ocrx_word' id='word_1_447' title='bbox 2274 3161 2363 3214; x_wconf 87' lang='lat' dir='ltr'><strong>ubi</strong></span> <span class='ocrx_word' id='word_1_448' title='bbox 2398 3161 2532 3214; x_wconf 90' lang='lat' dir='ltr'><strong>tanti</strong></span> <span class='ocrx_word' id='word_1_449' title='bbox 2564 3158 2763 3212; x_wconf 86' lang='lat' dir='ltr'><strong>laboris</strong></span> <span class='ocrx_word' id='word_1_450' title='bbox 2794 3156 2948 3209; x_wconf 74' lang='lat' dir='ltr'><strong>tmdia</strong></span> <span class='ocrx_word' id='word_1_451' title='bbox 2978 3154 3295 3208; x_wconf 90' lang='lat' dir='ltr'><strong>subeuntur.</strong></span> <span class='ocrx_word' id='word_1_452' title='bbox 3346 3149 3416 3205; x_wconf 84' lang='lat' dir='ltr'><strong>Et</strong></span> <span class='ocrx_word' id='word_1_453' title='bbox 3445 3149 3568 3203; x_wconf 90' lang='lat' dir='ltr'><strong>ideo</strong></span> <span class='ocrx_word' id='word_1_454' title='bbox 3596 3162 3704 3201; x_wconf 81' lang='lat' dir='ltr'><strong>nta-</strong></span> 
     </span>
    </p>
   </div>
   <div class='ocr_carea' id='block_1_65' title="bbox 423 3242 2009 3305">
    <p class='ocr_par' dir='ltr' id='par_1_65' title="bbox 423 3242 2009 3305">
     <span class='ocr_line' id='line_1_65' title="bbox 423 3242 2009 3305; baseline 0.005 -8"><span class='ocrx_word' id='word_1_455' title='bbox 423 3242 631 3297; x_wconf 86' lang='lat' dir='ltr'><strong>minum</strong></span> <span class='ocrx_word' id='word_1_456' title='bbox 677 3243 771 3296; x_wconf 87' lang='lat' dir='ltr'><strong>tibi</strong></span> <span class='ocrx_word' id='word_1_457' title='bbox 821 3244 1135 3299; x_wconf 82' lang='lat' dir='ltr'><strong>commissas</strong></span> <span class='ocrx_word' id='word_1_458' title='bbox 1163 3259 1283 3299; x_wconf 87' lang='lat' dir='ltr'><strong>esse</strong></span> <span class='ocrx_word' id='word_1_459' title='bbox 1327 3245 1589 3301; x_wconf 78' lang='lat' dir='ltr'><strong>fortunas.</strong></span> <span class='ocrx_word' id='word_1_460' title='bbox 1641 3248 1801 3303; x_wconf 85' lang='lat' dir='ltr'><strong>Fama</strong></span> <span class='ocrx_word' id='word_1_461' title='bbox 1851 3260 2009 3305; x_wconf 88' lang='lat' dir='ltr'><strong>erunt</strong></span> 
     </span>
    </p>
   </div>
   <div class='ocr_carea' id='block_1_66' title="bbox 422 3332 2009 3410">
    <p class='ocr_par' dir='ltr' id='par_1_66' title="bbox 422 3332 2009 3410">
     <span class='ocr_line' id='line_1_66' title="bbox 422 3332 2009 3410; baseline 0.005 -24"><span class='ocrx_word' id='word_1_462' title='bbox 422 3332 594 3387; x_wconf 87' lang='lat' dir='ltr'><strong>nostri</strong></span> <span class='ocrx_word' id='word_1_463' title='bbox 643 3333 900 3401; x_wconf 92' lang='lat' dir='ltr'><strong>temporis</strong></span> <span class='ocrx_word' id='word_1_464' title='bbox 929 3334 1005 3387; x_wconf 92' lang='lat' dir='ltr'><strong>tui</strong></span> <span class='ocrx_word' id='word_1_465' title='bbox 1053 3348 1250 3387; x_wconf 88' lang='lat' dir='ltr'><strong>mores.</strong></span> <span class='ocrx_word' id='word_1_466' title='bbox 1305 3334 1431 3388; x_wconf 55' lang='lat' dir='ltr'><strong>Esto</strong></span> <span class='ocrx_word' id='word_1_467' title='bbox 1480 3336 1601 3389; x_wconf 84' lang='lat' dir='ltr'><strong>vitae</strong></span> <span class='ocrx_word' id='word_1_468' title='bbox 1648 3336 1763 3408; x_wconf 77' lang='grc' dir='ltr'><strong>[σν.</strong></span> <span class='ocrx_word' id='word_1_469' title='bbox 1788 3346 1836 3391; x_wconf 87' lang='lat' dir='ltr'><strong>et</strong></span> <span class='ocrx_word' id='word_1_470' title='bbox 1868 3338 2009 3410; x_wconf 87' lang='lat' dir='ltr'><strong>Cuj.,</strong></span> 
     </span>
    </p>
   </div>
   <div class='ocr_carea' id='block_1_67' title="bbox 425 3420 2011 3502">
    <p class='ocr_par' dir='ltr' id='par_1_67' title="bbox 425 3420 2011 3502">
     <span class='ocr_line' id='line_1_67' title="bbox 425 3420 2011 3502; baseline 0.005 -25"><span class='ocrx_word' id='word_1_471' title='bbox 425 3420 481 3477; x_wconf 87' lang='lat' dir='ltr'><strong>in</strong></span> <span class='ocrx_word' id='word_1_472' title='bbox 512 3420 585 3492; x_wconf 90' lang='lat' dir='ltr'><strong>te]</strong></span> <span class='ocrx_word' id='word_1_473' title='bbox 616 3423 921 3491; x_wconf 87' lang='lat' dir='ltr'><strong>continens,</strong></span> <span class='ocrx_word' id='word_1_474' title='bbox 957 3432 1015 3478; x_wconf 92' lang='lat' dir='ltr'><strong>ut</strong></span> <span class='ocrx_word' id='word_1_475' title='bbox 1040 3424 1217 3494; x_wconf 91' lang='lat' dir='ltr'><strong>possis</strong></span> <span class='ocrx_word' id='word_1_476' title='bbox 1244 3425 1294 3479; x_wconf 91' lang='lat' dir='ltr'><strong>in</strong></span> <span class='ocrx_word' id='word_1_477' title='bbox 1327 3425 1463 3480; x_wconf 92' lang='lat' dir='ltr'><strong>alios</strong></span> <span class='ocrx_word' id='word_1_478' title='bbox 1485 3441 1604 3502; x_wconf 85' lang='lat' dir='ltr'><strong>esse</strong></span> <span class='ocrx_word' id='word_1_479' title='bbox 1624 3428 1809 3494; x_wconf 81' lang='lat' dir='ltr'><strong>judex.</strong></span> <span class='ocrx_word' id='word_1_480' title='bbox 1834 3429 2011 3486; x_wconf 89' lang='lat' dir='ltr'><strong>Prima</strong></span> 
     </span>
    </p>
   </div>
   <div class='ocr_carea' id='block_1_68' title="bbox 495 3640 2003 3711">
    <p class='ocr_par' dir='ltr' id='par_1_68' title="bbox 495 3640 2003 3711">
     <span class='ocr_line' id='line_1_68' title="bbox 495 3640 2003 3711; baseline 0.01 -15"><span class='ocrx_word' id='word_1_481' title='bbox 495 3652 522 3680; x_wconf 79' lang='grc' dir='ltr'>ι</span> <span class='ocrx_word' id='word_1_482' title='bbox 552 3640 829 3698; x_wconf 85' lang='lat' dir='ltr'><strong>Vulcatius</strong></span> <span class='ocrx_word' id='word_1_483' title='bbox 854 3642 1179 3711; x_wconf 82' lang='lat' dir='ltr'><strong>Gallicanus,</strong></span> <span class='ocrx_word' id='word_1_484' title='bbox 1212 3650 1263 3704; x_wconf 93' lang='lat' dir='ltr'><strong>in</strong></span> <span class='ocrx_word' id='word_1_485' title='bbox 1309 3648 1497 3704; x_wconf 91' lang='lat' dir='ltr'><strong>Avidio</strong></span> <span class='ocrx_word' id='word_1_486' title='bbox 1522 3651 1709 3709; x_wconf 88' lang='lat' dir='ltr'><strong>Cassio</strong></span> <span class='ocrx_word' id='word_1_487' title='bbox 1738 3671 1750 3707; x_wconf 88' lang='lat'><strong>:</strong></span> <span class='ocrx_word' id='word_1_488' title='bbox 1786 3653 1857 3709; x_wconf 92' lang='lat' dir='ltr'><strong>Ut</strong></span> <span class='ocrx_word' id='word_1_489' title='bbox 1885 3671 2003 3710; x_wconf 85' lang='lat' dir='ltr'><strong>om-</strong></span> 
     </span>
    </p>
   </div>
   <div class='ocr_carea' id='block_1_69' title="bbox 423 3715 2004 3794">
    <p class='ocr_par' dir='ltr' id='par_1_69' title="bbox 423 3715 2004 3794">
     <span class='ocr_line' id='line_1_69' title="bbox 423 3715 2004 3794; baseline 0.008 -27"><span class='ocrx_word' id='word_1_490' title='bbox 423 3727 524 3794; x_wconf 64' lang='lat' dir='ltr'><strong>pes</strong></span> <span class='ocrx_word' id='word_1_491' title='bbox 564 3722 889 3794; x_wconf 65' lang='lat' dir='ltr'><strong>purpuratos</strong></span> <span class='ocrx_word' id='word_1_492' title='bbox 932 3715 1199 3794; x_wconf 76' lang='lat' dir='ltr'><strong>Augustos</strong></span> <span class='ocrx_word' id='word_1_493' title='bbox 1259 3736 1633 3789; x_wconf 88' lang='lat' dir='ltr'><strong>cognosceres.</strong></span> <span class='ocrx_word' id='word_1_494' title='bbox 1694 3724 2004 3790; x_wconf 85' lang='lat' dir='ltr'><strong>Herodian.,</strong></span> 
     </span>
    </p>
   </div>
   <div class='ocr_carea' id='block_1_70' title="bbox 424 3781 2008 3869">
    <p class='ocr_par' dir='ltr' id='par_1_70' title="bbox 424 3781 2008 3869">
     <span class='ocr_line' id='line_1_70' title="bbox 424 3781 2008 3869; baseline 0.008 -32"><span class='ocrx_word' id='word_1_495' title='bbox 424 3781 978 3869; x_wconf 12' lang='grc' dir='ltr'><strong>1ῨῘΙ).¹ΙῨ;7¹11Δβασίλειος</strong></span> <span class='ocrx_word' id='word_1_496' title='bbox 1006 3781 1285 3869; x_wconf 39' lang='lat' dir='ltr'><strong>asangm</strong></span> <span class='ocrx_word' id='word_1_497' title='bbox 1327 3781 1589 3869; x_wconf 56' lang='grc' dir='ltr'><strong>ἷῖορφύρα,</strong></span> <span class='ocrx_word' id='word_1_498' title='bbox 1633 3810 1841 3869; x_wconf 81' lang='lat' dir='ltr'><strong>_me__ex</strong></span> <span class='ocrx_word' id='word_1_499' title='bbox 1889 3781 2008 3850; x_wconf 79' lang='lat' dir='ltr'><strong>alvo</strong></span> 
     </span>
    </p>
   </div>
   <div class='ocr_carea' id='block_1_71' title="bbox 421 3852 2005 3933">
    <p class='ocr_par' dir='ltr' id='par_1_71' title="bbox 421 3852 2005 3933">
     <span class='ocr_line' id='line_1_71' title="bbox 421 3852 2005 3933; baseline 0.01 -28"><span class='ocrx_word' id='word_1_500' title='bbox 421 3852 1036 3933; x_wconf 33' lang='lat' dir='ltr'><strong>prodeuntem-purpura</strong></span> <span class='ocrx_word' id='word_1_501' title='bbox 1064 3852 1415 3928; x_wconf 74' lang='lat' dir='ltr'><strong>imperatoria&#39;</strong></span> <span class='ocrx_word' id='word_1_502' title='bbox 1436 3852 1688 3933; x_wconf 77' lang='lat' dir='ltr'><strong>suscepit.</strong></span> <span class='ocrx_word' id='word_1_503' title='bbox 1720 3864 1885 3927; x_wconf 85' lang='lat' dir='ltr'><strong>Idem,</strong></span> <span class='ocrx_word' id='word_1_504' title='bbox 1915 3867 2005 3921; x_wconf 90' lang='lat' dir='ltr'><strong>lib.</strong></span> 
     </span>
    </p>
   </div>
   <div class='ocr_carea' id='block_1_72' title="bbox 419 3924 2007 4004">
    <p class='ocr_par' dir='ltr' id='par_1_72' title="bbox 419 3924 2007 4004">
     <span class='ocr_line' id='line_1_72' title="bbox 419 3924 2007 4004; baseline 0.006 -25"><span class='ocrx_word' id='word_1_505' title='bbox 419 3937 480 4004; x_wconf 58' lang='grc' dir='ltr'><strong>ρ.</strong></span> <span class='ocrx_word' id='word_1_506' title='bbox 525 3930 614 4004; x_wconf 59' lang='grc' dir='ltr'><strong>τήν</strong></span> <span class='ocrx_word' id='word_1_507' title='bbox 662 3924 917 4004; x_wconf 64' lang='grc' dir='ltr'><strong>βασίλεεοῦ</strong></span> <span class='ocrx_word' id='word_1_508' title='bbox 944 3924 1216 4004; x_wconf 42' lang='lat' dir='ltr'><strong>pompa»</strong></span> <span class='ocrx_word' id='word_1_509' title='bbox 1262 3939 1441 4004; x_wconf 70' lang='lat' dir='ltr'><strong>vocat,</strong></span> <span class='ocrx_word' id='word_1_510' title='bbox 1488 3924 1701 3987; x_wconf 61' lang='lat' dir='ltr'><strong>ubi&#39;ait</strong></span> <span class='ocrx_word' id='word_1_511' title='bbox 1731 3924 1946 4003; x_wconf 85' lang='lat' dir='ltr'><strong>Nigrum</strong></span> <span class='ocrx_word' id='word_1_512' title='bbox 1978 3952 2007 3990; x_wconf 90' lang='lat' dir='ltr'><strong>a</strong></span> 
     </span>
    </p>
   </div>
   <div class='ocr_carea' id='block_1_73' title="bbox 346 3991 2009 4074">
    <p class='ocr_par' dir='ltr' id='par_1_73' title="bbox 346 3991 2009 4074">
     <span class='ocr_line' id='line_1_73' title="bbox 346 3991 2009 4074; baseline 0.009 -29"><span class='ocrx_word' id='word_1_513' title='bbox 346 4054 353 4059; x_wconf 96' lang='lat'><em>_</em></span> <span class='ocrx_word' id='word_1_514' title='bbox 419 3991 644 4064; x_wconf 87' lang='lat' dir='ltr'><strong>Syriaco</strong></span> <span class='ocrx_word' id='word_1_515' title='bbox 662 3991 914 4074; x_wconf 65' lang='lat' dir='ltr'><strong>exercitu</strong></span> <span class='ocrx_word' id='word_1_516' title='bbox 944 3991 1322 4074; x_wconf 80' lang='lat' dir='ltr'><strong>imperatorem</strong></span> <span class='ocrx_word' id='word_1_517' title='bbox 1369 3991 2009 4074; x_wconf 30' lang='lat' dir='ltr'><strong>factumtamictvumque</strong></span> 
     </span>
    </p>
   </div>
   <div class='ocr_carea' id='block_1_74' title="bbox 418 4066 2007 4144">
    <p class='ocr_par' dir='ltr' id='par_1_74' title="bbox 418 4066 2007 4144">
     <span class='ocr_line' id='line_1_74' title="bbox 418 4066 2007 4144; baseline 0.009 -28"><span class='ocrx_word' id='word_1_518' title='bbox 418 4078 658 4144; x_wconf 74' lang='lat' dir='ltr'><strong>purpura</strong></span> <span class='ocrx_word' id='word_1_519' title='bbox 688 4073 744 4118; x_wconf 90' lang='lat' dir='ltr'><strong>et</strong></span> <span class='ocrx_word' id='word_1_520' title='bbox 796 4066 1251 4144; x_wconf 71' lang='lat' dir='ltr'><strong>reliqquugusti</strong></span> <span class='ocrx_word' id='word_1_521' title='bbox 1297 4081 1576 4141; x_wconf 88' lang='lat' dir='ltr'><strong>apparatu.</strong></span> <span class='ocrx_word' id='word_1_522' title='bbox 1614 4066 2007 4144; x_wconf 58' lang='lat' dir='ltr'><strong>Lamprid.,&#39;in</strong></span> 
     </span>
    </p>
   </div>
   <div class='ocr_carea' id='block_1_75' title="bbox 418 4133 2005 4213">
    <p class='ocr_par' dir='ltr' id='par_1_75' title="bbox 418 4133 2005 4213">
     <span class='ocr_line' id='line_1_75' title="bbox 418 4133 2005 4213; baseline 0.01 -28"><span class='ocrx_word' id='word_1_523' title='bbox 418 4133 746 4213; x_wconf 58' lang='lat' dir='ltr'><strong>Alexandro,</strong></span> <span class='ocrx_word' id='word_1_524' title='bbox 789 4134 855 4190; x_wconf 92' lang='lat' dir='ltr'><strong>de</strong></span> <span class='ocrx_word' id='word_1_525' title='bbox 902 4133 1175 4213; x_wconf 56' lang='lat' dir='ltr'><strong>Ulpianti:</strong></span> <span class='ocrx_word' id='word_1_526' title='bbox 1206 4133 1382 4213; x_wconf 72' lang='lat' dir='ltr'><strong>Quem</strong></span> <span class='ocrx_word' id='word_1_527' title='bbox 1425 4158 1565 4213; x_wconf 62' lang='lat' dir='ltr'><strong>satpe</strong></span> <span class='ocrx_word' id='word_1_528' title='bbox 1597 4159 1625 4196; x_wconf 90' lang='lat' dir='ltr'><strong>a</strong></span> <span class='ocrx_word' id='word_1_529' title='bbox 1656 4133 1900 4199; x_wconf 33' lang='lat' dir='ltr'><strong>militum.</strong></span> <span class='ocrx_word' id='word_1_530' title='bbox 1929 4147 2005 4201; x_wconf 88' lang='lat' dir='ltr'><strong>ira</strong></span> 
     </span>
    </p>
   </div>
   <div class='ocr_carea' id='block_1_76' title="bbox 417 4204 2006 4286">
    <p class='ocr_par' dir='ltr' id='par_1_76' title="bbox 417 4204 2006 4286">
     <span class='ocr_line' id='line_1_76' title="bbox 417 4204 2006 4286; baseline 0.009 -30"><span class='ocrx_word' id='word_1_531' title='bbox 417 4204 910 4286; x_wconf 48' lang='lat' dir='ltr'><strong>gbjectupurpuﬁe</strong></span> <span class='ocrx_word' id='word_1_532' title='bbox 930 4204 1185 4286; x_wconf 67' lang='lat' dir='ltr'><strong>defraudit.</strong></span> <span class='ocrx_word' id='word_1_533' title='bbox 1212 4204 1434 4286; x_wconf 72' lang='lat' dir='ltr'><strong>Peplum</strong></span> <span class='ocrx_word' id='word_1_534' title='bbox 1464 4204 1846 4281; x_wconf 81' lang='lat' dir='ltr'><strong>imperatorum</strong></span> <span class='ocrx_word' id='word_1_535' title='bbox 1871 4216 2006 4271; x_wconf 79' lang='lat' dir='ltr'><strong>dixit</strong></span> 
     </span>
    </p>
   </div>
   <div class='ocr_carea' id='block_1_77' title="bbox 417 4271 1937 4353">
    <p class='ocr_par' dir='ltr' id='par_1_77' title="bbox 417 4271 1937 4353">
     <span class='ocr_line' id='line_1_77' title="bbox 417 4271 1937 4353; baseline 0.009 -27"><span class='ocrx_word' id='word_1_536' title='bbox 417 4271 716 4353; x_wconf 71' lang='lat' dir='ltr'><strong>Trebellius</strong></span> <span class='ocrx_word' id='word_1_537' title='bbox 745 4271 948 4353; x_wconf 58' lang='lat' dir='ltr'><strong>Pollio,</strong></span> <span class='ocrx_word' id='word_1_538' title='bbox 969 4280 1022 4332; x_wconf 89' lang='lat' dir='ltr'><strong>in</strong></span> <span class='ocrx_word' id='word_1_539' title='bbox 1046 4271 1344 4353; x_wconf 79' lang='lat' dir='ltr'><strong>Saturnino</strong></span> <span class='ocrx_word' id='word_1_540' title='bbox 1375 4298 1463 4337; x_wconf 78' lang='lat' dir='ltr'><strong>xxr</strong></span> <span class='ocrx_word' id='word_1_541' title='bbox 1493 4271 1737 4353; x_wconf 69' lang='lat' dir='ltr'><strong>tyranno.</strong></span> <span class='ocrx_word' id='word_1_542' title='bbox 1770 4286 1937 4340; x_wconf 66' lang='lat' dir='ltr'><strong>Fons.</strong></span> 
     </span>
    </p>
   </div>
   <div class='ocr_carea' id='block_1_78' title="bbox 488 4342 2002 4426">
    <p class='ocr_par' dir='ltr' id='par_1_78' title="bbox 488 4342 2002 4426">
     <span class='ocr_line' id='line_1_78' title="bbox 488 4342 2002 4426; baseline 0.009 -30"><span class='ocrx_word' id='word_1_543' title='bbox 488 4343 514 4382; x_wconf 74' lang='grc' dir='ltr'>δ</span> <span class='ocrx_word' id='word_1_544' title='bbox 554 4342 819 4426; x_wconf 47' lang='lat' dir='ltr'><strong>iudicum,</strong></span> <span class='ocrx_word' id='word_1_545' title='bbox 865 4342 951 4426; x_wconf 80' lang='lat' dir='ltr'><strong>vel</strong></span> <span class='ocrx_word' id='word_1_546' title='bbox 981 4351 1287 4426; x_wconf 71' lang='lat' dir='ltr'><strong>prmsidum,</strong></span> <span class='ocrx_word' id='word_1_547' title='bbox 1311 4342 1651 4426; x_wconf 56' lang='lat' dir='ltr'><strong>munus&#39;erat</strong></span> <span class='ocrx_word' id='word_1_548' title='bbox 1681 4356 2002 4426; x_wconf 84' lang='lat' dir='ltr'><strong>tributorum</strong></span> 
     </span>
    </p>
   </div>
   <div class='ocr_carea' id='block_1_79' title="bbox 416 4418 1999 4495">
    <p class='ocr_par' dir='ltr' id='par_1_79' title="bbox 416 4418 1999 4495">
     <span class='ocr_line' id='line_1_79' title="bbox 416 4418 1999 4495; baseline 0.007 -27"><span class='ocrx_word' id='word_1_549' title='bbox 416 4418 700 4495; x_wconf 54' lang='lat' dir='ltr'><strong>(structione</strong></span> <span class='ocrx_word' id='word_1_550' title='bbox 729 4418 1058 4495; x_wconf 63' lang='lat' dir='ltr'><strong>iueumbcre.</strong></span> <span class='ocrx_word' id='word_1_551' title='bbox 1093 4419 1149 4473; x_wconf 88' lang='lat' dir='ltr'><strong>L.</strong></span> <span class='ocrx_word' id='word_1_552' title='bbox 1186 4420 1272 4495; x_wconf 84' lang='lat' dir='ltr'><strong>In_</strong></span> <span class='ocrx_word' id='word_1_553' title='bbox 1292 4423 1575 4495; x_wconf 69' lang='lat' dir='ltr'><strong>ﬁscalibus.</strong></span> <span class='ocrx_word' id='word_1_554' title='bbox 1614 4425 1676 4478; x_wconf 73' lang='grc' dir='ltr'><strong>(Σ.</strong></span> <span class='ocrx_word' id='word_1_555' title='bbox 1723 4425 1799 4477; x_wconf 82' lang='lat' dir='ltr'><strong>De</strong></span> <span class='ocrx_word' id='word_1_556' title='bbox 1828 4436 1999 4480; x_wconf 70' lang='lat' dir='ltr'><strong>emet.</strong></span> 
     </span>
    </p>
   </div>
   <div class='ocr_carea' id='block_1_80' title="bbox 418 4483 2004 4561">
    <p class='ocr_par' dir='ltr' id='par_1_80' title="bbox 418 4483 2004 4561">
     <span class='ocr_line' id='line_1_80' title="bbox 418 4483 2004 4561; baseline 0.009 -26"><span class='ocrx_word' id='word_1_557' title='bbox 418 4483 564 4548; x_wconf 83' lang='lat' dir='ltr'><strong>trib.,</strong></span> <span class='ocrx_word' id='word_1_558' title='bbox 593 4500 716 4561; x_wconf 75' lang='lat' dir='ltr'><strong>nov.</strong></span> <span class='ocrx_word' id='word_1_559' title='bbox 749 4485 869 4561; x_wconf 76' lang='grc'>161.</span> <span class='ocrx_word' id='word_1_560' title='bbox 904 4487 1047 4561; x_wconf 81' lang='lat' dir='ltr'><strong>Idem</strong></span> <span class='ocrx_word' id='word_1_561' title='bbox 1074 4499 1135 4561; x_wconf 88' lang='lat' dir='ltr'><strong>et</strong></span> <span class='ocrx_word' id='word_1_562' title='bbox 1172 4483 1560 4561; x_wconf 77' lang='lat' dir='ltr'><strong>catholicorum</strong></span> <span class='ocrx_word' id='word_1_563' title='bbox 1593 4510 1785 4549; x_wconf 91' lang='lat' dir='ltr'><strong>munus</strong></span> <span class='ocrx_word' id='word_1_564' title='bbox 1815 4507 1916 4561; x_wconf 89' lang='lat' dir='ltr'><strong>est,</strong></span> <span class='ocrx_word' id='word_1_565' title='bbox 1949 4506 2004 4550; x_wconf 87' lang='lat' dir='ltr'><strong>et</strong></span> 
     </span>
    </p>
   </div>
   <div class='ocr_carea' id='block_1_81' title="bbox 2110 3240 3700 3321">
    <p class='ocr_par' dir='ltr' id='par_1_81' title="bbox 2110 3240 3700 3321">
     <span class='ocr_line' id='line_1_81' title="bbox 2110 3240 3700 3321; baseline -0.009 -16"><span class='ocrx_word' id='word_1_566' title='bbox 2110 3254 2231 3321; x_wconf 88' lang='lat' dir='ltr'><strong>jore</strong></span> <span class='ocrx_word' id='word_1_567' title='bbox 2260 3268 2387 3306; x_wconf 90' lang='lat' dir='ltr'><strong>cura</strong></span> <span class='ocrx_word' id='word_1_568' title='bbox 2423 3251 2702 3305; x_wconf 87' lang='lat' dir='ltr'><strong>tractanda</strong></span> <span class='ocrx_word' id='word_1_569' title='bbox 2734 3256 2879 3315; x_wconf 91' lang='lat' dir='ltr'><strong>sunt,</strong></span> <span class='ocrx_word' id='word_1_570' title='bbox 2928 3245 3069 3299; x_wconf 90' lang='lat' dir='ltr'><strong>unde</strong></span> <span class='ocrx_word' id='word_1_571' title='bbox 3093 3244 3291 3300; x_wconf 66' lang='lat' dir='ltr'><strong>invidia</strong></span> <span class='ocrx_word' id='word_1_572' title='bbox 3316 3242 3437 3312; x_wconf 91' lang='lat' dir='ltr'><strong>plus</strong></span> <span class='ocrx_word' id='word_1_573' title='bbox 3470 3240 3700 3294; x_wconf 85' lang='lat' dir='ltr'><strong>timetur.</strong></span> 
     </span>
    </p>
   </div>
   <div class='ocr_carea' id='block_1_82' title="bbox 2118 3330 3701 3411">
    <p class='ocr_par' dir='ltr' id='par_1_82' title="bbox 2118 3330 3701 3411">
     <span class='ocr_line' id='line_1_82' title="bbox 2118 3330 3701 3411; baseline -0.008 -16"><span class='ocrx_word' id='word_1_574' title='bbox 2118 3344 2349 3397; x_wconf 79' lang='lat' dir='ltr'><strong>Proinde</strong></span> <span class='ocrx_word' id='word_1_575' title='bbox 2379 3358 2475 3411; x_wconf 90' lang='lat' dir='ltr'><strong>per</strong></span> <span class='ocrx_word' id='word_1_576' title='bbox 2505 3341 2851 3394; x_wconf 86' lang='lat' dir='ltr'><strong>indietionem</strong></span> <span class='ocrx_word' id='word_1_577' title='bbox 2884 3338 3027 3391; x_wconf 87' lang='lat' dir='ltr'><strong>illam</strong></span> <span class='ocrx_word' id='word_1_578' title='bbox 3074 3334 3383 3390; x_wconf 87' lang='lat' dir='ltr'><strong>comitivam</strong></span> <span class='ocrx_word' id='word_1_579' title='bbox 3418 3332 3513 3385; x_wconf 91' lang='lat' dir='ltr'><strong>tibi</strong></span> <span class='ocrx_word' id='word_1_580' title='bbox 3542 3330 3701 3401; x_wconf 80' lang='lat' dir='ltr'><strong>Syra-</strong></span> 
     </span>
    </p>
   </div>
   <div class='ocr_carea' id='block_1_83' title="bbox 2116 3425 3703 3502">
    <p class='ocr_par' dir='ltr' id='par_1_83' title="bbox 2116 3425 3703 3502">
     <span class='ocr_line' id='line_1_83' title="bbox 2116 3425 3703 3502; baseline -0.009 -13"><span class='ocrx_word' id='word_1_581' title='bbox 2116 3450 2330 3489; x_wconf 60' lang='lat' dir='ltr'><strong>cusana:</strong></span> <span class='ocrx_word' id='word_1_582' title='bbox 2360 3434 2614 3499; x_wconf 90' lang='lat' dir='ltr'><strong>civitatis,</strong></span> <span class='ocrx_word' id='word_1_583' title='bbox 2646 3431 2877 3502; x_wconf 90' lang='lat' dir='ltr'><strong>propitia</strong></span> <span class='ocrx_word' id='word_1_584' title='bbox 2908 3428 3219 3497; x_wconf 89' lang='lat' dir='ltr'><strong>Divinitale,</strong></span> <span class='ocrx_word' id='word_1_585' title='bbox 3250 3425 3610 3489; x_wconf 88' lang='lat' dir='ltr'><strong>concedimus,</strong></span> <span class='ocrx_word' id='word_1_586' title='bbox 3644 3430 3703 3476; x_wconf 89' lang='lat' dir='ltr'><strong>ut</strong></span> 
     </span>
    </p>
   </div>
   <div class='ocr_carea' id='block_1_84' title="bbox 2109 3650 3700 3723">
    <p class='ocr_par' dir='ltr' id='par_1_84' title="bbox 2109 3650 3700 3723">
     <span class='ocr_line' id='line_1_84' title="bbox 2109 3650 3700 3723; baseline -0.003 -14"><span class='ocrx_word' id='word_1_587' title='bbox 2109 3656 2417 3710; x_wconf 86' lang='lat' dir='ltr'><strong>fraternitas</strong></span> <span class='ocrx_word' id='word_1_588' title='bbox 2446 3656 2800 3718; x_wconf 83' lang='lat' dir='ltr'><strong>contrahitur,</strong></span> <span class='ocrx_word' id='word_1_589' title='bbox 2852 3653 3007 3723; x_wconf 10' lang='lat'><strong>1.175,</strong></span> <span class='ocrx_word' id='word_1_590' title='bbox 3062 3652 3185 3708; x_wconf 85' lang='lat' dir='ltr'><strong>Non</strong></span> <span class='ocrx_word' id='word_1_591' title='bbox 3215 3654 3470 3723; x_wconf 71' lang='lat' dir='ltr'><strong>epistolis,</strong></span> <span class='ocrx_word' id='word_1_592' title='bbox 3513 3650 3577 3707; x_wconf 93' lang='lat' dir='ltr'><strong>C.</strong></span> <span class='ocrx_word' id='word_1_593' title='bbox 3626 3650 3700 3704; x_wconf 82' lang='lat' dir='ltr'><strong>De</strong></span> 
     </span>
    </p>
   </div>
   <div class='ocr_carea' id='block_1_85' title="bbox 2116 3722 3699 3792">
    <p class='ocr_par' dir='ltr' id='par_1_85' title="bbox 2116 3722 3699 3792">
     <span class='ocr_line' id='line_1_85' title="bbox 2116 3722 3699 3792; baseline -0.001 -14"><span class='ocrx_word' id='word_1_594' title='bbox 2116 3728 2262 3791; x_wconf 77' lang='lat' dir='ltr'><strong>prob.</strong></span> <span class='ocrx_word' id='word_1_595' title='bbox 2292 3725 2405 3781; x_wconf 86' lang='lat' dir='ltr'><strong>Huc</strong></span> <span class='ocrx_word' id='word_1_596' title='bbox 2436 3726 2715 3780; x_wconf 80' lang='lat' dir='ltr'><strong>referenda</strong></span> <span class='ocrx_word' id='word_1_597' title='bbox 2746 3734 2827 3779; x_wconf 87' lang='lat' dir='ltr'><strong>est</strong></span> <span class='ocrx_word' id='word_1_598' title='bbox 2857 3724 2893 3777; x_wconf 93' lang='grc'>1.</span> <span class='ocrx_word' id='word_1_599' title='bbox 2921 3722 3007 3788; x_wconf 84' lang='grc'><strong>58,</strong></span> <span class='ocrx_word' id='word_1_600' title='bbox 3044 3722 3374 3792; x_wconf 78' lang='lat' dir='ltr'><strong>Nemo,ftn.,</strong></span> <span class='ocrx_word' id='word_1_601' title='bbox 3406 3724 3474 3777; x_wconf 85' lang='lat' dir='ltr'><strong>de</strong></span> <span class='ocrx_word' id='word_1_602' title='bbox 3501 3722 3699 3777; x_wconf 70' lang='lat' dir='ltr'><strong>haered.</strong></span> 
     </span>
    </p>
   </div>
   <div class='ocr_carea' id='block_1_86' title="bbox 2110 3794 3701 3864">
    <p class='ocr_par' dir='ltr' id='par_1_86' title="bbox 2110 3794 3701 3864">
     <span class='ocr_line' id='line_1_86' title="bbox 2110 3794 3701 3864; baseline -0.004 -13"><span class='ocrx_word' id='word_1_603' title='bbox 2110 3798 2316 3861; x_wconf 90' lang='lat' dir='ltr'><strong>instit.;</strong></span> <span class='ocrx_word' id='word_1_604' title='bbox 2371 3798 2405 3849; x_wconf 89' lang='grc' dir='ltr'><strong>ι.</strong></span> <span class='ocrx_word' id='word_1_605' title='bbox 2439 3795 2526 3859; x_wconf 80' lang='grc'><strong>65,</strong></span> <span class='ocrx_word' id='word_1_606' title='bbox 2585 3795 2790 3859; x_wconf 82' lang='lat' dir='ltr'><strong>Verum,</strong></span> <span class='ocrx_word' id='word_1_607' title='bbox 2835 3798 2960 3864; x_wconf 89' lang='lat' dir='ltr'><strong>lin.,</strong></span> <span class='ocrx_word' id='word_1_608' title='bbox 3012 3810 3108 3864; x_wconf 91' lang='lat' dir='ltr'><strong>pro</strong></span> <span class='ocrx_word' id='word_1_609' title='bbox 3138 3810 3253 3848; x_wconf 85' lang='lat' dir='ltr'><strong>soc.</strong></span> <span class='ocrx_word' id='word_1_610' title='bbox 3285 3794 3397 3849; x_wconf 82' lang='lat' dir='ltr'><strong>Nec</strong></span> <span class='ocrx_word' id='word_1_611' title='bbox 3424 3794 3701 3859; x_wconf 83' lang='lat' dir='ltr'><strong>aliorsum,</strong></span> 
     </span>
    </p>
   </div>
   <div class='ocr_carea' id='block_1_87' title="bbox 2116 3863 3699 3935">
    <p class='ocr_par' dir='ltr' id='par_1_87' title="bbox 2116 3863 3699 3935">
     <span class='ocr_line' id='line_1_87' title="bbox 2116 3863 3699 3935; baseline -0.002 -16"><span class='ocrx_word' id='word_1_612' title='bbox 2116 3868 2347 3935; x_wconf 87' lang='lat' dir='ltr'><strong>npinor,</strong></span> <span class='ocrx_word' id='word_1_613' title='bbox 2400 3865 2771 3920; x_wconf 89' lang='lat' dir='ltr'><strong>Theobaldum</strong></span> <span class='ocrx_word' id='word_1_614' title='bbox 2821 3863 3039 3918; x_wconf 77' lang='lat' dir='ltr'><strong>fratrem</strong></span> <span class='ocrx_word' id='word_1_615' title='bbox 3092 3864 3554 3935; x_wconf 86' lang='lat' dir='ltr'><strong>Amalasuentha,</strong></span> <span class='ocrx_word' id='word_1_616' title='bbox 3607 3878 3699 3917; x_wconf 84' lang='lat' dir='ltr'><strong>nec</strong></span> 
     </span>
    </p>
   </div>
   <div class='ocr_carea' id='block_1_88' title="bbox 2113 3934 3696 4005">
    <p class='ocr_par' dir='ltr' id='par_1_88' title="bbox 2113 3934 3696 4005">
     <span class='ocr_line' id='line_1_88' title="bbox 2113 3934 3696 4005; baseline -0.002 -15"><span class='ocrx_word' id='word_1_617' title='bbox 2113 3936 2253 3991; x_wconf 86' lang='lat' dir='ltr'><strong>hanc</strong></span> <span class='ocrx_word' id='word_1_618' title='bbox 2284 3937 2371 3991; x_wconf 90' lang='lat' dir='ltr'><strong>ille</strong></span> <span class='ocrx_word' id='word_1_619' title='bbox 2399 3951 2642 3990; x_wconf 90' lang='lat' dir='ltr'><strong>sororem</strong></span> <span class='ocrx_word' id='word_1_620' title='bbox 2673 3936 2826 3995; x_wconf 82' lang='lat' dir='ltr'><strong>dixit,</strong></span> <span class='ocrx_word' id='word_1_621' title='bbox 2879 3950 3043 4005; x_wconf 89' lang='lat' dir='ltr'><strong>quam</strong></span> <span class='ocrx_word' id='word_1_622' title='bbox 3074 3934 3226 4005; x_wconf 73' lang='lat' dir='ltr'><strong>quod</strong></span> <span class='ocrx_word' id='word_1_623' title='bbox 3247 3941 3430 4005; x_wconf 83' lang='lat' dir='ltr'><strong>essent</strong></span> <span class='ocrx_word' id='word_1_624' title='bbox 3476 3949 3696 3989; x_wconf 89' lang='lat' dir='ltr'><strong>consor-</strong></span> 
     </span>
    </p>
   </div>
   <div class='ocr_carea' id='block_1_89' title="bbox 2114 4003 3447 4074">
    <p class='ocr_par' dir='ltr' id='par_1_89' title="bbox 2114 4003 3447 4074">
     <span class='ocr_line' id='line_1_89' title="bbox 2114 4003 3447 4074; baseline -0.004 -13"><span class='ocrx_word' id='word_1_625' title='bbox 2114 4016 2196 4061; x_wconf 85' lang='lat' dir='ltr'><strong>tes</strong></span> <span class='ocrx_word' id='word_1_626' title='bbox 2220 4007 2449 4074; x_wconf 89' lang='lat' dir='ltr'><strong>imperii,</strong></span> <span class='ocrx_word' id='word_1_627' title='bbox 2477 4006 2594 4067; x_wconf 87' lang='lat' dir='ltr'><strong>inf.,</strong></span> <span class='ocrx_word' id='word_1_628' title='bbox 2623 4006 2713 4059; x_wconf 88' lang='lat' dir='ltr'><strong>lib.</strong></span> <span class='ocrx_word' id='word_1_629' title='bbox 2751 4022 2802 4069; x_wconf 81' lang='lat' dir='ltr'><strong>x,</strong></span> <span class='ocrx_word' id='word_1_630' title='bbox 2833 4003 2993 4074; x_wconf 83' lang='lat' dir='ltr'><strong>epist.</strong></span> <span class='ocrx_word' id='word_1_631' title='bbox 3028 4004 3076 4069; x_wconf 86' lang='grc'>1,</span> <span class='ocrx_word' id='word_1_632' title='bbox 3110 4003 3163 4068; x_wconf 78' lang='lat'><strong>2,</strong></span> <span class='ocrx_word' id='word_1_633' title='bbox 3194 4003 3247 4058; x_wconf 78' lang='grc'><strong>5.</strong></span> <span class='ocrx_word' id='word_1_634' title='bbox 3280 4004 3447 4058; x_wconf 71' lang='lat' dir='ltr'><strong>Fonu.</strong></span> 
     </span>
    </p>
   </div>
   <div class='ocr_carea' id='block_1_90' title="bbox 2183 4072 3696 4144">
    <p class='ocr_par' dir='ltr' id='par_1_90' title="bbox 2183 4072 3696 4144">
     <span class='ocr_line' id='line_1_90' title="bbox 2183 4072 3696 4144; baseline -0.003 -13"><span class='ocrx_word' id='word_1_635' title='bbox 2183 4076 2207 4113; x_wconf 74' lang='grc' dir='ltr'><em>ά</em></span> <span class='ocrx_word' id='word_1_636' title='bbox 2246 4072 2315 4131; x_wconf 83' lang='lat' dir='ltr'><strong>Ut</strong></span> <span class='ocrx_word' id='word_1_637' title='bbox 2346 4077 2395 4129; x_wconf 92' lang='lat' dir='ltr'><strong>in</strong></span> <span class='ocrx_word' id='word_1_638' title='bbox 2429 4078 2699 4144; x_wconf 84' lang='lat' dir='ltr'><strong>provincia</strong></span> <span class='ocrx_word' id='word_1_639' title='bbox 2728 4076 2847 4130; x_wconf 89' lang='lat' dir='ltr'><strong>lites</strong></span> <span class='ocrx_word' id='word_1_640' title='bbox 2870 4072 3212 4136; x_wconf 42' lang='lat' dir='ltr'><strong>&#39;dirimantur,</strong></span> <span class='ocrx_word' id='word_1_641' title='bbox 3259 4090 3325 4128; x_wconf 88' lang='lat' dir='ltr'><strong>ne</strong></span> <span class='ocrx_word' id='word_1_642' title='bbox 3373 4087 3597 4129; x_wconf 87' lang='lat' dir='ltr'><strong>necesse</strong></span> <span class='ocrx_word' id='word_1_643' title='bbox 3633 4072 3696 4127; x_wconf 91' lang='lat' dir='ltr'><strong>sit</strong></span> 
     </span>
    </p>
   </div>
   <div class='ocr_carea' id='block_1_91' title="bbox 2112 4144 3682 4215">
    <p class='ocr_par' dir='ltr' id='par_1_91' title="bbox 2112 4144 3682 4215">
     <span class='ocr_line' id='line_1_91' title="bbox 2112 4144 3682 4215; baseline -0.003 -16"><span class='ocrx_word' id='word_1_644' title='bbox 2112 4147 2176 4200; x_wconf 89' lang='lat' dir='ltr'><strong>ad</strong></span> <span class='ocrx_word' id='word_1_645' title='bbox 2212 4148 2524 4202; x_wconf 90' lang='lat' dir='ltr'><strong>comitatum</strong></span> <span class='ocrx_word' id='word_1_646' title='bbox 2566 4146 2822 4215; x_wconf 86' lang='lat' dir='ltr'><strong>principis</strong></span> <span class='ocrx_word' id='word_1_647' title='bbox 2863 4145 3144 4211; x_wconf 88' lang='lat' dir='ltr'><strong>accedere,</strong></span> <span class='ocrx_word' id='word_1_648' title='bbox 3186 4144 3372 4198; x_wconf 90' lang='lat' dir='ltr'><strong>iisdem</strong></span> <span class='ocrx_word' id='word_1_649' title='bbox 3412 4158 3682 4215; x_wconf 79' lang='lat' dir='ltr'><strong>propemo</strong></span> 
     </span>
    </p>
   </div>
   <div class='ocr_carea' id='block_1_92' title="bbox 2114 4214 3695 4284">
    <p class='ocr_par' dir='ltr' id='par_1_92' title="bbox 2114 4214 3695 4284">
     <span class='ocr_line' id='line_1_92' title="bbox 2114 4214 3695 4284; baseline -0.003 -14"><span class='ocrx_word' id='word_1_650' title='bbox 2114 4215 2243 4270; x_wconf 90' lang='lat' dir='ltr'><strong>dum</strong></span> <span class='ocrx_word' id='word_1_651' title='bbox 2271 4217 2448 4270; x_wconf 84' lang='lat' dir='ltr'><strong>verbis</strong></span> <span class='ocrx_word' id='word_1_652' title='bbox 2485 4214 2830 4283; x_wconf 74' lang='lat' dir='ltr'><strong>Maiorianus,</strong></span> <span class='ocrx_word' id='word_1_653' title='bbox 2862 4216 3057 4269; x_wconf 89' lang='lat' dir='ltr'><strong>novell.</strong></span> <span class='ocrx_word' id='word_1_654' title='bbox 3090 4215 3156 4269; x_wconf 81' lang='lat' dir='ltr'><strong>tle</strong></span> <span class='ocrx_word' id='word_1_655' title='bbox 3183 4214 3543 4284; x_wconf 87' lang='lat' dir='ltr'><strong>itululgcntiis,</strong></span> <span class='ocrx_word' id='word_1_656' title='bbox 3576 4215 3695 4267; x_wconf 86' lang='lat' dir='ltr'><strong>reli-</strong></span> 
     </span>
    </p>
   </div>
   <div class='ocr_carea' id='block_1_93' title="bbox 2110 4284 3692 4354">
    <p class='ocr_par' dir='ltr' id='par_1_93' title="bbox 2110 4284 3692 4354">
     <span class='ocr_line' id='line_1_93' title="bbox 2110 4284 3692 4354; baseline -0.002 -14"><span class='ocrx_word' id='word_1_657' title='bbox 2110 4302 2339 4353; x_wconf 89' lang='lat' dir='ltr'><strong>quorum</strong></span> <span class='ocrx_word' id='word_1_658' title='bbox 2368 4288 2535 4341; x_wconf 91' lang='lat' dir='ltr'><strong>utitur</strong></span> <span class='ocrx_word' id='word_1_659' title='bbox 2564 4304 2575 4337; x_wconf 88' lang='lat'><strong>:</strong></span> <span class='ocrx_word' id='word_1_660' title='bbox 2596 4285 2706 4340; x_wconf 88' lang='lat' dir='ltr'><strong>Nec</strong></span> <span class='ocrx_word' id='word_1_661' title='bbox 2726 4287 2792 4340; x_wconf 91' lang='lat' dir='ltr'><strong>de</strong></span> <span class='ocrx_word' id='word_1_662' title='bbox 2823 4285 3127 4353; x_wconf 77' lang='lat' dir='ltr'><strong>longinquis</strong></span> <span class='ocrx_word' id='word_1_663' title='bbox 3148 4285 3435 4354; x_wconf 81' lang='lat' dir='ltr'><strong>provincize</strong></span> <span class='ocrx_word' id='word_1_664' title='bbox 3457 4284 3692 4351; x_wconf 76' lang='lat' dir='ltr'><strong>regioni-</strong></span> 
     </span>
    </p>
   </div>
   <div class='ocr_carea' id='block_1_94' title="bbox 2111 4354 3682 4425">
    <p class='ocr_par' dir='ltr' id='par_1_94' title="bbox 2111 4354 3682 4425">
     <span class='ocr_line' id='line_1_94' title="bbox 2111 4354 3682 4425; baseline -0.002 -16"><span class='ocrx_word' id='word_1_665' title='bbox 2111 4356 2210 4411; x_wconf 91' lang='lat' dir='ltr'><strong>bus</strong></span> <span class='ocrx_word' id='word_1_666' title='bbox 2249 4374 2371 4413; x_wconf 94' lang='lat' dir='ltr'><strong>cum</strong></span> <span class='ocrx_word' id='word_1_667' title='bbox 2420 4372 2614 4424; x_wconf 90' lang='lat' dir='ltr'><strong>magno</strong></span> <span class='ocrx_word' id='word_1_668' title='bbox 2662 4364 2971 4424; x_wconf 91' lang='lat' dir='ltr'><strong>sumptuum</strong></span> <span class='ocrx_word' id='word_1_669' title='bbox 3022 4354 3682 4425; x_wconf 13' lang='lat' dir='ltr'><strong>expensarumqueﬂdetri-</strong></span> 
     </span>
    </p>
   </div>
   <div class='ocr_carea' id='block_1_95' title="bbox 2113 4424 3689 4492">
    <p class='ocr_par' dir='ltr' id='par_1_95' title="bbox 2113 4424 3689 4492">
     <span class='ocr_line' id='line_1_95' title="bbox 2113 4424 3689 4492; baseline -0.001 -13"><span class='ocrx_word' id='word_1_670' title='bbox 2113 4436 2295 4482; x_wconf 89' lang='lat' dir='ltr'><strong>mento</strong></span> <span class='ocrx_word' id='word_1_671' title='bbox 2325 4427 2391 4481; x_wconf 89' lang='lat' dir='ltr'><strong>ad</strong></span> <span class='ocrx_word' id='word_1_672' title='bbox 2425 4428 2738 4481; x_wconf 89' lang='lat' dir='ltr'><strong>comitatum</strong></span> <span class='ocrx_word' id='word_1_673' title='bbox 2770 4435 3013 4479; x_wconf 88' lang='lat' dir='ltr'><strong>nostrum</strong></span> <span class='ocrx_word' id='word_1_674' title='bbox 3047 4424 3231 4480; x_wconf 85' lang='lat' dir='ltr'><strong>venire</strong></span> <span class='ocrx_word' id='word_1_675' title='bbox 3260 4426 3453 4479; x_wconf 88' lang='lat' dir='ltr'><strong>audeat</strong></span> <span class='ocrx_word' id='word_1_676' title='bbox 3482 4424 3575 4478; x_wconf 90' lang='lat' dir='ltr'><strong>ille</strong></span> <span class='ocrx_word' id='word_1_677' title='bbox 3604 4426 3689 4492; x_wconf 90' lang='lat' dir='ltr'><strong>qui</strong></span> 
     </span>
    </p>
   </div>
   <div class='ocr_carea' id='block_1_96' title="bbox 2110 4492 3693 4567">
    <p class='ocr_par' dir='ltr' id='par_1_96' title="bbox 2110 4492 3693 4567">
     <span class='ocr_line' id='line_1_96' title="bbox 2110 4492 3693 4567; baseline -0.003 -16"><span class='ocrx_word' id='word_1_678' title='bbox 2110 4500 2385 4567; x_wconf 86' lang='lat' dir='ltr'><strong>queritur;</strong></span> <span class='ocrx_word' id='word_1_679' title='bbox 2427 4498 2511 4551; x_wconf 93' lang='lat' dir='ltr'><strong>cui</strong></span> <span class='ocrx_word' id='word_1_680' title='bbox 2551 4497 2649 4550; x_wconf 90' lang='lat' dir='ltr'><strong>sub</strong></span> <span class='ocrx_word' id='word_1_681' title='bbox 2676 4496 2866 4549; x_wconf 87' lang='lat' dir='ltr'><strong>durum</strong></span> <span class='ocrx_word' id='word_1_682' title='bbox 2894 4495 3165 4567; x_wconf 72' lang='lat' dir='ltr'><strong>patientia:</strong></span> <span class='ocrx_word' id='word_1_683' title='bbox 3200 4496 3456 4567; x_wconf 86' lang='lat' dir='ltr'><strong>gemitum</strong></span> <span class='ocrx_word' id='word_1_684' title='bbox 3499 4492 3693 4547; x_wconf 87' lang='lat' dir='ltr'><strong>tolera-</strong></span> 
     </span>
    </p>
   </div>
   <div class='ocr_carea' id='block_1_97' title="bbox 417 4554 3690 4635">
    <p class='ocr_par' dir='ltr' id='par_1_97' title="bbox 417 4554 3690 4635">
     <span class='ocr_line' id='line_1_97' title="bbox 417 4554 3690 4635; baseline 0.004 -30"><span class='ocrx_word' id='word_1_685' title='bbox 417 4568 483 4635; x_wconf 54' lang='grc' dir='ltr'><strong>εξ</strong></span> <span class='ocrx_word' id='word_1_686' title='bbox 512 4554 891 4635; x_wconf 66' lang='lat' dir='ltr'><strong>constitutione</strong></span> <span class='ocrx_word' id='word_1_687' title='bbox 920 4557 1141 4626; x_wconf 85' lang='lat' dir='ltr'><strong>Augusti</strong></span> <span class='ocrx_word' id='word_1_688' title='bbox 1166 4560 1278 4628; x_wconf 88' lang='lat' dir='ltr'><strong>jam</strong></span> <span class='ocrx_word' id='word_1_689' title='bbox 1309 4563 1376 4616; x_wconf 88' lang='lat' dir='ltr'><strong>ab</strong></span> <span class='ocrx_word' id='word_1_690' title='bbox 1416 4562 1569 4619; x_wconf 89' lang='lat' dir='ltr'><strong>initio</strong></span> <span class='ocrx_word' id='word_1_691' title='bbox 1597 4554 1999 4633; x_wconf 84' lang='lat' dir='ltr'><strong>proconsulum.</strong></span> <span class='ocrx_word' id='word_1_692' title='bbox 2032 4572 2085 4631; x_wconf 81' lang='grc' dir='ltr'><strong>ι)</strong></span> <span class='ocrx_word' id='word_1_693' title='bbox 2112 4554 2271 4623; x_wconf 79' lang='lat' dir='ltr'><strong>bilior</strong></span> <span class='ocrx_word' id='word_1_694' title='bbox 2301 4554 2511 4621; x_wconf 88' lang='lat' dir='ltr'><strong>videtur</strong></span> <span class='ocrx_word' id='word_1_695' title='bbox 2538 4567 2865 4635; x_wconf 72' lang='lat' dir='ltr'><strong>deprtcdatio</strong></span> <span class='ocrx_word' id='word_1_696' title='bbox 2892 4554 3356 4633; x_wconf 69' lang='lat' dir='ltr'><strong>smvientis,quatn</strong></span> <span class='ocrx_word' id='word_1_697' title='bbox 3380 4565 3480 4619; x_wconf 92' lang='lat' dir='ltr'><strong>sub</strong></span> <span class='ocrx_word' id='word_1_698' title='bbox 3502 4577 3690 4635; x_wconf 84' lang='lat' dir='ltr'><strong>magno</strong></span> 
     </span>
    </p>
   </div>
   <div class='ocr_carea' id='block_1_98' title="bbox 418 4622 1026 4688">
    <p class='ocr_par' dir='ltr' id='par_1_98' title="bbox 418 4622 1026 4688">
     <span class='ocr_line' id='line_1_98' title="bbox 418 4622 1026 4688; baseline 0.007 -13"><span class='ocrx_word' id='word_1_699' title='bbox 418 4622 540 4688; x_wconf 88' lang='lat' dir='ltr'><strong>Dio,</strong></span> <span class='ocrx_word' id='word_1_700' title='bbox 572 4623 663 4675; x_wconf 92' lang='lat' dir='ltr'><strong>lib.</strong></span> <span class='ocrx_word' id='word_1_701' title='bbox 697 4639 807 4677; x_wconf 81' lang='lat' dir='ltr'><strong>un.</strong></span> <span class='ocrx_word' id='word_1_702' title='bbox 839 4622 1026 4681; x_wconf 61' lang='lat' dir='ltr'><strong>BnossI</strong></span> 
     </span>
    </p>
   </div>
   <div class='ocr_carea' id='block_1_99' title="bbox 493 4691 2000 4776">
    <p class='ocr_par' dir='ltr' id='par_1_99' title="bbox 493 4691 2000 4776">
     <span class='ocr_line' id='line_1_99' title="bbox 493 4691 2000 4776; baseline 0.012 -33"><span class='ocrx_word' id='word_1_703' title='bbox 493 4703 515 4730; x_wconf 80' lang='grc' dir='ltr'><strong>ο</strong></span> <span class='ocrx_word' id='word_1_704' title='bbox 542 4691 751 4776; x_wconf 57' lang='lat' dir='ltr'><strong>Fratris</strong></span> <span class='ocrx_word' id='word_1_705' title='bbox 799 4710 995 4776; x_wconf 80' lang='lat' dir='ltr'><strong>nomen</strong></span> <span class='ocrx_word' id='word_1_706' title='bbox 1027 4698 1297 4776; x_wconf 60' lang='lat' dir='ltr'><strong>amicitigc</strong></span> <span class='ocrx_word' id='word_1_707' title='bbox 1335 4717 1498 4776; x_wconf 75' lang='lat' dir='ltr'><strong>causa</strong></span> <span class='ocrx_word' id='word_1_708' title='bbox 1542 4705 1799 4776; x_wconf 81' lang='lat' dir='ltr'><strong>positum,</strong></span> <span class='ocrx_word' id='word_1_709' title='bbox 1841 4705 2000 4776; x_wconf 87' lang='lat' dir='ltr'><strong>Sym-</strong></span> 
     </span>
    </p>
   </div>
   <div class='ocr_carea' id='block_1_100' title="bbox 416 4762 2001 4844">
    <p class='ocr_par' dir='ltr' id='par_1_100' title="bbox 416 4762 2001 4844">
     <span class='ocr_line' id='line_1_100' title="bbox 416 4762 2001 4844; baseline 0.011 -30"><span class='ocrx_word' id='word_1_710' title='bbox 416 4762 619 4825; x_wconf 87' lang='lat' dir='ltr'><strong>mach.,</strong></span> <span class='ocrx_word' id='word_1_711' title='bbox 652 4762 763 4844; x_wconf 41' lang='lat' dir='ltr'><strong>.lib.</strong></span> <span class='ocrx_word' id='word_1_712' title='bbox 793 4777 850 4844; x_wconf 3' lang='lat' dir='ltr'><strong>nu,</strong></span> <span class='ocrx_word' id='word_1_713' title='bbox 903 4766 1179 4844; x_wconf 72' lang='lat' dir='ltr'><strong>epist_._2l,</strong></span> <span class='ocrx_word' id='word_1_714' title='bbox 1228 4768 1320 4844; x_wconf 69' lang='lat'><strong>45,</strong></span> <span class='ocrx_word' id='word_1_715' title='bbox 1368 4772 1436 4844; x_wconf 73' lang='lat' dir='ltr'><strong>o7</strong></span> <span class='ocrx_word' id='word_1_716' title='bbox 1463 4762 1633 4844; x_wconf 73' lang='lat' dir='ltr'><strong>et7l.</strong></span> <span class='ocrx_word' id='word_1_717' title='bbox 1674 4762 2001 4844; x_wconf 72' lang='lat' dir='ltr'><strong>Non&#39;po&#39;test</strong></span> 
     </span>
    </p>
   </div>
   <div class='ocr_carea' id='block_1_101' title="bbox 417 4835 1994 4913">
    <p class='ocr_par' dir='ltr' id='par_1_101' title="bbox 417 4835 1994 4913">
     <span class='ocr_line' id='line_1_101' title="bbox 417 4835 1994 4913; baseline 0.01 -30"><span class='ocrx_word' id='word_1_718' title='bbox 417 4845 537 4913; x_wconf 65' lang='lat' dir='ltr'><strong>esse</strong></span> <span class='ocrx_word' id='word_1_719' title='bbox 559 4835 791 4913; x_wconf 72' lang='lat' dir='ltr'><strong>amicitia</strong></span> <span class='ocrx_word' id='word_1_720' title='bbox 810 4842 931 4913; x_wconf 85' lang='lat' dir='ltr'><strong>_tam</strong></span> <span class='ocrx_word' id='word_1_721' title='bbox 968 4835 1255 4913; x_wconf 61' lang='lat' dir='ltr'><strong>felixquzc</strong></span> <span class='ocrx_word' id='word_1_722' title='bbox 1299 4835 1539 4913; x_wconf 84' lang='lat' dir='ltr'><strong>imitetur</strong></span> <span class='ocrx_word' id='word_1_723' title='bbox 1582 4835 1994 4913; x_wconf 64' lang='lat' dir='ltr'><strong>fraternitatem.</strong></span> 
     </span>
    </p>
   </div>
   <div class='ocr_carea' id='block_1_102' title="bbox 417 4901 1995 4985">
    <p class='ocr_par' dir='ltr' id='par_1_102' title="bbox 417 4901 1995 4985">
     <span class='ocr_line' id='line_1_102' title="bbox 417 4901 1995 4985; baseline 0.009 -31"><span class='ocrx_word' id='word_1_724' title='bbox 417 4901 664 4985; x_wconf 48' lang='lat' dir='ltr'><strong>Quintil&quot;</strong></span> <span class='ocrx_word' id='word_1_725' title='bbox 691 4902 935 4985; x_wconf 45' lang='lat' dir='ltr'><strong>.declam:</strong></span> <span class='ocrx_word' id='word_1_726' title='bbox 967 4901 1253 4985; x_wconf 44' lang='grc' dir='ltr'><strong>ξὲικξῐὶηο</strong></span> <span class='ocrx_word' id='word_1_727' title='bbox 1280 4911 1492 4981; x_wconf 83' lang='lat' dir='ltr'><strong>Opinor,</strong></span> <span class='ocrx_word' id='word_1_728' title='bbox 1525 4912 1561 4985; x_wconf 76' lang='lat' dir='ltr'><strong>l.</strong></span> <span class='ocrx_word' id='word_1_729' title='bbox 1588 4911 1675 4985; x_wconf 78' lang='lat'><strong>58,</strong></span> <span class='ocrx_word' id='word_1_730' title='bbox 1710 4912 1902 4980; x_wconf 85' lang='lat' dir='ltr'><strong>Nemo,</strong></span> <span class='ocrx_word' id='word_1_731' title='bbox 1934 4915 1995 4970; x_wconf 91' lang='lat' dir='ltr'><strong>D.</strong></span> 
     </span>
    </p>
   </div>
   <div class='ocr_carea' id='block_1_103' title="bbox 416 4971 1995 5054">
    <p class='ocr_par' dir='ltr' id='par_1_103' title="bbox 416 4971 1995 5054">
     <span class='ocr_line' id='line_1_103' title="bbox 416 4971 1995 5054; baseline 0.01 -31"><span class='ocrx_word' id='word_1_732' title='bbox 416 4971 497 5024; x_wconf 82' lang='lat' dir='ltr'><strong>De</strong></span> <span class='ocrx_word' id='word_1_733' title='bbox 523 4972 654 5054; x_wconf 52' lang='lat' dir='ltr'><strong>(iter;</strong></span> <span class='ocrx_word' id='word_1_734' title='bbox 684 4973 874 5054; x_wconf 44' lang='lat' dir='ltr'><strong>iustitp</strong></span> <span class='ocrx_word' id='word_1_735' title='bbox 966 4974 1054 5054; x_wconf 63' lang='grc' dir='ltr'><strong>ϐξ,</strong></span> <span class='ocrx_word' id='word_1_736' title='bbox 1097 4971 1425 5054; x_wconf 54' lang='lat' dir='ltr'><strong>Verum_,&#39;pro</strong></span> <span class='ocrx_word' id='word_1_737' title='bbox 1448 4971 1602 5054; x_wconf 70' lang='lat' dir='ltr'><strong>socio</strong></span> <span class='ocrx_word' id='word_1_738' title='bbox 1627 4971 1716 5052; x_wconf 83' lang='lat' dir='ltr'><strong>jus</strong></span> <span class='ocrx_word' id='word_1_739' title='bbox 1738 4971 1995 5054; x_wconf 81' lang='lat' dir='ltr'><strong>quodam-</strong></span> 
     </span>
    </p>
   </div>
   <div class='ocr_carea' id='block_1_104' title="bbox 416 5042 1996 5124">
    <p class='ocr_par' dir='ltr' id='par_1_104' title="bbox 416 5042 1996 5124">
     <span class='ocr_line' id='line_1_104' title="bbox 416 5042 1996 5124; baseline 0.011 -29"><span class='ocrx_word' id='word_1_740' title='bbox 416 5042 601 5124; x_wconf 75' lang='lat' dir='ltr'><strong>modo</strong></span> <span class='ocrx_word' id='word_1_741' title='bbox 628 5042 978 5124; x_wconf 74' lang='lat' dir='ltr'><strong>fraternitatis</strong></span> <span class='ocrx_word' id='word_1_742' title='bbox 1004 5047 1058 5101; x_wconf 89' lang='lat' dir='ltr'><strong>in</strong></span> <span class='ocrx_word' id='word_1_743' title='bbox 1098 5064 1164 5124; x_wconf 75' lang='lat' dir='ltr'><strong>se</strong></span> <span class='ocrx_word' id='word_1_744' title='bbox 1211 5042 1391 5124; x_wconf 80' lang='lat' dir='ltr'><strong>habet.</strong></span> <span class='ocrx_word' id='word_1_745' title='bbox 1446 5050 1550 5124; x_wconf 82' lang='lat' dir='ltr'><strong>Eos</strong></span> <span class='ocrx_word' id='word_1_746' title='bbox 1578 5042 1793 5123; x_wconf 74' lang='lat' dir='ltr'><strong>quoque</strong></span> <span class='ocrx_word' id='word_1_747' title='bbox 1821 5055 1907 5124; x_wconf 71' lang='lat' dir='ltr'><strong>qui</strong></span> <span class='ocrx_word' id='word_1_748' title='bbox 1942 5056 1996 5113; x_wconf 83' lang='lat' dir='ltr'><strong>in</strong></span> 
     </span>
    </p>
   </div>
   <div class='ocr_carea' id='block_1_105' title="bbox 413 5119 1992 5193">
    <p class='ocr_par' dir='ltr' id='par_1_105' title="bbox 413 5119 1992 5193">
     <span class='ocr_line' id='line_1_105' title="bbox 413 5119 1992 5193; baseline 0.009 -27"><span class='ocrx_word' id='word_1_749' title='bbox 413 5119 729 5193; x_wconf 75' lang='lat' dir='ltr'><strong>magistratu</strong></span> <span class='ocrx_word' id='word_1_750' title='bbox 759 5124 959 5193; x_wconf 79' lang='lat' dir='ltr'><strong>essent,</strong></span> <span class='ocrx_word' id='word_1_751' title='bbox 1007 5119 1209 5193; x_wconf 80' lang='lat' dir='ltr'><strong>amicos</strong></span> <span class='ocrx_word' id='word_1_752' title='bbox 1240 5135 1268 5171; x_wconf 91' lang='lat' dir='ltr'><strong>a</strong></span> <span class='ocrx_word' id='word_1_753' title='bbox 1298 5119 1627 5192; x_wconf 83' lang='lat' dir='ltr'><strong>principibus</strong></span> <span class='ocrx_word' id='word_1_754' title='bbox 1654 5119 1853 5193; x_wconf 73' lang='lat' dir='ltr'><strong>quibus</strong></span> <span class='ocrx_word' id='word_1_755' title='bbox 1877 5139 1992 5181; x_wconf 54' lang='lat' dir='ltr'><strong>mu</strong></span> 
     </span>
    </p>
   </div>
   <div class='ocr_carea' id='block_1_106' title="bbox 411 5182 1993 5253">
    <p class='ocr_par' dir='ltr' id='par_1_106' title="bbox 411 5182 1993 5253">
     <span class='ocr_line' id='line_1_106' title="bbox 411 5182 1993 5253; baseline 0.009 -18"><span class='ocrx_word' id='word_1_756' title='bbox 411 5182 628 5253; x_wconf 73' lang='lat' dir='ltr'><strong>rebant,</strong></span> <span class='ocrx_word' id='word_1_757' title='bbox 675 5185 821 5253; x_wconf 86' lang='lat' dir='ltr'><strong>quod</strong></span> <span class='ocrx_word' id='word_1_758' title='bbox 848 5193 904 5241; x_wconf 68' lang='lat' dir='ltr'><strong>&quot;et</strong></span> <span class='ocrx_word' id='word_1_759' title='bbox 937 5203 1077 5241; x_wconf 89' lang='lat' dir='ltr'><strong>nunc</strong></span> <span class='ocrx_word' id='word_1_760' title='bbox 1107 5189 1159 5241; x_wconf 89' lang='lat' dir='ltr'><strong>in</strong></span> <span class='ocrx_word' id='word_1_761' title='bbox 1193 5182 1421 5253; x_wconf 47' lang='lat' dir='ltr'><strong>usu—est,</strong></span> <span class='ocrx_word' id='word_1_762' title='bbox 1470 5182 1643 5249; x_wconf 77' lang='lat' dir='ltr'><strong>dictos</strong></span> <span class='ocrx_word' id='word_1_763' title='bbox 1672 5182 1993 5250; x_wconf 63' lang='lat' dir='ltr'><strong>&#39;observavt.</strong></span> 
     </span>
    </p>
   </div>
   <div class='ocr_carea' id='block_1_107' title="bbox 414 5252 1994 5339">
    <p class='ocr_par' dir='ltr' id='par_1_107' title="bbox 414 5252 1994 5339">
     <span class='ocr_line' id='line_1_107' title="bbox 414 5252 1994 5339; baseline 0.009 -34"><span class='ocrx_word' id='word_1_764' title='bbox 503 5256 555 5339; x_wconf 44' lang='grc'><strong>1.,</strong></span> <span class='ocrx_word' id='word_1_765' title='bbox 586 5254 655 5339; x_wconf 47' lang='grc'><strong>(3..</strong></span> <span class='ocrx_word' id='word_1_766' title='bbox 756 5259 982 5339; x_wconf 57' lang='grc' dir='ltr'><strong>ςηηρςὶρ.</strong></span> <span class='ocrx_word' id='word_1_767' title='bbox 1010 5259 1085 5339; x_wconf 71' lang='lat' dir='ltr'><strong>ita</strong></span> <span class='ocrx_word' id='word_1_768' title='bbox 1113 5259 1325 5339; x_wconf 27' lang='lat' dir='ltr'><strong>veluti.</strong></span> <span class='ocrx_word' id='word_1_769' title='bbox 1358 5252 1476 5325; x_wconf 87' lang='lat' dir='ltr'><strong>ult.,</strong></span> <span class='ocrx_word' id='word_1_770' title='bbox 1522 5264 1582 5339; x_wconf 30' lang='lat' dir='ltr'><strong>D‘.</strong></span> <span class='ocrx_word' id='word_1_771' title='bbox 1611 5263 1688 5339; x_wconf 87' lang='lat' dir='ltr'><strong>D_e</strong></span> <span class='ocrx_word' id='word_1_772' title='bbox 1705 5267 1827 5339; x_wconf 76' lang='lat' dir='ltr'><strong>9/f._</strong></span> <span class='ocrx_word' id='word_1_773' title='bbox 1842 5269 1994 5337; x_wconf 63' lang='lat' dir='ltr'><strong>praef.</strong></span> 
     </span>
    </p>
   </div>
   <div class='ocr_carea' id='block_1_108' title="bbox 410 5323 1995 5405">
    <p class='ocr_par' dir='ltr' id='par_1_108' title="bbox 410 5323 1995 5405">
     <span class='ocr_line' id='line_1_108' title="bbox 410 5323 1995 5405; baseline 0.007 -28"><span class='ocrx_word' id='word_1_774' title='bbox 410 5324 597 5405; x_wconf 60' lang='lat' dir='ltr'><strong>vigil.;_</strong></span> <span class='ocrx_word' id='word_1_775' title='bbox 642 5323 895 5405; x_wconf 63' lang='lat' dir='ltr'><strong>l_._li,__$i</strong></span> <span class='ocrx_word' id='word_1_776' title='bbox 922 5323 1128 5405; x_wconf 35' lang='lat' dir='ltr'><strong>inmite,</strong></span> <span class='ocrx_word' id='word_1_777' title='bbox 1156 5327 1218 5405; x_wconf 89' lang='lat' dir='ltr'><strong>C_.</strong></span> <span class='ocrx_word' id='word_1_778' title='bbox 1251 5330 1328 5383; x_wconf 88' lang='lat' dir='ltr'><strong>De</strong></span> <span class='ocrx_word' id='word_1_779' title='bbox 1357 5323 1517 5401; x_wconf 73' lang='lat' dir='ltr'><strong>nup.;</strong></span> <span class='ocrx_word' id='word_1_780' title='bbox 1560 5334 1597 5405; x_wconf 61' lang='grc' dir='ltr'><strong>Ιἶ</strong></span> <span class='ocrx_word' id='word_1_781' title='bbox 1625 5335 1675 5398; x_wconf 86' lang='grc'>1,</span> <span class='ocrx_word' id='word_1_782' title='bbox 1704 5323 1770 5405; x_wconf 55' lang='grc' dir='ltr'><strong>ΒἾ</strong></span> <span class='ocrx_word' id='word_1_783' title='bbox 1794 5323 1870 5389; x_wconf 67' lang='lat' dir='ltr'><strong>De</strong></span> <span class='ocrx_word' id='word_1_784' title='bbox 1896 5323 1995 5405; x_wconf 57' lang='lat' dir='ltr'><strong>ap&#39;-</strong></span> 
     </span>
    </p>
   </div>
   <div class='ocr_carea' id='block_1_109' title="bbox 412 5394 1997 5476">
    <p class='ocr_par' dir='ltr' id='par_1_109' title="bbox 412 5394 1997 5476">
     <span class='ocr_line' id='line_1_109' title="bbox 412 5394 1997 5476; baseline 0.01 -31"><span class='ocrx_word' id='word_1_785' title='bbox 412 5394 551 5476; x_wconf 52' lang='lat' dir='ltr'><strong>pel;</strong></span> <span class='ocrx_word' id='word_1_786' title='bbox 584 5395 734 5476; x_wconf 75' lang='lat' dir='ltr'><strong>l._i7,</strong></span> <span class='ocrx_word' id='word_1_787' title='bbox 776 5395 915 5463; x_wconf 84' lang='lat' dir='ltr'><strong>Divi,</strong></span> <span class='ocrx_word' id='word_1_788' title='bbox 939 5475 942 5476; x_wconf 13' lang='grc' dir='ltr'><em>ν</em></span> <span class='ocrx_word' id='word_1_789' title='bbox 966 5398 1028 5452; x_wconf 92' lang='lat' dir='ltr'><strong>D.</strong></span> <span class='ocrx_word' id='word_1_790' title='bbox 1064 5398 1142 5453; x_wconf 85' lang='lat' dir='ltr'><strong>De</strong></span> <span class='ocrx_word' id='word_1_791' title='bbox 1175 5401 1301 5476; x_wconf 64' lang='lat' dir='ltr'><strong>jure</strong></span> <span class='ocrx_word' id='word_1_792' title='bbox 1324 5394 1530 5476; x_wconf 58' lang='lat' dir='ltr'><strong>putica.</strong></span> <span class='ocrx_word' id='word_1_793' title='bbox 1577 5394 1671 5460; x_wconf 27' lang='lat' dir='ltr'><strong>Sic.</strong></span> <span class='ocrx_word' id='word_1_794' title='bbox 1714 5394 1997 5476; x_wconf 80' lang='lat' dir='ltr'><strong>Ulpianum</strong></span> 
     </span>
    </p>
   </div>
   <div class='ocr_carea' id='block_1_110' title="bbox 412 5418 1999 5549">
    <p class='ocr_par' dir='ltr' id='par_1_110' title="bbox 412 5418 1999 5549">
     <span class='ocr_line' id='line_1_110' title="bbox 412 5418 1997 5476; baseline 0.01 -31"><span class='ocrx_word' id='word_1_795' title='bbox 412 5418 551 5463; x_wconf 73' lang='lat' dir='ltr'><strong>pct.,‘</strong></span> <span class='ocrx_word' id='word_1_796' title='bbox 584 5418 619 5449; x_wconf 91' lang='grc' dir='ltr'><strong>ι.</strong></span> <span class='ocrx_word' id='word_1_797' title='bbox 649 5418 734 5461; x_wconf 81' lang='lat' dir='ltr'><strong>1t,</strong></span> <span class='ocrx_word' id='word_1_798' title='bbox 776 5418 915 5463; x_wconf 83' lang='lat' dir='ltr'><strong>uwt,</strong></span> <span class='ocrx_word' id='word_1_799' title='bbox 966 5418 1028 5452; x_wconf 88' lang='grc' dir='ltr'><strong>υ.</strong></span> <span class='ocrx_word' id='word_1_800' title='bbox 1064 5418 1142 5453; x_wconf 85' lang='lat' dir='ltr'><strong>ue</strong></span> <span class='ocrx_word' id='word_1_801' title='bbox 1211 5418 1301 5454; x_wconf 85' lang='lat' dir='ltr'><strong>ure</strong></span> <span class='ocrx_word' id='word_1_802' title='bbox 1324 5418 1530 5469; x_wconf 83' lang='lat' dir='ltr'><strong>patron.</strong></span> <span class='ocrx_word' id='word_1_803' title='bbox 1577 5418 1666 5460; x_wconf 73' lang='grc' dir='ltr'><strong>διε</strong></span> <span class='ocrx_word' id='word_1_804' title='bbox 1717 5418 1997 5476; x_wconf 84' lang='lat' dir='ltr'><strong>Utptanum</strong></span> 
     </span>
     <span class='ocr_line' id='line_1_111' title="bbox 412 5418 1999 5549; baseline 0.01 -33"><span class='ocrx_word' id='word_1_805' title='bbox 412 5462 721 5549; x_wconf 66' lang='lat' dir='ltr'><strong>Alexander</strong></span> <span class='ocrx_word' id='word_1_806' title='bbox 746 5483 855 5549; x_wconf 75' lang='lat' dir='ltr'><strong>non</strong></span> <span class='ocrx_word' id='word_1_807' title='bbox 882 5475 1063 5549; x_wconf 56' lang='lat' dir='ltr'><strong>astate,</strong></span> <span class='ocrx_word' id='word_1_808' title='bbox 1089 5478 1147 5525; x_wconf 92' lang='lat' dir='ltr'><strong>ut</strong></span> <span class='ocrx_word' id='word_1_809' title='bbox 1168 5418 1529 5549; x_wconf 47' lang='lat' dir='ltr'><strong>(glossularius</strong></span> <span class='ocrx_word' id='word_1_810' title='bbox 1555 5483 1758 5549; x_wconf 82' lang='lat' dir='ltr'><strong>censet,</strong></span> <span class='ocrx_word' id='word_1_811' title='bbox 1781 5478 1880 5549; x_wconf 82' lang='lat' dir='ltr'><strong>sed</strong></span> <span class='ocrx_word' id='word_1_812' title='bbox 1908 5478 1999 5549; x_wconf 77' lang='lat' dir='ltr'><strong>ob-</strong></span> 
     </span>
    </p>
   </div>
   <div class='ocr_carea' id='block_1_111' title="bbox 410 5537 1991 5614">
    <p class='ocr_par' dir='ltr' id='par_1_111' title="bbox 410 5537 1991 5614">
     <span class='ocr_line' id='line_1_112' title="bbox 410 5537 1991 5614; baseline 0.009 -27"><span class='ocrx_word' id='word_1_813' title='bbox 410 5537 681 5614; x_wconf 47' lang='lat' dir='ltr'><strong>snervantia</strong></span> <span class='ocrx_word' id='word_1_814' title='bbox 710 5544 766 5614; x_wconf 81' lang='lat' dir='ltr'><strong>et</strong></span> <span class='ocrx_word' id='word_1_815' title='bbox 790 5537 1068 5608; x_wconf 87' lang='lat' dir='ltr'><strong>dignitate,</strong></span> <span class='ocrx_word' id='word_1_816' title='bbox 1110 5543 1360 5614; x_wconf 14' lang='lat' dir='ltr'><strong>amicum,</strong></span> <span class='ocrx_word' id='word_1_817' title='bbox 1386 5537 1752 5614; x_wconf 70' lang='lat' dir='ltr'><strong>nuncupavit,</strong></span> <span class='ocrx_word' id='word_1_818' title='bbox 1778 5547 1815 5599; x_wconf 91' lang='lat' dir='ltr'><strong>l.</strong></span> <span class='ocrx_word' id='word_1_819' title='bbox 1847 5545 1899 5611; x_wconf 74' lang='grc'><strong>4,</strong></span> <span class='ocrx_word' id='word_1_820' title='bbox 1929 5546 1991 5602; x_wconf 89' lang='lat' dir='ltr'><strong>C.</strong></span> 
     </span>
    </p>
   </div>
   <div class='ocr_carea' id='block_1_112' title="bbox 412 5602 1988 5685">
    <p class='ocr_par' dir='ltr' id='par_1_112' title="bbox 412 5602 1988 5685">
     <span class='ocr_line' id='line_1_113' title="bbox 412 5602 1988 5685; baseline 0.01 -28"><span class='ocrx_word' id='word_1_821' title='bbox 412 5602 496 5685; x_wconf 55' lang='grc' dir='ltr'><strong>ρο</strong></span> <span class='ocrx_word' id='word_1_822' title='bbox 522 5608 757 5660; x_wconf 83' lang='lat' dir='ltr'><strong>contrah.</strong></span> <span class='ocrx_word' id='word_1_823' title='bbox 788 5602 1250 5685; x_wconf 23' lang='lat' dir='ltr'><strong>etiamm-stipat.</strong></span> <span class='ocrx_word' id='word_1_824' title='bbox 1282 5612 1385 5685; x_wconf 75' lang='lat' dir='ltr'><strong>Jul.</strong></span> <span class='ocrx_word' id='word_1_825' title='bbox 1412 5602 1674 5681; x_wconf 56' lang='lat' dir='ltr'><strong>Firtqi&#39;cus</strong></span> <span class='ocrx_word' id='word_1_826' title='bbox 1698 5602 1988 5681; x_wconf 73' lang='lat' dir='ltr'><strong>Maternus,</strong></span> 
     </span>
    </p>
   </div>
   <div class='ocr_carea' id='block_1_113' title="bbox 412 5671 1990 5759">
    <p class='ocr_par' dir='ltr' id='par_1_113' title="bbox 412 5671 1990 5759">
     <span class='ocr_line' id='line_1_114' title="bbox 412 5671 1990 5759; baseline 0.01 -31"><span class='ocrx_word' id='word_1_827' title='bbox 542 5689 651 5739; x_wconf 89' lang='lat' dir='ltr'><strong>vtu,</strong></span> <span class='ocrx_word' id='word_1_828' title='bbox 675 5678 916 5759; x_wconf 35' lang='lat' dir='ltr'><strong>cap..2.7,</strong></span> <span class='ocrx_word' id='word_1_829' title='bbox 948 5671 1252 5759; x_wconf 56' lang='lat' dir='ltr'><strong>Mathes&#39;eos</strong></span> <span class='ocrx_word' id='word_1_830' title='bbox 1277 5700 1291 5759; x_wconf 74' lang='grc' dir='ltr'>ξ</span> <span class='ocrx_word' id='word_1_831' title='bbox 1317 5671 1486 5759; x_wconf 82' lang='lat' dir='ltr'><strong>_Eru_nt</strong></span> <span class='ocrx_word' id='word_1_832' title='bbox 1510 5671 1755 5741; x_wconf 69' lang='lat' dir='ltr'><strong>advocati</strong></span> <span class='ocrx_word' id='word_1_833' title='bbox 1802 5671 1990 5756; x_wconf 82' lang='lat' dir='ltr'><strong>optimi</strong></span> 
     </span>
    </p>
   </div>
   <div class='ocr_carea' id='block_1_114' title="bbox 412 5749 1988 5827">
    <p class='ocr_par' dir='ltr' id='par_1_114' title="bbox 412 5749 1988 5827">
     <span class='ocr_line' id='line_1_115' title="bbox 412 5749 1988 5827; baseline 0.01 -28"><span class='ocrx_word' id='word_1_834' title='bbox 412 5752 684 5827; x_wconf 54' lang='lat' dir='ltr'><strong>ett-eguit}</strong></span> <span class='ocrx_word' id='word_1_835' title='bbox 715 5749 890 5827; x_wconf 78' lang='lat' dir='ltr'><strong>amici.</strong></span> <span class='ocrx_word' id='word_1_836' title='bbox 948 5749 1064 5827; x_wconf 83' lang='lat' dir='ltr'><strong>Non</strong></span> <span class='ocrx_word' id='word_1_837' title='bbox 1094 5766 1248 5827; x_wconf 78' lang='lat' dir='ltr'><strong>secus</strong></span> <span class='ocrx_word' id='word_1_838' title='bbox 1277 5753 1365 5827; x_wconf 86' lang='lat' dir='ltr'><strong>hic</strong></span> <span class='ocrx_word' id='word_1_839' title='bbox 1405 5754 1570 5827; x_wconf 85' lang='lat' dir='ltr'><strong>frater</strong></span> <span class='ocrx_word' id='word_1_840' title='bbox 1615 5749 1869 5827; x_wconf 83' lang='lat' dir='ltr'><strong>principis</strong></span> <span class='ocrx_word' id='word_1_841' title='bbox 1898 5775 1988 5813; x_wconf 91' lang='lat' dir='ltr'><strong>su-</strong></span> 
     </span>
    </p>
   </div>
   <div class='ocr_carea' id='block_1_115' title="bbox 412 5816 1988 5897">
    <p class='ocr_par' dir='ltr' id='par_1_115' title="bbox 412 5816 1988 5897">
     <span class='ocr_line' id='line_1_116' title="bbox 412 5816 1988 5897; baseline 0.009 -24"><span class='ocrx_word' id='word_1_842' title='bbox 412 5816 598 5873; x_wconf 81' lang='lat' dir='ltr'><strong>mitur.</strong></span> <span class='ocrx_word' id='word_1_843' title='bbox 629 5816 739 5872; x_wconf 85' lang='lat' dir='ltr'><strong>Nec</strong></span> <span class='ocrx_word' id='word_1_844' title='bbox 767 5819 911 5874; x_wconf 90' lang='lat' dir='ltr'><strong>enim</strong></span> <span class='ocrx_word' id='word_1_845' title='bbox 936 5820 1197 5893; x_wconf 86' lang='lat' dir='ltr'><strong>epistolis,</strong></span> <span class='ocrx_word' id='word_1_846' title='bbox 1225 5824 1585 5897; x_wconf 87' lang='lat' dir='ltr'><strong>cautionibus,</strong></span> <span class='ocrx_word' id='word_1_847' title='bbox 1608 5816 1988 5887; x_wconf 66' lang='lat' dir='ltr'><strong>testationibus</strong></span> 
     </span>
    </p>
   </div>
   <div class='ocr_carea' id='block_1_116' title="bbox 2108 4634 3688 4705">
    <p class='ocr_par' dir='ltr' id='par_1_116' title="bbox 2108 4634 3688 4705">
     <span class='ocr_line' id='line_1_117' title="bbox 2108 4634 3688 4705; baseline -0.003 -14"><span class='ocrx_word' id='word_1_848' title='bbox 2108 4638 2501 4693; x_wconf 88' lang='lat' dir='ltr'><strong>observationis</strong></span> <span class='ocrx_word' id='word_1_849' title='bbox 2553 4634 2896 4691; x_wconf 87' lang='lat' dir='ltr'><strong>incommodo</strong></span> <span class='ocrx_word' id='word_1_850' title='bbox 2936 4635 3283 4690; x_wconf 88' lang='lat' dir='ltr'><strong>sustinendus</strong></span> <span class='ocrx_word' id='word_1_851' title='bbox 3345 4634 3688 4705; x_wconf 72' lang='lat' dir='ltr'><strong>impetranda:</strong></span> 
     </span>
    </p>
   </div>
   <div class='ocr_carea' id='block_1_117' title="bbox 2107 4705 3685 4768">
    <p class='ocr_par' dir='ltr' id='par_1_117' title="bbox 2107 4705 3685 4768">
     <span class='ocr_line' id='line_1_118' title="bbox 2107 4705 3685 4768; baseline -0.003 -5"><span class='ocrx_word' id='word_1_852' title='bbox 2107 4708 2325 4763; x_wconf 88' lang='lat' dir='ltr'><strong>ultionis</strong></span> <span class='ocrx_word' id='word_1_853' title='bbox 2351 4717 2591 4762; x_wconf 87' lang='lat' dir='ltr'><strong>eventus.</strong></span> <span class='ocrx_word' id='word_1_854' title='bbox 2635 4706 2700 4759; x_wconf 89' lang='lat' dir='ltr'><strong>Et</strong></span> <span class='ocrx_word' id='word_1_855' title='bbox 2739 4706 2873 4760; x_wconf 87' lang='lat' dir='ltr'><strong>infra</strong></span> <span class='ocrx_word' id='word_1_856' title='bbox 2905 4715 3091 4761; x_wconf 90' lang='lat' dir='ltr'><strong>noster</strong></span> <span class='ocrx_word' id='word_1_857' title='bbox 3118 4705 3449 4767; x_wconf 89' lang='lat' dir='ltr'><strong>Cassiodor.,</strong></span> <span class='ocrx_word' id='word_1_858' title='bbox 3493 4705 3586 4759; x_wconf 92' lang='lat' dir='ltr'><strong>lib.</strong></span> <span class='ocrx_word' id='word_1_859' title='bbox 3617 4721 3685 4768; x_wconf 80' lang='lat' dir='ltr'><strong>rx,</strong></span> 
     </span>
    </p>
   </div>
   <div class='ocr_carea' id='block_1_118' title="bbox 2105 4775 3683 4845">
    <p class='ocr_par' dir='ltr' id='par_1_118' title="bbox 2105 4775 3683 4845">
     <span class='ocr_line' id='line_1_119' title="bbox 2105 4775 3683 4845; baseline -0.003 -14"><span class='ocrx_word' id='word_1_860' title='bbox 2105 4779 2263 4844; x_wconf 91' lang='lat' dir='ltr'><strong>epist.</strong></span> <span class='ocrx_word' id='word_1_861' title='bbox 2294 4776 2383 4835; x_wconf 74' lang='lat'><strong>20.</strong></span> <span class='ocrx_word' id='word_1_862' title='bbox 2424 4777 2642 4841; x_wconf 83' lang='lat' dir='ltr'><strong>Justin.,</strong></span> <span class='ocrx_word' id='word_1_863' title='bbox 2683 4777 2879 4831; x_wconf 89' lang='lat' dir='ltr'><strong>novell.</strong></span> <span class='ocrx_word' id='word_1_864' title='bbox 2924 4776 3012 4844; x_wconf 86' lang='grc'><strong>17,</strong></span> <span class='ocrx_word' id='word_1_865' title='bbox 3051 4776 3119 4832; x_wconf 90' lang='lat' dir='ltr'><strong>de</strong></span> <span class='ocrx_word' id='word_1_866' title='bbox 3156 4777 3337 4830; x_wconf 90' lang='lat' dir='ltr'><strong>mand.</strong></span> <span class='ocrx_word' id='word_1_867' title='bbox 3375 4775 3627 4845; x_wconf 88' lang='lat' dir='ltr'><strong>princip.,</strong></span> <span class='ocrx_word' id='word_1_868' title='bbox 3659 4775 3683 4845; x_wconf 85' lang='lat'>§</span> 
     </span>
    </p>
   </div>
   <div class='ocr_carea' id='block_1_119' title="bbox 2104 4844 3685 4916">
    <p class='ocr_par' dir='ltr' id='par_1_119' title="bbox 2104 4844 3685 4916">
     <span class='ocr_line' id='line_1_120' title="bbox 2104 4844 3685 4916; baseline -0.003 -14"><span class='ocrx_word' id='word_1_869' title='bbox 2104 4848 2166 4902; x_wconf 85' lang='lat' dir='ltr'><strong>Si</strong></span> <span class='ocrx_word' id='word_1_870' title='bbox 2196 4847 2285 4901; x_wconf 84' lang='lat' dir='ltr'><strong>tibi</strong></span> <span class='ocrx_word' id='word_1_871' title='bbox 2312 4847 2634 4916; x_wconf 76' lang='lat' dir='ltr'><strong>:Prmcipue,</strong></span> <span class='ocrx_word' id='word_1_872' title='bbox 2670 4857 2727 4901; x_wconf 93' lang='lat' dir='ltr'><strong>ut</strong></span> <span class='ocrx_word' id='word_1_873' title='bbox 2757 4848 2875 4901; x_wconf 90' lang='lat' dir='ltr'><strong>lites</strong></span> <span class='ocrx_word' id='word_1_874' title='bbox 2904 4856 3105 4915; x_wconf 91' lang='lat' dir='ltr'><strong>quanta</strong></span> <span class='ocrx_word' id='word_1_875' title='bbox 3134 4844 3389 4914; x_wconf 87' lang='lat' dir='ltr'><strong>poterunt</strong></span> <span class='ocrx_word' id='word_1_876' title='bbox 3416 4844 3685 4900; x_wconf 89' lang='lat' dir='ltr'><strong>celeritate</strong></span> 
     </span>
    </p>
   </div>
   <div class='ocr_carea' id='block_1_120' title="bbox 2103 4916 3682 4980">
    <p class='ocr_par' dir='ltr' id='par_1_120' title="bbox 2103 4916 3682 4980">
     <span class='ocr_line' id='line_1_121' title="bbox 2103 4916 3682 4980; baseline -0.003 -8"><span class='ocrx_word' id='word_1_877' title='bbox 2103 4917 2383 4972; x_wconf 89' lang='lat' dir='ltr'><strong>definiant.</strong></span> <span class='ocrx_word' id='word_1_878' title='bbox 2426 4917 2718 4980; x_wconf 87' lang='lat' dir='ltr'><strong>Valentin.,</strong></span> <span class='ocrx_word' id='word_1_879' title='bbox 2762 4917 2958 4972; x_wconf 76' lang='lat' dir='ltr'><strong>novell.</strong></span> <span class='ocrx_word' id='word_1_880' title='bbox 2990 4916 3023 4969; x_wconf 75' lang='grc'><strong>4</strong></span> <span class='ocrx_word' id='word_1_881' title='bbox 3056 4935 3069 4970; x_wconf 92' lang='lat'><strong>:</strong></span> <span class='ocrx_word' id='word_1_882' title='bbox 3101 4917 3393 4972; x_wconf 89' lang='lat' dir='ltr'><strong>Providere</strong></span> <span class='ocrx_word' id='word_1_883' title='bbox 3429 4916 3583 4970; x_wconf 89' lang='lat' dir='ltr'><strong>decet</strong></span> <span class='ocrx_word' id='word_1_884' title='bbox 3620 4930 3682 4967; x_wconf 88' lang='lat' dir='ltr'><strong>ne</strong></span> 
     </span>
    </p>
   </div>
   <div class='ocr_carea' id='block_1_121' title="bbox 2103 4985 3681 5057">
    <p class='ocr_par' dir='ltr' id='par_1_121' title="bbox 2103 4985 3681 5057">
     <span class='ocr_line' id='line_1_122' title="bbox 2103 4985 3681 5057; baseline -0.003 -15"><span class='ocrx_word' id='word_1_885' title='bbox 2103 4988 2463 5057; x_wconf 88' lang='lat' dir='ltr'><strong>provinciales</strong></span> <span class='ocrx_word' id='word_1_886' title='bbox 2504 4996 2691 5044; x_wconf 91' lang='lat' dir='ltr'><strong>tenues</strong></span> <span class='ocrx_word' id='word_1_887' title='bbox 2725 4987 2973 5042; x_wconf 90' lang='lat' dir='ltr'><strong>homines</strong></span> <span class='ocrx_word' id='word_1_888' title='bbox 3009 4987 3307 5042; x_wconf 87' lang='lat' dir='ltr'><strong>defensoris</strong></span> <span class='ocrx_word' id='word_1_889' title='bbox 3346 4987 3527 5055; x_wconf 89' lang='lat' dir='ltr'><strong>inopia</strong></span> <span class='ocrx_word' id='word_1_890' title='bbox 3554 5023 3570 5050; x_wconf 91' lang='lat'><strong>,</strong></span> <span class='ocrx_word' id='word_1_891' title='bbox 3622 4985 3681 5038; x_wconf 90' lang='lat' dir='ltr'><strong>ad</strong></span> 
     </span>
    </p>
   </div>
   <div class='ocr_carea' id='block_1_122' title="bbox 2099 5058 3677 5127">
    <p class='ocr_par' dir='ltr' id='par_1_122' title="bbox 2099 5058 3677 5127">
     <span class='ocr_line' id='line_1_123' title="bbox 2099 5058 3677 5127; baseline -0.003 -15"><span class='ocrx_word' id='word_1_892' title='bbox 2099 5058 2421 5126; x_wconf 89' lang='lat' dir='ltr'><strong>requirenda</strong></span> <span class='ocrx_word' id='word_1_893' title='bbox 2473 5058 2738 5112; x_wconf 87' lang='lat' dir='ltr'><strong>auditoria</strong></span> <span class='ocrx_word' id='word_1_894' title='bbox 2801 5066 3116 5127; x_wconf 88' lang='lat' dir='ltr'><strong>sumptuose</strong></span> <span class='ocrx_word' id='word_1_895' title='bbox 3168 5058 3353 5112; x_wconf 85' lang='lat' dir='ltr'><strong>venire</strong></span> <span class='ocrx_word' id='word_1_896' title='bbox 3404 5063 3677 5127; x_wconf 85' lang='lat' dir='ltr'><strong>cogantur.</strong></span> 
     </span>
    </p>
   </div>
   <div class='ocr_carea' id='block_1_123' title="bbox 2098 5124 3681 5183">
    <p class='ocr_par' dir='ltr' id='par_1_123' title="bbox 2098 5124 3681 5183">
     <span class='ocr_line' id='line_1_124' title="bbox 2098 5124 3681 5183; baseline -0.003 -1"><span class='ocrx_word' id='word_1_897' title='bbox 2098 5124 2307 5182; x_wconf 81' lang='lat' dir='ltr'><strong>Novell.</strong></span> <span class='ocrx_word' id='word_1_898' title='bbox 2377 5127 2633 5183; x_wconf 82' lang='lat' dir='ltr'><strong>Marcian.</strong></span> <span class='ocrx_word' id='word_1_899' title='bbox 2677 5128 2701 5180; x_wconf 88' lang='grc'><strong>1</strong></span> <span class='ocrx_word' id='word_1_900' title='bbox 2747 5124 2968 5183; x_wconf 82' lang='lat' dir='ltr'><strong>cavetur</strong></span> <span class='ocrx_word' id='word_1_901' title='bbox 3014 5128 3285 5182; x_wconf 88' lang='lat' dir='ltr'><strong>neminem</strong></span> <span class='ocrx_word' id='word_1_902' title='bbox 3323 5124 3565 5181; x_wconf 84' lang='lat' dir='ltr'><strong>exhiberi</strong></span> <span class='ocrx_word' id='word_1_903' title='bbox 3620 5124 3681 5178; x_wconf 87' lang='lat' dir='ltr'><strong>de</strong></span> 
     </span>
    </p>
   </div>
   <div class='ocr_carea' id='block_1_124' title="bbox 2101 5195 3674 5267">
    <p class='ocr_par' dir='ltr' id='par_1_124' title="bbox 2101 5195 3674 5267">
     <span class='ocr_line' id='line_1_125' title="bbox 2101 5195 3674 5267; baseline -0.003 -16"><span class='ocrx_word' id='word_1_904' title='bbox 2101 5199 2377 5267; x_wconf 85' lang='lat' dir='ltr'><strong>provincia</strong></span> <span class='ocrx_word' id='word_1_905' title='bbox 2406 5199 2471 5253; x_wconf 92' lang='lat' dir='ltr'><strong>ad</strong></span> <span class='ocrx_word' id='word_1_906' title='bbox 2502 5199 2848 5259; x_wconf 89' lang='lat' dir='ltr'><strong>comitatum,</strong></span> <span class='ocrx_word' id='word_1_907' title='bbox 2890 5199 2990 5252; x_wconf 91' lang='lat' dir='ltr'><strong>nisi</strong></span> <span class='ocrx_word' id='word_1_908' title='bbox 3020 5198 3085 5251; x_wconf 91' lang='lat' dir='ltr'><strong>ad</strong></span> <span class='ocrx_word' id='word_1_909' title='bbox 3118 5198 3436 5252; x_wconf 89' lang='lat' dir='ltr'><strong>relationem</strong></span> <span class='ocrx_word' id='word_1_910' title='bbox 3472 5195 3674 5267; x_wconf 72' lang='lat' dir='ltr'><strong>iudicis,</strong></span> 
     </span>
    </p>
   </div>
   <div class='ocr_carea' id='block_1_125' title="bbox 2101 5264 3678 5338">
    <p class='ocr_par' dir='ltr' id='par_1_125' title="bbox 2101 5264 3678 5338">
     <span class='ocr_line' id='line_1_126' title="bbox 2101 5264 3678 5338; baseline -0.003 -15"><span class='ocrx_word' id='word_1_911' title='bbox 2101 5264 2131 5323; x_wconf 70' lang='grc' dir='ltr'><strong>ξι</strong></span> <span class='ocrx_word' id='word_1_912' title='bbox 2158 5285 2267 5338; x_wconf 84' lang='lat' dir='ltr'><strong>quo</strong></span> <span class='ocrx_word' id='word_1_913' title='bbox 2293 5268 2451 5323; x_wconf 85' lang='lat' dir='ltr'><strong>fuerit</strong></span> <span class='ocrx_word' id='word_1_914' title='bbox 2478 5269 2804 5338; x_wconf 88' lang='lat' dir='ltr'><strong>appellatum</strong></span> <span class='ocrx_word' id='word_1_915' title='bbox 2833 5268 3129 5333; x_wconf 85' lang='lat' dir='ltr'><strong>:Occurrit,</strong></span> <span class='ocrx_word' id='word_1_916' title='bbox 3163 5270 3355 5337; x_wconf 87' lang='lat' dir='ltr'><strong>inquit,</strong></span> <span class='ocrx_word' id='word_1_917' title='bbox 3381 5265 3531 5336; x_wconf 86' lang='lat' dir='ltr'><strong>quod</strong></span> <span class='ocrx_word' id='word_1_918' title='bbox 3551 5264 3678 5319; x_wconf 89' lang='lat' dir='ltr'><strong>duro</strong></span> 
     </span>
    </p>
   </div>
   <div class='ocr_carea' id='block_1_126' title="bbox 2102 5338 3677 5410">
    <p class='ocr_par' dir='ltr' id='par_1_126' title="bbox 2102 5338 3677 5410">
     <span class='ocr_line' id='line_1_127' title="bbox 2102 5338 3677 5410; baseline -0.004 -16"><span class='ocrx_word' id='word_1_919' title='bbox 2102 5341 2310 5409; x_wconf 90' lang='lat' dir='ltr'><strong>possint</strong></span> <span class='ocrx_word' id='word_1_920' title='bbox 2338 5341 2480 5408; x_wconf 89' lang='lat' dir='ltr'><strong>longi</strong></span> <span class='ocrx_word' id='word_1_921' title='bbox 2511 5340 2767 5410; x_wconf 91' lang='lat' dir='ltr'><strong>temporis</strong></span> <span class='ocrx_word' id='word_1_922' title='bbox 2797 5338 3100 5410; x_wconf 84' lang='lat' dir='ltr'><strong>intervallo.</strong></span> <span class='ocrx_word' id='word_1_923' title='bbox 3127 5347 3183 5393; x_wconf 92' lang='lat' dir='ltr'><strong>et</strong></span> <span class='ocrx_word' id='word_1_924' title='bbox 3208 5338 3521 5410; x_wconf 84' lang='lat' dir='ltr'><strong>enormibus</strong></span> <span class='ocrx_word' id='word_1_925' title='bbox 3549 5349 3677 5410; x_wconf 83' lang='lat' dir='ltr'><strong>sum-</strong></span> 
     </span>
    </p>
   </div>
   <div class='ocr_carea' id='block_1_127' title="bbox 2106 5405 3673 5479">
    <p class='ocr_par' dir='ltr' id='par_1_127' title="bbox 2106 5405 3673 5479">
     <span class='ocr_line' id='line_1_128' title="bbox 2106 5405 3673 5479; baseline -0.004 -16"><span class='ocrx_word' id='word_1_926' title='bbox 2106 5405 2287 5478; x_wconf 84' lang='lat' dir='ltr'><strong>ptibus</strong></span> <span class='ocrx_word' id='word_1_927' title='bbox 2307 5405 2544 5479; x_wconf 82' lang='lat' dir='ltr'><strong>legitimo</strong></span> <span class='ocrx_word' id='word_1_928' title='bbox 2564 5405 2784 5477; x_wconf 80' lang='lat' dir='ltr'><strong>egentes</strong></span> <span class='ocrx_word' id='word_1_929' title='bbox 2809 5408 3010 5462; x_wconf 81' lang='lat' dir='ltr'><strong>auxilio</strong></span> <span class='ocrx_word' id='word_1_930' title='bbox 3039 5409 3289 5473; x_wconf 90' lang='lat' dir='ltr'><strong>liberari;</strong></span> <span class='ocrx_word' id='word_1_931' title='bbox 3320 5407 3513 5479; x_wconf 78' lang='lat' dir='ltr'><strong>videtis</strong></span> <span class='ocrx_word' id='word_1_932' title='bbox 3542 5405 3673 5460; x_wconf 91' lang='lat' dir='ltr'><strong>enim</strong></span> 
     </span>
    </p>
   </div>
   <div class='ocr_carea' id='block_1_128' title="bbox 2104 5477 3671 5548">
    <p class='ocr_par' dir='ltr' id='par_1_128' title="bbox 2104 5477 3671 5548">
     <span class='ocr_line' id='line_1_129' title="bbox 2104 5477 3671 5548; baseline -0.004 -16"><span class='ocrx_word' id='word_1_933' title='bbox 2104 5477 2316 5548; x_wconf 86' lang='lat' dir='ltr'><strong>agmina</strong></span> <span class='ocrx_word' id='word_1_934' title='bbox 2341 5477 2588 5546; x_wconf 49' lang='lat' dir='ltr'><strong>{videtis</strong></span> <span class='ocrx_word' id='word_1_935' title='bbox 2624 5488 2871 5535; x_wconf 89' lang='lat' dir='ltr'><strong>catervas</strong></span> <span class='ocrx_word' id='word_1_936' title='bbox 2908 5480 3215 5533; x_wconf 90' lang='lat' dir='ltr'><strong>adeuntium</strong></span> <span class='ocrx_word' id='word_1_937' title='bbox 3254 5477 3491 5532; x_wconf 84' lang='lat' dir='ltr'><strong>infinitas</strong></span> <span class='ocrx_word' id='word_1_938' title='bbox 3515 5516 3532 5541; x_wconf 95' lang='lat'><strong>,</strong></span> <span class='ocrx_word' id='word_1_939' title='bbox 3580 5491 3671 5548; x_wconf 82' lang='lat' dir='ltr'><strong>non</strong></span> 
     </span>
    </p>
   </div>
   <div class='ocr_carea' id='block_1_129' title="bbox 2102 5546 3673 5620">
    <p class='ocr_par' dir='ltr' id='par_1_129' title="bbox 2102 5546 3673 5620">
     <span class='ocr_line' id='line_1_130' title="bbox 2102 5546 3673 5620; baseline -0.005 -16"><span class='ocrx_word' id='word_1_940' title='bbox 2102 5546 2276 5605; x_wconf 82' lang='lat' dir='ltr'><strong>solum</strong></span> <span class='ocrx_word' id='word_1_941' title='bbox 2314 5567 2346 5605; x_wconf 88' lang='lat' dir='ltr'><strong>a</strong></span> <span class='ocrx_word' id='word_1_942' title='bbox 2386 5550 2624 5605; x_wconf 89' lang='lat' dir='ltr'><strong>finitimis</strong></span> <span class='ocrx_word' id='word_1_943' title='bbox 2662 5550 2977 5620; x_wconf 82' lang='lat' dir='ltr'><strong>provinciis,</strong></span> <span class='ocrx_word' id='word_1_944' title='bbox 3034 5564 3218 5603; x_wconf 92' lang='lat' dir='ltr'><strong>verum</strong></span> <span class='ocrx_word' id='word_1_945' title='bbox 3254 5556 3501 5620; x_wconf 78' lang='lat' dir='ltr'><strong>extremo</strong></span> <span class='ocrx_word' id='word_1_946' title='bbox 3541 5546 3673 5620; x_wconf 82' lang='lat' dir='ltr'><strong>orbis</strong></span> 
     </span>
    </p>
   </div>
   <div class='ocr_carea' id='block_1_130' title="bbox 2099 5615 3672 5684">
    <p class='ocr_par' dir='ltr' id='par_1_130' title="bbox 2099 5615 3672 5684">
     <span class='ocr_line' id='line_1_131' title="bbox 2099 5615 3672 5684; baseline -0.004 -11"><span class='ocrx_word' id='word_1_947' title='bbox 2099 5620 2269 5676; x_wconf 89' lang='lat' dir='ltr'><strong>limite</strong></span> <span class='ocrx_word' id='word_1_948' title='bbox 2318 5615 2692 5684; x_wconf 51' lang='lat' dir='ltr'><strong>confluentes]</strong></span> <span class='ocrx_word' id='word_1_949' title='bbox 2746 5627 2800 5673; x_wconf 93' lang='lat' dir='ltr'><strong>et</strong></span> <span class='ocrx_word' id='word_1_950' title='bbox 2845 5619 3126 5673; x_wconf 90' lang='lat' dir='ltr'><strong>adversum</strong></span> <span class='ocrx_word' id='word_1_951' title='bbox 3180 5633 3308 5673; x_wconf 91' lang='lat' dir='ltr'><strong>suos</strong></span> <span class='ocrx_word' id='word_1_952' title='bbox 3345 5615 3672 5672; x_wconf 84' lang='lat' dir='ltr'><strong>adversarios</strong></span> 
     </span>
    </p>
   </div>
   <div class='ocr_carea' id='block_1_131' title="bbox 2098 5686 3669 5764">
    <p class='ocr_par' dir='ltr' id='par_1_131' title="bbox 2098 5686 3669 5764">
     <span class='ocr_line' id='line_1_132' title="bbox 2098 5686 3669 5764; baseline -0.006 -19"><span class='ocrx_word' id='word_1_953' title='bbox 2098 5702 2514 5764; x_wconf 82' lang='lat' dir='ltr'><strong>conquerentes.</strong></span> <span class='ocrx_word' id='word_1_954' title='bbox 2556 5690 2710 5764; x_wconf 86' lang='lat' dir='ltr'><strong>Quod</strong></span> <span class='ocrx_word' id='word_1_955' title='bbox 2749 5688 2992 5764; x_wconf 83' lang='lat' dir='ltr'><strong>profecto</strong></span> <span class='ocrx_word' id='word_1_956' title='bbox 3031 5689 3336 5764; x_wconf 74' lang='lat' dir='ltr'><strong>nullatenus</strong></span> <span class='ocrx_word' id='word_1_957' title='bbox 3373 5686 3669 5764; x_wconf 68' lang='lat' dir='ltr'><strong>accidisset,</strong></span> 
     </span>
    </p>
   </div>
   <div class='ocr_carea' id='block_1_132' title="bbox 2094 5756 3671 5887">
    <p class='ocr_par' dir='ltr' id='par_1_132' title="bbox 2094 5756 3671 5887">
     <span class='ocr_line' id='line_1_133' title="bbox 2094 5756 3671 5887; baseline -0.002 -72"><span class='ocrx_word' id='word_1_958' title='bbox 2094 5764 2139 5815; x_wconf 88' lang='lat' dir='ltr'><strong>si</strong></span> <span class='ocrx_word' id='word_1_959' title='bbox 2185 5756 2262 5887; x_wconf 77' lang='lat' dir='ltr'><strong>iriF</strong></span> <span class='ocrx_word' id='word_1_960' title='bbox 2270 5761 2404 5815; x_wconf 84' lang='lat' dir='ltr'><strong>locis</strong></span> <span class='ocrx_word' id='word_1_961' title='bbox 2442 5762 2719 5831; x_wconf 85' lang='lat' dir='ltr'><strong>integritas</strong></span> <span class='ocrx_word' id='word_1_962' title='bbox 2751 5756 2860 5815; x_wconf 55' lang='lat' dir='ltr'><strong>&#39;vel</strong></span> <span class='ocrx_word' id='word_1_963' title='bbox 2898 5760 3158 5816; x_wconf 78' lang='lat' dir='ltr'><strong>severitas</strong></span> <span class='ocrx_word' id='word_1_964' title='bbox 3189 5758 3432 5831; x_wconf 88' lang='lat' dir='ltr'><strong>judicum</strong></span> <span class='ocrx_word' id='word_1_965' title='bbox 3468 5756 3671 5813; x_wconf 77' lang='lat' dir='ltr'><strong>floruis-</strong></span> 
     </span>
     <span class='ocr_line' id='line_1_134' title="bbox 2094 5843 2388 5887; baseline -0.007 0"><span class='ocrx_word' id='word_1_966' title='bbox 2094 5843 2191 5887; x_wconf 75' lang='lat' dir='ltr'><strong>scL</strong></span> <span class='ocrx_word' id='word_1_967' title='bbox 2264 5847 2388 5886; x_wconf 74' lang='lat' dir='ltr'><strong>una.</strong></span> 
     </span>
    </p>
   </div>
   <div class='ocr_carea' id='block_1_133' title="bbox 2094 5843 2388 5887">
    <p class='ocr_par' dir='ltr' id='par_1_133' title="bbox 2094 5843 2388 5887">
     <span class='ocr_line' id='line_1_135' title="bbox 2094 5843 2388 5887; baseline -0.007 0"><span class='ocrx_word' id='word_1_968' title='bbox 2094 5843 2191 5887; x_wconf 87' lang='lat' dir='ltr'><strong>set.</strong></span> <span class='ocrx_word' id='word_1_969' title='bbox 2221 5843 2388 5887; x_wconf 76' lang='lat' dir='ltr'><strong>l‘OllN.</strong></span> 
     </span>
    </p>
   </div>
  </div>
