3958 6474
210 320 350 384 ’ἺΠΒ

1491 331 1860 391 ’νΑΒΙΑΒυΜ
1899 332 2103 389 LIBER
2141 333 2229 390 VII

3438 337 3542 394 706

223 441 434 524 omnia
463 445 546 502 sic
570 451 730 516 agere
756 445 962 513 nitaris,
988 438 1442 516 quémadmodum
1467 463 1568 504 nos
1594 449 1852 526 tibiprte-
1877 457 1924 511 Α
1952 447 2176 503 mereia.
2202 447 2434 503 Praestas
2461 449 2764 505 ementibus
2804 448 2872 504 de
2901 449 3074 520 pretio
3111 464 3242 519 suo;
3272 459 3328 506 et
3354 450 3543 520 gratia:

221 521 462 591 stitisse
486 538 791 605 cognoscis.
823 537 898 592 De
921 538 1181 607 proximis
1208 547 1334 592 vota
1363 521 1700 593 causantium
1727 553 1850 593 sus-

226 623 531 682 I'iuemus:
565 627 688 682 inde
737 636 918 684 autem
949 630 1092 683 ultro
1112 629 1453 699 requirimus,
1487 630 1626 684 unde
1654 629 1721 684 ad
1755 644 1854 685 nos

235 716 477 774 difﬁcile
509 719 679 774 veniri
720 735 878 789 posse
907 721 1187 776 sentimus.
1239 720 1419 776 Habes
1455 737 1574 791 qua:
1607 729 1657 775 te
1685 721 1851 776 deco-

227 825 368 865 rare
399 810 668 879 debeant,
695 812 738 866 si
772 821 827 866 tu
871 820 1049 866 tanien)
1080 812 1152 867 ibi
1197 811 1529 867 conscientia
1565 810 1853 866 defzecatus

232 898 568 956 adveneris.
617 901 844 956 Militum
895 903 990 956 tibi
1034 918 1290 958 numerus
1341 903 1537 957 nostris
1565 903 1732 957 servit
1757 917 1852 956 ex-

231 993 459 1062 pensis.
498 991 761 1047 Redderis
800 992 938 1047 inter
965 1008 1114 1047 arma
1143 993 1427 1062 geniatus:
1459 993 1732 1063 processio
1764 1002 1852 1047 tua

234 1083 644 1151 procinctualis
668 1093 890 1140 ornatus
910 1094 1012 1140 est.
1044 1083 1298 1140 Exercitu
1329 1085 1496 1139 uteris
1515 1092 1730 1154 pacato,
1754 1099 1854 1138 nec

234 1173 502 1241 pericula
529 1173 657 1228 belli
687 1174 864 1240 subis,
909 1181 965 1229 et
992 1189 1264 1229 armorum
1311 1189 1509 1244 pompa
1556 1174 1850 1229 decoraris.

235 1261 458 1317 Verum
511 1264 654 1318 inter
694 1264 810 1320 haec
855 1265 1064 1320 civilem
1109 1265 1289 1334 cogita
1334 1265 1694 1334 disciplinam.
1735 1265 1854 1320 Non

219 1351 548 1420 ,permittas
565 1351 774 1408 milites
799 1368 920 1408 esse
946 1354 1350 1423 possessoribus
1393 1355 1707 1410 insolentes.
1741 1354 1852 1408 An-

219 1459 429 1502 .nonas
459 1461 590 1501 suas
609 1447 712 1502 sub
732 1445 1114 1502 moderatione
1152 1448 1482 1518 percipiant;
1529 1448 1706 1503 causis
1745 1463 1854 1503 non

225 1536 596 1593 misceantur
641 1539 939 1594 extraneis.
999 1538 1106 1594 Pro
1160 1539 1451 1594 securitate
1505 1554 1565 1594 se
1611 1539 1854 1594 omnium

223 1641 556 1703 acognoscat
605 1633 859 1701 electum,
891 1635 990 1704 qui
1031 1650 1094 1690 se
1131 1634 1395 1703 gloriatur
1442 1634 1643 1688 habere
1679 1648 1856 1687 arma-

241 1734 392 1782 tum.
426 1723 718 1794 Privilegia
766 1723 1039 1792 dignitatis
1080 1731 1193 1778 tute
1219 1739 1320 1778 nec
1370 1723 1621 1778 volumus
1666 1723 1852 1788 minui,

1953 547 2058 594 tum
2083 539 2297 610 prolicit
2323 538 2469 608 quod
2492 540 2679 594 avidus
2709 550 2978 595 mercator
3002 542 3250 612 acquirit.
3268 541 3374 598 Sed
3403 543 3545 598 inter

1953 627 2354 698 Ittnc-pmclara
2383 628 2596 697 fastigia
2623 630 2885 698 optimum
2913 646 3034 686 esse
3081 633 3318 701 judicem
3363 634 3542 702 decet,

1952 721 2170 792 quando
2197 735 2258 776 se
2281 736 2390 775 non
2421 728 2602 796 potest
2631 721 2902 786 occulere,
2933 721 3024 789 qui
3051 722 3192 778 inter
3233 723 3546 792 frequentes

1951 813 2179 882 pepulos
2207 813 2551 880 cognoscitur
2573 811 2839 868 habitare.
2862 811 3085 868 Factum
3119 823 3266 869 tuum
3295 817 3398 871 erit
3425 831 3548 872 ser-

1953 921 2042 960 mo
2073 905 2324 969 civitatis,
2351 903 2477 958 dum
2507 918 2604 973 per
2628 917 2723 958 ora
2747 901 2914 957 fertur
2934 903 3117 974 pepuli
3141 905 3283 972 quod
3311 922 3342 959 a
3359 905 3548 976 judice

1953 996 2242 1064 contigerit
2270 996 2497 1050 actitari.
2533 993 2708 1049 [labet
2761 994 3022 1050 ultionem
3070 1011 3222 1050 suam
3270 997 3549 1052 hominum

1953 1087 2277 1156 frequentia,
2306 1087 2350 1141 si
2377 1086 2567 1155 loquar
2594 1085 2730 1158 [alii,
2764 1083 3073 1156 loquantur]
3117 1086 3372 1153 adversa;
3397 1095 3452 1141 et
3480 1087 3552 1141 de

1949 1176 2132 1246 judice
2155 1175 2414 1244 judicium
2446 1189 2565 1229 esse
2592 1173 2850 1240 creditur,
2897 1175 3042 1242 quod
3084 1175 3266 1229 multis
3292 1176 3552 1245 astipula-

1957 1268 2193 1322 tionibus
2221 1275 2562 1337 personatur.
2579 1264 2812 1330 'Contra,
2836 1266 2964 1334 quid
2993 1266 3184 1322 melius
3213 1281 3371 1338 quam
3401 1267 3554 1322 illum

1955 1359 2216 1429 populum
2246 1366 2457 1428 gratum
2509 1359 2798 1428 respicere,
2850 1360 2936 1414 cui
2978 1362 3322 1429 cognosceris
3368 1363 3556 1432 presi-

1953 1449 2124 1505 dere?
2170 1449 2338 1516 Quale
2379 1458 2463 1505 est
2509 1449 2708 1520 perfrui
2739 1448 2926 1505 favore
2968 1453 3280 1520 multorum,
3330 1460 3384 1509 et
3433 1454 3554 1508 illas

1956 1555 2120 1594 voces
2149 1539 2418 1608 accipere,
2463 1554 2597 1608 quas
2626 1548 2681 1594 et
2708 1538 3003 1594 clementes
3031 1540 3280 1597 dominos
3321 1542 3556 1598 delectat

1957 1631 2179 1687 audire?
2206 1631 2315 1687 Nos
2347 1631 2440 1686 tibi
2471 1629 2790 1700 proficiendi
2825 1631 3105 1686 materiam
3137 1631 3326 1688 damus
3355 1651 3374 1687 ς
3406 1642 3558 1688 tuum

1958 1726 2149 1782 estsic
2195 1738 2386 1794 agere,
2435 1732 2496 1779 ut
2533 1739 2630 1779 sua
2676 1722 2938 1780 beneficia
2982 1725 3280 1797 principem
3325 1726 3560 1784 delectet

229 1827 353 1869 nec
388 1813 652 1884 jubemus
689 1812 900 1869 excedi.
961 1810 1206 1868 Suﬂiciat
1255 1813 1347 1866 tibi
1399 1820 1606 1866 tantum
1643 1824 1853 1880 gerere,
1891 1827 1933 1886 Β
1960 1829 2177 1884 augere.

242 1910 527 1972 quantum
575 1902 890 1959 decessores
940 1910 1063 1960 tuos
1111 1901 1418 1958 constiterit
1466 1901 1855 1958 rationabiliter

229 1995 532 2052 -ell‘ecisse.

467 2168 652 2224 XXIII.
685 2185 934 2226 rerum“
961 2185 1232 2226 conm”:
1263 2186 1668 2227 summumst.

331 2296 492 2352 Inter
516 2306 712 2353 caztera
761 2298 1043 2354 vetustatis
1087 2298 1328 2364 inventa,
1381 2306 1438 2354 et
1485 2297 1857 2353 ordinatarum

249 2403 454 2444 rerum
482 2389 816 2460 obstupenda
861 2389 1149 2460 praeconia,
1203 2390 1310 2446 hoc
1358 2390 1567 2445 cunctis
1613 2389 1860 2445 laudibus

253 2487 510 2534 meretur
538 2480 736 2547 eﬂerri,
769 2481 915 2550 quod
964 2481 1296 2537 diversarum
1343 2481 1620 2537 civitatum
1663 2480 1859 2537 decora

243 2569 439 2625 facies
468 2571 607 2640 aptis
635 2570 1186 2628 administrationibus
1232 2573 1444 2628 videtur
1472 2573 1674 2638 ornari,
1723 2579 1782 2626 ut
1808 2579 1864 2626 et

258 2670 574 2718 conventus
603 2663 863 2718 nobilium
891 2665 1211 2727 occursione
1238 2664 1442 2720 celebri
1466 2664 1768 2734 colligatur,
1809 2670 1864 2717 et

243 2765 562 2807 causarum
610 2752 740 2809 nodi
782 2753 920 2823 juris
945 2753 1338 2823 disceptatione
1381 2755 1679 2809 solvantur.
1712 2753 1866 2809 Unde

245 2857 371 2898 «res
397 2857 617 2913 quoque
642 2860 749 2899 non
795 2845 1058 2900 minorem
1086 2845 1312 2913 gloriam
1354 2845 1553 2900 habere
1581 2845 1866 2916 cognosci-

251 2947 418 2996 .mur,
452 2934 544 3002 qui
574 2933 713 2990 facta
741 2942 988 2989 veterum
1014 2932 1206 2990 annuis
1253 2934 1685 2990 solemnitatibus
1713 2935 1868 2988 inno-

231 3035 488 3076 aramus.
512 3021 645 3076 Nam
673 3023 803 3092 quid
834 3022 1115 3092 prodesset
1141 3024 1438 3089 inventum,
1466 3024 1512 3079 si
1541 3038 1650 3078 non
1679 3021 1868 3078 fuisset

231 3111 475 3181 iugiter
503 3113 868 3168 custoditum?
910 3111 1124 3169 Exeunt
1163 3129 1194 3170 a
1224 3115 1379 3172 nobis
1407 3115 1694 3184 dignitates
1722 3115 1868 3170 relu-

1978 1926 2167 1984 XXIV.
2195 1944 2444 1985 ronunu
2474 1945 2774 1985 nononans
2801 1945 3200 1986 voss-assumens
3240 1946 3310 1986 ετ
3347 1945 3534 1986 cunu-

2320 2015 2470 2055 LIBUS
2498 2017 2760 2056 CIVITATIS
2783 2016 3193 2056 NEAPOLITANAE.

2029 2085 2251 2143 Tributa
2279 2089 2497 2158 quidem
2519 2090 2674 2145 nobis
2696 2105 2874 2145 annua
2901 2090 3190 2146 devotione
3219 2089 3556 2161 persolvitis:

1957 2176 2054 2232 sed
2082 2194 2182 2234 nos
2219 2178 2427 2249 majore
2453 2180 2822 2236 vicissitudine
2849 2180 3074 2235 decoras
3106 2181 3257 2236 vobis
3284 2180 3560 2236 reddimus

1959 2269 2264 2339 dignitates,
2318 2278 2377 2325 ut
2427 2286 2525 2326 vos
2556 2271 2624 2326 ab
2655 2271 3042 2326 incursantium
3091 2272 3353 2341 pravitate
3379 2269 3564 2325 defen—

1959 2361 2090 2415 dant
2129 2362 2224 2431 qui
2270 2362 2473 2417 nostris
2511 2361 2845 2432 jussionibus
2873 2360 3258 2418 obsecundant.
3308 2359 3424 2415 Erit
3459 2377 3563 2416 no-

1961 2460 2130 2510 strum
2158 2453 2412 2522 gaudium
2435 2462 2616 2510 vestra
2641 2455 2826 2525 quies:
2852 2470 3015 2510 suave
3041 2454 3268 2520 lucrum,
3297 2454 3340 2509 si
3365 2455 3566 2509 nescia-

1965 2543 2032 2597 tis
2087 2542 2511 2598 incommodum.
2568 2543 2757 2613 Degite
2804 2543 3046 2599 moribus
3097 2543 3452 2614 compositis,
3505 2551 3566 2597 ut

1964 2635 2156 2690 vivatis
2202 2633 2408 2702 legibus
2453 2634 2682 2689 feriatis.
2734 2633 2875 2701 Quid
2922 2650 3060 2705 opus
3109 2643 3192 2689 est
3237 2647 3566 2703 quemquam

1962 2726 2166 2793 facere,
2197 2726 2339 2780 unde
2379 2740 2567 2796 poenas
2592 2726 2764 2795 possit
2793 2725 3105 2781 incurrere?
3153 2725 3372 2791 Quaerat
3397 2723 3565 2793 jndcx

1967 2817 2021 2870 in
2051 2830 2148 2870 vos
2183 2830 2395 2880 causas,
2425 2823 2482 2870 et
2512 2831 2616 2870 non
2647 2815 2904 2870 inveniat.
2954 2815 3112 2870 Ratio
3154 2822 3332 2871 motus
3356 2823 3567 2870 vestros

1967 2916 2276 2978 componat,
2326 2909 2420 2978 qui
2467 2907 2760 2963 rationales
2785 2924 2882 2963 vos
2921 2922 3041 2963 esse
3070 2907 3413 2975 cognoscitis.
3461 2906 3568 2960 lm-

1966 3000 2149 3071 probis
2173 2999 2428 3069 judicem,
2451 3008 2647 3056 testem
2673 3000 2832 3056 bonis
2858 3000 3099 3055 moribus
3119 2998 3475 3064 destinamus,
3509 3006 3569 3052 ut

1969 3105 2131 3145 nemo
2167 3106 2226 3145 se
2253 3091 2372 3159 cogi
2403 3091 2622 3159 sentiat,
2668 3091 2771 3146 nisi
2799 3105 2962 3160 quem
2999 3090 3132 3144 ordo
3158 3089 3411 3160 legitimae
3435 3103 3571 3144 con-

245 3178 486 3270 --centes,
532 3204 684 3273 quasi
711 3219 742 3259 a
770 3205 887 3260 sole
931 3205 1066 3260 radii
1097 3206 1226 3279 [cd.,
1258 3221 1288 3260 a
1318 3206 1449 3261 solis
1464 3178 1680 3276 radiis],
1730 3214 1790 3259 ut
1818 3205 1871 3259 in
1899 3199 1943 3260 C
1975 3179 2295 3279 ξ’ῗνδδίξφηίδ
2340 3189 2580 3279 ³⁶ξ³¹ξ⁵³ίς
2615 3179 2980 3279 Αιίῐυίῗηίδθο,
3008 3179 3082 3279 illi
3126 3195 3227 3279 {‘05
3255 3178 3567 3279 comj‘ixam

243 3293 428 3348 —orbis
453 3295 622 3349 nostri
652 3305 807 3365 parte
836 3297 1177 3368 resplendeat
1195 3299 1463 3354 custodita
1488 3299 1717 3368 justitia.
1744 3297 1872 3355 Ideo

249 3386 426 3442 enim
459 3395 541 3441 tot
565 3388 1050 3444 emolumentorum
1081 3391 1362 3446 commoda
1393 3393 1645 3461 serimus,
1693 3401 1753 3448 ut
1780 3408 1872 3449 se-

243 3478 567 3532 —curitatem
607 3479 1015 3549 provincialium
1062 3480 1395 3550 colligamus.
1451 3482 1640 3538 Messis
1682 3492 1869 3538 nostra

270 3574 602 3624 cunctorum
630 3569 784 3637 quies
809 3577 912 3636 est,
945 3585 1104 3639 quam
1136 3587 1245 3625 non
1295 3587 1581 3640 possumus
1607 3574 1763 3627 aliter
1789 3589 1876 3628 re-

255 3659 516 3724 .cordari,
555 3660 711 3731 109
737 3661 839 3716 nisi
870 3670 928 3715 ut
955 3661 1181 3730 subjecti
1224 3678 1332 3716 non
1362 3663 1646 3717 videantur
1673 3664 1874 3733 aliquid

271 3750 727 3806 irrationabiliter
752 3751 1064 3822 perdidisse.
1113 3751 1184 3806 Et
1229 3753 1350 3808 ideo
1377 3753 1442 3808 ad
1486 3754 1790 3809 comitivam
1821 3763 1875 3810 te

271 3841 696 3912 Neapolitanam
741 3857 841 3912 per
877 3843 1020 3896 illam
1069 3842 1413 3899 indictionem
1446 3845 1676 3899 libenter
1703 3845 1875 3900 addu-

263 3933 484 4000 scimus,
511 3941 570 3988 ut
597 3933 773 3990 civilia
803 3935 1018 4004 negotia
1047 3951 1233 4005 mquus
1262 3938 1552 3993 trutinator
1579 3939 1873 4004 examines,

272 4031 601 4093 tantumque
629 4023 827 4080 famam
858 4034 1006 4080 tuam
1033 4025 1214 4080 habita
1249 4027 1562 4082 maturitate
1582 4027 1872 4092 custodias,
1907 4005 1922 4011 ’

275 4123 548 4182 quantum
601 4120 654 4168 te
701 4114 776 4168 illi
808 4115 1008 4184 pepulo
1049 4115 1135 4169 vel
1164 4116 1217 4169 in
1247 4115 1349 4168 levi
1381 4116 1537 4185 cnlpa
1586 4113 1742 4171 facile
1770 4115 1878 4170 dis-

273 4201 489 4272 plicere
517 4216 827 4272 cognoscas.
888 4203 1023 4258 Urbs
1066 4212 1256 4258 ornata
1285 4205 1625 4261 multitudine
1656 4205 1873 4270 civium,

274 4293 569 4349 abundans
619 4295 841 4351 marinis
885 4297 1222 4366 terrenisque
1250 4296 1474 4363 deliciis,
1525 4304 1584 4352 ut
1626 4296 1877 4352 dulcissi-

258 4399 422 4440 mam
456 4386 622 4439 vitam
652 4393 705 4440 te
733 4386 932 4441 ibidem
979 4387 1248 4444 invenisse
1294 4387 1580 4456 dijudices,
1626 4386 1672 4441 si
1717 4386 1880 4441 nullis

242 4474 735 4531 ‘amaritudinibus
779 4476 1078 4531 miscearis.
1128 4473 1387 4530 Prmtoria
1432 4482 1524 4529 tua
1566 4474 1742 4529 ollicia
1789 4489 1878 4530 re-

1977 3270 2342 3340 Neapolitantc
2371 3271 2605 3328 civitatis
2634 3286 2731 3342 Per
2773 3271 2916 3325 illam
2967 3270 3318 3326 indictionem
3359 3268 3571 3326 dedisse

1973 3359 2328 3427 declaramus,
2381 3369 2440 3416 ut
2467 3369 2651 3417 nostra
2678 3361 3066 3431 gubernatione
3110 3359 3378 3429 laudatus,
3427 3359 3568 3415 alte-

1973 3467 2090 3508 ram
2125 3458 2398 3506 mereatur
2435 3451 2502 3506 de
2536 3459 2725 3506 nostro
2751 3450 2954 3520 judicio
2983 3449 3320 3519 dignitatem.
3351 3446 3448 3503 Cui
3472 3463 3572 3503 vos

1979 3544 2237 3599 convenit
2258 3543 2549 3614 prudenter
2569 3543 2808 3609 obedire,
2839 3541 2965 3612 quia
2994 3551 3282 3609 utrumque
3302 3538 3573 3596 laudabile

1975 3642 2078 3701 est,
2129 3641 2190 3689 ut
2227 3634 2402 3690 bonus
2431 3634 2663 3704 populus
2701 3633 2937 3704 judicem
2965 3633 3257 3703 benignum
3299 3631 3486 3697 faciat,
3516 3638 3576 3686 et

1977 3733 2289 3780 mansuetus
2313 3725 2478 3794 judex
2509 3726 2872 3795 gratissimum
2904 3725 3164 3796 populum
3208 3724 3456 3794 aequabili
3484 3737 3573 3777 ra-

1980 3813 2125 3870 tione
2150 3822 2462 3885 componat.

2394 3926 2556 3984 XXV.
2591 3945 2836 3990 romwta
2869 3945 3156 3985 MILITIBUS.

2051 4015 2252 4074 Omnes
2290 4020 2657 4088 apparitiones
2707 4021 2866 4077 decet
2913 4021 3115 4075 habere
3155 4019 3366 4090 judices
3417 4034 3569 4074 suos.

1978 4107 2111 4162 Nam
2136 4111 2221 4164 cui
2252 4112 2445 4180 praesul
2469 4112 2739 4177 adimitur,
2769 4120 2827 4167 et
2851 4111 3038 4165 militia
3067 4111 3364 4179 denegatur
3399 4110 3568 4183 [Cor.,

1981 4199 2159 4267 Gam.,
2210 4202 2572 4272 apparitores.
2617 4202 2714 4258 Cui
2744 4202 2939 4272 praesul
2985 4201 3256 4266 adimitur,
3300 4210 3356 4257 et
3382 4201 3573 4258 militia

1979 4293 2320 4365 denegatur].
2345 4294 2457 4354 Sed,
2482 4311 2602 4358 nos,
2634 4296 2828 4364 quibus
2854 4293 3004 4350 cordi
3032 4301 3118 4350 est
3146 4293 3283 4349 locis
3309 4293 3420 4350 suis
3451 4294 3574 4350 uni-

1979 4399 2168 4440 versos
2195 4383 2413 4439 ordines
2441 4386 2756 4453 continere,
2800 4385 3098 4464 indicamus
3139 4384 3215 4440 illi
3258 4385 3573 4442 comitivam

1979 4473 2412 4543 Neapolitanam,
2468 4474 2578 4529 Deo
2599 4473 2841 4544 juvante,
2891 4475 3144 4544 largitos;
3196 4483 3258 4529 ut
3298 4474 3574 4544 judicibus

269 4566 456 4637 plent,
512 4565 740 4620 militum
787 4565 946 4620 turba
997 4565 1252 4620 custodit.
1308 4563 1555 4620 Considis
1604 4564 1876 4634 geniatum
1905 4584 1954 4642 υ
1982 4580 2158 4619 annua
2187 4565 2529 4621 successione
2569 4566 2852 4636 reparatis,
2897 4567 3051 4622 vobis
3098 4565 3416 4622 solemnitas
3464 4579 3573 4621 non

260 4655 432 4730 {Nil}.
481 4665 530 4710 et
566 4654 691 4726 6a.,
727 4655 1079 4728 gemmatum]
1122 4656 1387 4723 tribunal;
1438 4655 1532 4711 sed
1581 4665 1663 4712 tot
1712 4665 1878 4712 testes

265 4746 488 4818 pateris
515 4754 649 4815 quot
677 4754 731 4802 te
759 4747 972 4817 agmina
1003 4745 1339 4801 circumdare
1386 4745 1688 4814 cognoscis.
1737 4743 1879 4799 Prm-

275 4849 428 4895 terea
477 4839 656 4894 littora
709 4855 878 4909 usque
907 4838 974 4892 ad
1021 4837 1342 4908 praefinitum
1384 4837 1564 4893 locum
1606 4837 1730 4892 data
1755 4838 1874 4906 jus-

269 4927 435 4983 sione
461 4927 717 4984 custodis.
745 4927 872 4984 Tua:
902 4929 1164 4983 voluntati
1195 4936 1388 4998 parent
1415 4929 1700 4998 peregrina
1721 4941 1875 4983 com-

280 5047 1028 5072 —————————l——

1980 4664 2172 4728 pereat
2199 4656 2448 4710 actionis.
2479 4655 2822 4727 Quapropter
2855 4656 3138 4727 designato
3165 4657 3284 4713 viro
3323 4665 3574 4728 praestate

1979 4757 2352 4817 competenter
2380 4748 2717 4817 obsequium,
2740 4734 2829 4803 1n
2874 4749 3013 4805 sicut
3057 4765 3154 4805 vos
3193 4764 3300 4804 non
3337 4748 3576 4819 patimur

1981 4838 2471 4892 emolumentorum
2500 4839 2783 4894 commoda
2831 4840 3077 4910 perdere,
3129 4841 3200 4895 ita
3247 4848 3304 4896 et
3345 4854 3442 4894 vos
3473 4853 3573 4908 pa-

1980 4928 2136 4984 rendi
2161 4929 2402 4985 debeatis
2430 4930 2660 5000 priscam
2691 4931 2930 5001 regulam
2959 4931 3254 4988 custodire.

1405 5149 1757 5237 LIBER
1830 5151 2443 5235 SEPTIMUS.

483 5353 641 5424 110
667 5351 708 5406 I.
741 5352 765 5381 ⁸
789 5367 1035 5407 ιὀιιιωιλ
1066 5367 1334 5408 COHITIVE
1364 5366 1678 5407 rnovmcm.

357 5442 615 5510 Quamvis
661 5442 903 5498 wnium
945 5442 1264 5512 dignitatum
1312 5443 1491 5499 ofﬁcia
1529 5459 1562 5499 a
1587 5459 1752 5500 manu
1792 5459 1880 5502 se-

360 5608 387 5637 α
415 5597 476 5656 1η
505 5597 704 5669 Notitia
733 5599 942 5669 imperii
970 5599 1126 5654 Rom.
1159 5600 1504 5654 nominantur
1531 5614 1714 5655 comes
1741 5599 1879 5655 Afri-

293 5680 390 5743 c_a_o,
413 5670 574 5737 Asiae,
604 5668 1156 5743 Ponticze,1ltraci;e;
1189 5687 1371 5727 comes
1400 5671 1474 5743 rei
1505 5671 1749 5743 militaris
1777 5687 1875 5743 per

294 5735 612 5818 dig-vuum;
653 5735 1201 5818 comesTingingue;
1241 5757 1426 5799 comes
1466 5741 1662 5798 littoris
1701 5735 1874 5800 Saio-
1925 5779 1932 5786 ε

294 5809 425 5875 niui:
455 5825 637 5868 comes
663 5809 894 5880 Isauriae,
921 5809 1024 5868 etc.
1063 5811 1224 5869 Fons.

1981 5350 2265 5406 cludantur
2292 5355 2524 5414 armata,
2566 5355 2621 5404 et
2649 5353 2676 5395 ιι
2711 5347 2961 5405 civilibus
3008 5343 3246 5400 vestibus
3289 5342 3575 5401 videantur

1988 5439 2158 5496 induti
2191 5437 2279 5509 qui
2307 5438 2699 5495 districtionem
2730 5439 2998 5510 publicam
3036 5435 3300 5491 docentur
3335 5435 3574 5506 operari,

2055 5599 2083 5638 ι)
2115 5598 2497 5671 Prmscriptum
2527 5599 2627 5671 fuit
2648 5599 2884 5671 vestium
2913 5611 3102 5671 genus,
3131 5596 3225 5653 lib.
3256 5613 3328 5671 ιγ,
3363 5596 3445 5650 tit.
3471 5595 3568 5671 -lO,

1982 5670 2116 5726 Cod.
2160 5663 2390 5735 'I‘heodl,
2429 5670 2498 5725 de
2537 5669 2742 5731 habitu,
2783 5684 2890 5737 quo
2919 5663 3008 5722 *ιιῑὶ
3046 5674 3262 5738 oportet
3301 5663 3572 5738 intrailir-

1978 5743 2124 5806 bern,
2157 5741 2192 5794 l.
2229 5740 2254 5794 1
2293 5757 2305 5793 :
2337 5740 2524 5794 Nullus
2570 5747 2880 5792 senatorum
2929 5737 3168 5794 habitum
3197 5739 3298 5794 sibi
3338 5737 3572 5793 vindicet

1984 5812 2294 5877 limitarem.
2327 5809 2420 5867 scd
2460 5808 2801 5880 chlamydum
2845 5818 3050 5869 terrore
3079 5811 3347 5883 deposito,
3388 5809 3572 5897 quieta
