3958 6454
462 251 568 307 707

1733 250 1802 306 Μ.
1836 249 2108 306 AllRELll
2138 250 2534 310 CASSIODORI

3634 258 3768 320 Ἰσδ

458 371 552 419 tua
583 371 763 421 tamen
792 363 1019 434 dignitas
1040 378 1072 419 a
1101 360 1395 420 terroribus
1415 371 1655 429 ornatur,
1681 378 1799 435 quae
1826 372 1850 399 τι
1875 362 2054 433 gladio
2083 368 2133 427 Α
2158 380 2282 420 cere
2313 368 2482 436 possit
2531 367 2796 425 inimicus.
2850 369 2959 425 Nec
3004 376 3186 425 tamen
3229 386 3357 442 spes
3392 382 3574 428 vestra
3601 375 3769 432 velut

457 453 680 521 bellico,
725 455 886 510 rebus
928 454 1091 510 etiam
1139 454 1365 525 pacatis,
1418 454 1736 523 accingitur.
1782 454 1916 509 Vide
1944 467 2053 523 quo

456 548 660 617 judicio
689 549 850 605 fueris
878 557 1120 618 evectus,
1152 547 1370 619 quando
1399 549 1517 605 aliis
1547 550 1786 618 vigorem
1826 548 2054 604 fascium

456 638 734 694 videamus
761 654 881 695 esse
911 638 1198 705 creditum,
1252 639 1347 693 tibi
1377 646 1557 694 autem
1596 640 1664 693 ab
1693 638 1822 709 ipsis
1848 638 2059 707 legibus

457 724 657 782 ferrum
686 736 897 784 constet
925 742 1047 784 esse
1095 738 1425 799 porrectum.
1480 728 1615 783 Rem
1642 736 1921 784 cruentam
1949 726 2045 783 de-

459 817 659 879 derunt
685 820 867 876 animo
888 829 1103 890 pacato,
1134 828 1193 873 ut
1221 829 1275 875 et
1300 820 1447 875 noxii
1476 821 1700 875 nimium
1728 827 2051 886 metuerent,

458 917 515 966 ct
544 910 571 949 δ
603 910 713 965 laesi
743 909 812 965 de
844 918 1029 981 optata
1059 911 1265 967 ultione
1311 912 1630 981 gauderent.
1682 912 1896 981 Alioqui
1937 910 2055 965 cul-

459 1008 724 1070 parentur
748 1000 978 1071 priores,
1010 1002 1056 1055 si
1098 1009 1393 1071 temperata
1424 1003 1604 1057 omnia
1636 1017 1745 1056 non
1780 1000 2053 1055 fecissent.

459 1090 568 1145 Sed
596 1106 719 1147 cum
746 1100 800 1147 te
825 1092 1091 1162 intelligas
1119 1092 1186 1147 ad
1210 1092 1553 1148 moderamen
1583 1092 1834 1155 electum,
1862 1093 2054 1146 huma-

460 1198 589 1238 num
618 1181 776 1240 facile
816 1199 924 1239 non
953 1184 1307 1255 concupiscas
1334 1184 1579 1239 exitium.
1632 1182 1778 1239 Reus
1806 1182 1898 1251 qui
1930 1182 2057 1236 dici~

462 1284 570 1340 tur,
616 1281 672 1330 et
712 1275 991 1345 probetur.
1040 1274 1192 1330 Scito
1238 1275 1493 1345 puniendi
1541 1274 1837 1345 remedium
1867 1272 2053 1327 datum

460 1366 558 1422 tibi
588 1382 687 1438 pro
710 1367 885 1423 salute
914 1367 1222 1422 multorum.
1258 1367 1420 1421 Arma
1471 1368 1571 1422 ista
1600 1365 1739 1435 juris
1768 1373 1910 1429 sunt,
1945 1380 2053 1418 non

459 1458 677 1515 furoris.
711 1458 837 1515 Haec
863 1460 1155 1515 ostentatio
1202 1460 1449 1514 nimirum
1497 1468 1579 1515 est
1623 1468 1811 1514 contra
1862 1458 2054 1511 noxios

459 1549 727 1615 instituta,
772 1559 830 1603 ut
858 1550 977 1620 plus
1004 1559 1181 1605 terror
1212 1551 1447 1619 corrigat
1474 1566 1632 1618 quam
1664 1564 1823 1619 pmna
1853 1563 2049 1603 consu-

458 1650 591 1697 mat.
623 1641 742 1698 Non
792 1643 934 1697 enim
981 1644 1192 1711 cogitur
1240 1642 1383 1696 ferro
1430 1640 1707 1697 succidere
1751 1640 2046 1701 robustam,

2158 455 2449 513 fastiditate
2478 458 2773 527 deseritur;
2806 476 2929 515 nam
2971 461 3016 515 si
3058 462 3198 517 bene
3226 465 3631 535 provinciarum
3653 467 3770 523 ad.

2156 547 2642 604 ministrationibus
2665 550 2979 619 prrcsidetis,
3001 550 3235 607 honores
3264 569 3361 609 vos
3389 556 3767 625 amplissimos

2155 650 2377 707 sperare
2401 638 2549 707 leges
2589 640 2784 695 merito
2828 652 3177 721 censuerunt.
3209 641 3362 700 Unde
3395 644 3508 715 jam
3539 646 3769 707 videtur

2154 746 2295 803 pene
2322 730 2582 799 debitum,
2612 733 2756 803 quod
2791 734 2946 791 vobis
2975 751 3005 790 a
3034 744 3181 791 tanta
3232 741 3559 795 auctoritate
3610 741 3764 797 ultro

2158 824 2398 878 noscitur
2418 824 2581 880 fuisse
2610 826 2932 896 promissum
2968 825 3087 901 [Gn
3120 839 3168 883 et
3195 828 3336 901 Cuj.,
3372 831 3519 899 Con,
3551 830 3679 887 Nic.
3705 841 3763 888 α

2159 912 2335 983 Gam.,
2369 913 2688 989 provisum].
2792 904 2807 913 ’
3210 938 3217 946 ο

2558 1112 2622 1169 11.
2668 1128 2911 1170 renuunt
2960 1129 3315 1172 cammarus.

2227 1244 2524 1300 Prudenter
2564 1245 2889 1301 omnimodis
2928 1247 3161 1317 inspexit
3196 1248 3490 1319 antiquitas
3528 1253 3759 1321 provin-

2153 1339 2359 1394 ciarum
2387 1337 2678 1405 dignitates
2705 1354 2883 1393 annua
2909 1340 3252 1396 successione
3279 1344 3543 1413 reparari,
3575 1356 3638 1399 ut
3659 1362 3759 1401 nec

2151 1428 2357 1484 diutina
2388 1439 2657 1500 potestate
2687 1446 2823 1485 unus
2844 1431 3215 1499 iusoleseeret,
3239 1442 3296 1488 et
3314 1435 3614 1491 multorum
3642 1454 3759 1507 pro-

2151 1530 2340 1576 vectus
2387 1521 2581 1591 gaudia
2636 1522 2959 1591 reperirent.
3009 1522 3218 1579 SulIicit
3258 1526 3403 1580 enim
3461 1529 3757 1598 unicuique

2150 1614 2462 1669 discessisse
2510 1614 2806 1681 laudatum,
2862 1615 2989 1683 quia
3035 1616 3161 1671 dum
3211 1625 3423 1689 tempus
3471 1624 3756 1690 potestatis

456 1732 548 1800 qui
578 1732 751 1788 adhuc
776 1740 1015 1788 teneram
1041 1732 1219 1787 verbis
1242 1741 1428 1787 curvat
1450 1730 1944 1787 audaciam.Civilis
1968 1739 2043 1783 est

2153 1710 2421 1779 prolixum
2443 1709 2719 1778 qumritur,
2743 1708 3019 1778 culparum
3040 1712 3328 1779 opprobria
3359 1728 3471 1768 non
3494 1715 3749 1771 vitantur.

456 1836 626 1892 pavor
650 1822 777 1891 iste,
809 1839 914 1879 non
944 1823 1190 1891 bellicus,
1220 1838 1382 1893 quem
1407 1831 1463 1877 tu
1492 1824 1570 1877 sic
1598 1822 1764 1876 facies
1794 1837 1911 1875 esse
1940 1821 2049 1888 glo-

457 1913 680 1981 riosum,
730 1915 775 1969 si
823 1914 1024 1970 habere
1069 1930 1176 1969 non
1224 1914 1487 1983 probetur
1519 1928 1819 1969 excessum.
1870 1910 2047 1966 llabes

457 2006 619 2061 etiam
650 2014 705 2061 et
735 2005 955 2074 ferrum,
996 2006 1341 2061 nihilominus
1390 2004 1749 2059 incruentum.
1782 2002 2047 2056 Clandan—

457 2106 545 2151 tur
567 2097 797 2153 nexibus
819 2106 1154 2165 catenarum,
1177 2112 1314 2166 quos
1336 2096 1533 2151 levium
1564 2095 1845 2149 criminum
1874 2094 2049 2163 pulsnt

456 2187 679 2241 invidia.
722 2186 1019 2243 Cunctator
1047 2204 1167 2244 esse
1196 2189 1377 2256 debet,
1401 2190 1492 2258 qui
1518 2188 1720 2258 judicat
1756 2186 1824 2241 de
1853 2188 2045 2240 salute.

457 2280 576 2333 Alia
615 2281 884 2335 sententia
932 2290 1111 2350 potest
1146 2284 1363 2350 courigi,
1402 2294 1423 2321 ο
1456 2284 1524 2338 de
1582 2284 1688 2335 vita
1720 2292 2046 2335 transactum

457 2383 565 2423 non
596 2369 803 2438 patitur
830 2369 1121 2426 immutari.
1146 2370 1308 2441 Signa
1361 2380 1450 2426 tua
1491 2372 1773 2426 abactores
1802 2372 2046 2436 timeant,

457 2459 604 2516 fures
648 2470 979 2531 pavescant,
1028 2462 1264 2519 latrones
1314 2464 1688 2534 perhorreant.
1737 2462 2049 2518 innocentia

457 2561 666 2608 tantum
690 2554 809 2608 laeta
839 2554 1114 2624 respiciat,
1146 2555 1271 2608 dum
1303 2555 1401 2609 sibi
1433 2554 1629 2609 auxilia
1674 2556 1885 2609 venisse
1926 2570 2049 2611 cre-

457 2643 554 2712 dit,
585 2660 705 2716 qute
746 2644 921 2716 legum
953 2645 1231 2717 disciplina
1263 2648 1579 2702 transmisit.
1626 2646 1796 2702 Nemo
1841 2647 2048 2702 redem-

457 2736 731 2806 ptiouibus
761 2745 911 2792 tuum
941 2738 1369 2794 velle'dcllectat.
1403 2737 1622 2794 Gladius
1666 2741 2045 2805 contemnitur,

457 2828 548 2883 ubi
580 2844 768 2884 aurum
792 2831 1080 2900 suscipitur
1110 2829 1279 2903 Mitt,
1316 2831 1491 2898 (iam,
1536 2833 1804 2886 conditur.
1832 2830 2049 2885 Gladius

456 2921 839 2988 contemnitur,
875 2922 961 2977 ubi
992 2937 1179 2977 aurum
1212 2922 1546 2995 suscipitur].
1576 2923 1655 2977 Τιι
1701 2933 1754 2978 te
1785 2926 2046 2979 inermem

454 3010 654 3077 reddis,
702 3013 747 3067 si
792 3028 823 3067 a
850 3013 993 3067 virili
1022 3015 1203 3068 animo
1233 3015 1526 3084 cupiditate
1559 3014 1863 3068 recesseris.
1898 3012 2047 3079 Quo-

454 3102 595 3158 circa
628 3118 724 3173 pcr
753 3103 1101 3160 indictionem
1132 3105 1277 3159 illam
1306 3105 1572 3159 comitivm
1603 3106 1693 3158 tibi
1721 3105 1771 3158 in
1802 3104 1888 3157 illa
1921 3120 2047 3173 pm-
2076 3127 2091 3173 ί

452 3195 630 3249 vincia
662 3196 946 3251 tribuimus
974 3197 1315 3264 dignitatem:
1372 3204 1430 3250 ut
1458 3194 1523 3249 ad
1555 3196 1735 3250 titulos
1767 3204 1888 3249 tuos
1918 3210 2045 3264 pcr-

452 3286 680 3341 tinentia
722 3287 977 3341 civilitate
1020 3289 1201 3358 potius
1244 3287 1527 3341 laudabilis
1556 3288 1895 3355 exscquaris;
1947 3302 2047 3341 nec

450 3376 745 3445 quidquam
776 3394 1072 3448 pricsumas
1096 3378 1293 3440 facere,
1330 3378 1433 3432 nisi
1462 3378 1607 3447 quod
1639 3380 1878 3447 privatus
1917 3393 2043 3445 pos-

450 3468 528 3524 sis
574 3467 781 3536 le‘gibus
824 3468 1115 3524 vindicare.
1167 3469 1286 3539 ipsa
1336 3477 1420 3525 est
1449 3471 1590 3525 enim
1634 3478 1781 3524 recta
1814 3470 2043 3523 admini-

449 3558 666 3623 stratio,
715 3573 834 3627 qua:
879 3568 934 3614 et
982 3561 1097 3615 sine
1142 3570 1410 3630 potestate
1438 3560 1760 3625 defenditur,
1814 3571 1871 3614 ut
1918 3570 2046 3615 tunc

452 3651 713 3725 probetur
741 3651 903 3708 fuisse
926 3653 1123 3722 justus,
1156 3655 1371 3725 quando
1409 3654 1457 3709 ei
1503 3670 1621 3723 qua:
1668 3657 1868 3709 mavult
1900 3656 2039 3725 obji-

448 3877 766 3934 ciiloborum
805 3890 867 3930 ac
908 3875 1221 3945 pcnularum
1264 3876 1445 3930 induat
1493 3876 1830 3930 vestimenta.
1898 3873 2029 3927 Cum

446 3962 631 4005 autem
654 3947 739 4003 vel
767 3956 1081 4008 conventus,
1102 3956 1201 4001 etc.
1219 3988 1233 4012 ,
1255 3957 1490 4015 togatum
1510 3948 1754 4001 eumdem
1777 3949 2034 3999 interesse

453 4019 715 4087 iubemus.
777 4016 982 4087 Nempe
1022 4017 1108 4071 llic
1147 4018 1358 4072 habitus
1397 4026 1480 4072 est
1518 4018 1709 4081 civilis,
1751 4034 1857 4085 quo
1898 4017 2033 4069 intra

474 4035 715 4075 unemus.
777 4035 982 4087 nempe
1022 4035 1108 4071 lllC
1147 4035 1358 4072 llillllllls
1397 4035 1480 4072 εει
1518 4035 1709 4081 ClVlllS,
1751 4035 1857 4085 t'|llt)
1898 4035 2033 4069 ιιιιι’.ι

447 4035 671 4152 JUrbem,
713 4097 769 4144 et
806 4098 959 4143 extra
999 4097 1174 4142 castra
1214 4091 1623 4158 magistratuum
1664 4090 1743 4158 uti
1778 4088 2041 4141 00118ιὶ111-

445 4170 562 4225 tam
603 4169 739 4227 erat,
780 4159 935 4228 cujus
973 4161 1176 4229 mentio
1217 4160 1269 4213 in
1306 4156 1524 4229 antiqua
1565 4158 1665 4214 fori
1704 4156 1917 4225 Trajani
1962 4159 2012 4208 in

445 4233 747 4302 scriptione
785 4239 868 4302 est
910 4247 922 4281 :
965 4228 1379 4302 Statuainponi
1420 4228 1606 4284 liabitu
1646 4229 1788 4302 civili
1830 4229 1882 4282 in
1923 4229 2040 4302 l'nrn

450 4299 811 4368 divi’Trajani
851 4300 1078 4369 pecunia
1118 4299 1331 4370 publica
1376 4302 1606 4356 censuit.
1650 4299 1765 4355 Huc
1806 4300 2041 4369 pertinet

448 4370 489 4435 ι.
522 4373 574 4437 7,
610 4370 823 4441 Iisdem,
856 4370 1008 4441 Ο.ρε
1036 4372 1217 4426 adroc.
1246 4374 1345 4426 div.
1374 4372 1493 4441 jud.
1528 4371 1694 4426 Fons.

521 4431 715 4499 ll"lliuc
741 4431 983 4510 priesidis
1008 4443 1300 4511 provincia:
1338 4431 1394 4497 ei
1430 4444 1643 4497 comitis
1680 4438 2035 4494 dilferentiam

2151 1803 2246 1857 illa
2275 1802 2421 1857 enim
2451 1802 2537 1857 vel
2565 1802 2618 1856 in
2640 1800 2905 1856 brevitate
2931 1800 3201 1858 declinare
3222 1804 3470 1860 mirabile
3493 1814 3601 1873 est,
3630 1808 3749 1863 dum

2148 1898 2461 1967 frequenter
2489 1906 2545 1951 et
2569 1896 2652 1950 his
2680 1895 3003 1966 subripiunt,
3035 1895 3127 1965 qui
3152 1912 3184 1951 a
3214 1896 3447 1952 fascibus
3476 1898 3580 1953 sub
3606 1900 3750 1955 velo-

2148 1988 2313 2042 citate
2338 1987 2642 2043 discedunt.
2671 1986 2859 2042 Annus
2889 1987 3171 2043 universus
3211 1997 3268 2044 et
3311 1988 3382 2043 ad
3426 1990 3749 2047 declaranda

2149 2082 2491 2136 conscientia:
2516 2082 2657 2135 bona
2682 2078 2902 2147 suflicit,
2925 2088 2982 2135 et
3002 2080 3212 2136 facilius
3251 2096 3311 2137 se
3350 2083 3419 2137 ab
3443 2098 3634 2139 errore
3659 2100 3748 2143 cu-

2149 2174 2337 2230 stodit.
2411 2173 2494 2227 Sit
2546 2174 2597 2227 in
2649 2182 2835 2229 vestro
2898 2175 3176 2245 proposito
3231 2174 3747 2233 administrationem

2150 2267 2308 2321 unius
2331 2266 2460 2320 anni
2487 2266 2785 2334 suscipere,
2815 2274 3058 2321 nostrum
3107 2274 3191 2322 est
3233 2268 3571 2325 merentibus
3620 2277 3744 2324 ten;-

2150 2372 2250 2428 pus
2284 2370 2501 2425 augere,
2534 2356 2657 2425 quia
2697 2372 2805 2411 non
2835 2355 2992 2412 facile
3014 2371 3299 2412 removere
3326 2359 3578 2428 cupimus
3618 2376 3745 2430 quos

2142 2447 2321 2518 justos
2348 2462 2468 2504 esse
2494 2447 2774 2503 sentimus.
2799 2446 3023 2514 Idcirco,
3048 2450 3479 2505 conversationis
3507 2459 3613 2506 ture
3634 2468 3744 2506 mo-

2149 2540 2298 2594 ribus
2328 2538 2554 2604 invitati,
2586 2553 2684 2609 per
2720 2538 2866 2592 illam
2896 2538 3242 2594 indictionem
3272 2541 3621 2609 prmsidatum
3659 2545 3747 2600 tibi

2151 2633 2205 2688 in
2236 2634 2323 2688 illa
2353 2632 2647 2703 provincia,
2688 2631 2920 2702 propitia
2961 2630 3270 2697 Divinitate,
3302 2634 3668 2712 concedimus,
3694 2645 3746 2690 ut

2150 2728 2228 2782 sic
2250 2727 2449 2782 debeas
2474 2740 2634 2795 agere
2662 2724 3114 2795 quemadmodum
3142 2725 3299 2782 nobis
3320 2741 3607 2796 possessor
3635 2743 3745 2797 gra-

2153 2821 2255 2875 tias
2296 2835 2419 2874 cum
2472 2818 2687 2872 tributis
2742 2816 2990 2871 videatur
3032 2817 3335 2872 exsolvere.
3399 2818 3743 2875 Decessorum

2150 2914 2291 2970 bona
2337 2914 2584 2982 exempla
2637 2926 2902 2982 sequere;
2944 2926 2976 2967 a
3003 2912 3322 2969 vitiosorum
3374 2921 3427 2969 te
3456 2916 3742 2971 imitatione

2149 3006 2425 3076 disiunge;
2448 3021 2557 3061 non
2586 3011 2807 3075 putetur
2825 3003 3003 3059 omnis
3024 3002 3051 3041 ά
3079 3006 3416 3061 consuetudo
3439 3007 3741 3077 probabilis.

2150 3100 2381 3155 Cautum
2410 3098 2573 3153 debet
2601 3096 2827 3152 reddere
2865 3110 2974 3150 non
3003 3109 3291 3164 sequacem
3330 3112 3489 3152 error
3527 3098 3742 3154 alienus.

2152 3189 2338 3247 Prodit
2365 3190 2607 3245 stultitim
2636 3188 2869 3258 culpam,
2901 3187 2993 3257 qui
3015 3178 3261 3256 sequitur
3288 3198 3617 3245 accusatum.
3648 3189 3742 3245 Sed

2154 3283 2282 3338 illud
2311 3282 2505 3337 melius
2529 3280 2760 3349 eligitur,
2794 3276 2935 3333 unde
2960 3278 3297 3348 praesidentis
3319 3279 3506 3348 opinio
3534 3279 3632 3335 sub
3652 3278 3741 3331 ad-

2152 3376 2550 3431 ministratione
2574 3373 2844 3428 laudatur.
2878 3371 3105 3443 Respice
3132 3374 3349 3441 quantis
3380 3372 3454 3428 sit
3480 3374 3742 3444 provincia

2152 3469 2310 3538 plena
2340 3466 2626 3523 nobilibus.
2678 3464 2858 3520 Habes
2885 3465 2977 3533 qui
3007 3474 3063 3519 et
3092 3466 3231 3520 bene
3278 3464 3430 3535 loqui
3462 3464 3528 3520 de
3564 3476 3614 3518 te
3650 3464 3741 3519 de-

2152 3560 2334 3625 beant,
2364 3567 2420 3613 et
2459 3558 2722 3627 derogare
2752 3566 3100 3628 przesumant,
3148 3557 3273 3626 quia
3322 3557 3469 3612 nulla
3512 3563 3745 3627 potestas

2149 3662 2252 3719 est,
2284 3666 2404 3723 qua:
2438 3649 2756 3721 qualitatem
2784 3648 2941 3704 fama:
2972 3664 3083 3704 sua:
3102 3648 3169 3703 de
3197 3663 3293 3704 ore
3321 3648 3600 3704 hominum
3629 3664 3747 3720 pos-

2144 3872 2204 3926 1..
2251 3872 2359 3938 20,
2408 3871 2469 3925 Si
2512 3871 2785 3937 vindicari,
2830 3868 2893 3924 C.
2944 3869 3020 3924 De
3064 3870 3211 3927 Poen.
3247 3872 3285 3927 1.
3335 3872 3407 3939 5,
3461 3871 3543 3927 De
3572 3873 3747 3932 Pam:

2142 3944 2278 4006 Cic.,
2309 3959 2407 4012 pro
2440 3941 2600 4012 Rosc.
2636 3944 2850 4005 Amen;
2902 3940 3091 4008 Arist.,
3137 3941 3408 3998 Problem.
3441 3961 3454 3995 :
3504 3944 3747 4005 Ἕκαστος

2144 4019 2284 4083 ἡμῶν
2312 4009 2497 4089 pomo»
2532 4009 2592 4089 fit?
2621 4013 2884 4089 πραέξωτο
2925 4021 3014 4067 τοῦ
3058 4012 3360 4089 ἀδικοῦντος
3404 4016 3749 4089 ﬁamus:-

2142 4090 2283 4149 σθαι,
2310 4089 2379 4145 ὡς
2405 4086 2497 4158 ρρκ
2522 4083 2710 4158 diritati,
2798 4090 2894 4158 re}?
2936 4090 3005 4158 μῄ
3047 4083 3345 4144 ἀδικοῦντος

2144 4161 2282 4218 σθαι,
2306 4158 2377 4215 ὡς
2396 4154 2580 4227 ἀδικεῖ.
2604 4152 2760 4219 Quod
2790 4153 2835 4227 si
2858 4153 2911 4205 in
2930 4152 3255 4227 alterutram
3284 4164 3494 4225 partem
3526 4152 3750 4227 seem.

2143 4227 2269 4281 dum
2318 4227 2406 4290 sit,
2467 4226 2625 4293 longe
2672 4224 2877 4292 :eqnius
2922 4223 3085 4278 fuerit
3129 4223 3418 4279 nocentem
3469 4223 3749 4283 absolvere

2142 4311 2303 4364 quam
2326 4298 2677 4368 damnareac
2715 4294 3327 4368 perdereinnocentem.
3357 4296 3490 4351 Illud
3531 4300 3746 4368 quidem

2141 4374 2427 4436 peccatum
2453 4376 2555 4432 est,
2598 4366 2702 4436 hoc
2730 4380 2861 4420 vero
2881 4365 3055 4436 etiam
3087 4365 3356 4436 impietas,
3400 4377 3461 4422 ut
3500 4365 3571 4427 ex
3597 4368 3746 4423 Anti-

2140 4433 2643 4522 phonteStqbazus,‘
2663 4433 2985 4522 Gnomolog.
3011 4450 3129 4522 cap.
3163 4433 3273 4522 ΗΒ
3381 4436 3483 4522 die:
3507 4444 3561 4495 τί
3581 4443 3744 4522 apag:

450 4516 647 4583 notare
674 4503 819 4565 licet.
853 4503 1117 4583 Pncsi'des
1136 4517 1287 4583 enim
1316 4513 1717 4583 provinciarum
1749 4526 1856 4565 non
1882 4519 2039 4564 erant

2149 4503 2195 4563 rs
2219 4532 2265 4572 ν,
2298 4510 2359 4563 τὸ
2406 4508 2594 4567 ἀδίκως
2623 4503 3208 4583 ᾁπολῦσαι-ὁξτιὼτέροιί,
3232 4509 3261 4567 ἧ
3281 4512 3341 4583 ςτὸ
3370 4508 3557 4571 ἀδίκως
3581 4503 3743 4566 diutis?

447 4580 792 4648 magistratus
823 4582 1101 4635 militares.
1132 4582 1295 4636 Fons.

519 4651 548 4693 δ
578 4650 882 4711 llumanum
913 4660 1017 4716 est,
1059 4660 1117 4704 ut
1152 4654 1354 4707 doloris
1390 4652 1688 4707 remedium
1726 4655 1796 4709 sit
1835 4653 2035 4709 inimici

445 4720 602 4776 dolor
627 4739 639 4774 :
673 4722 799 4776 hinc
830 4723 1073 4775 vindictae
1110 4723 1362 4777 sola’tium
1384 4723 1709 4785 Callistrato,
1744 4726 1780 4779 l.
1806 4724 1897 4791 28,
1927 4724 2033 4779 Ca-

445 4791 793 4865 pitalimu,__§
839 4791 1114 4865 Fumosos,
1149 4793 1221 4865 de
1261 4795 1461 4865 pomis;
1494 4793 1719 4865 Apuleio
1746 4836 1760 4861 ,
1820 4796 1910 4848 lib.
1955 4812 2029 4859 Ill,

445 4872 500 4916 et
530 4863 619 4915 lil).
647 4879 679 4915 v
702 4861 1081 4929 Metamorpli.,
1111 4861 1326 4917 ultionis
1354 4864 1623 4917 solatium.
1658 4863 1814 4929 Plin.,
1837 4867 1926 4919 lib.
1954 4883 2031 4929 ιιι,

445 4935 604 5003 epist.
642 4932 707 4987 14
728 4932 1053 5001 γυίίΐυείιιιιι
1082 4934 1245 4998 servi,
1276 4948 1501 5001 quorum
1526 4948 1713 5002 magna
1740 4952 1863 5005 pars
1886 4953 2035 4989 com-

444 5005 710 5073 prehensa
743 5014 845 5069 est,
868 5006 1050 5058 caeteri
1081 5006 1460 5071 requiruntur;
1498 5006 1610 5075 ipse
1640 5008 1822 5075 paucis
1844 5008 2036 5062 diebus

442 5088 585 5142 aegre
627 5075 959 5130 refocillatus
998 5090 1104 5127 non
1144 5076 1259 5129 sine
1298 5076 1514 5131 ultionis
1552 5076 1744 5132 solatio
1780 5078 2031 5137 decessit,

444 5144 515 5213 ita
545 5146 696 5199 vivus
720 5145 1041 5211 vindicatus,
1060 5156 1117 5198 ut
1139 5146 1302 5199 occisi
1332 5146 1526 5201 solent.
1555 5148 1777 5213 Quintil.
1801 5147 2031 5201 declam.

443 5212 543 5269 581
576 5232 587 5267 :
621 5215 759 5269 Nihil
788 5216 996 5270 dulcius
1025 5223 1109 5269 est
1145 5216 1347 5271 ultione
1378 5218 1533 5273 lmsce.
1562 5212 1752 5272 Senec.
1780 5234 1796 5273 ι
1823 5217 1889 5270 de
1916 5218 2030 5271 cle«

443 5294 612 5360 ment.
654 5302 772 5357 cap.
815 5285 878 5341 21
914 5304 926 5339 :
960 5285 1285 5360 pltioduas
1323 5304 1409 5345 res
1446 5297 1708 5360 praestare
1740 5288 1897 5353 solet,
1940 5296 2032 5342 aut

441 5356 695 5430 solatium
724 5356 896 5430 ιιι,
916 5356 1071 5412 all'crt
1097 5357 1165 5430 ei_,
1199 5359 1289 5428 qui
1318 5356 1528 5430 accepit
1557 5358 1823 5427 iniuriam,
1858 5369 1948 5411 aut
1978 5360 2031 5412 in

440 5426 708 5495 reliquum
730 5426 1098 5483 securitatem.
1125 5426 1290 5483 FORN.

515 5508 537 5536 ο
581 5499 778 5561 Aurea,
810 5508 867 5554 et
892 5498 1217 5555 Cassiodoro
1246 5501 1425 5568 digna,
1458 5510 1512 5554 et
1541 5500 1607 5554 ab
1639 5499 1759 5554 aliis
1802 5500 2033 5555 auctori-

434 5565 543 5626 bus
570 5577 797 5625 tractata
826 5571 1112 5629 sententia.
1143 5565 1388 5625 Juvenal.
1422 5580 1586 5641 satyr.
1620 5570 1691 5625 6:

780 5660 795 5674 ’
932 5664 1146 5713 ~Mcruit
1166 5677 1264 5723 quo
1289 5664 1491 5711 c'imine
1519 5677 1695 5713 servus

535 5723 871 5787 Supplicium?
891 5730 999 5787 quis
1021 5730 1164 5774 tvsus
1187 5725 1359 5775 adest?
1376 5730 1486 5781 quis
1508 5727 1717 5775 detulit?
1741 5728 1868 5775 andi.

534 5786 675 5837 Nulla
700 5786 991 5847 unquamne
1016 5800 1174 5836 morte
1197 5788 1402 5835 hominis
1424 5791 1664 5840 cunctatio
1687 5788 1829 5851 longa
1856 5799 1951 5842 cst.

2148 4602 2256 4640 σαι,
2288 4583 2346 4634 τὸ
2367 4582 2586 4654 μὲν-’γὰρ
2617 4577 2898 4654 ἁμάρτημᾷ
2918 4577 3137 4654 iamsi
3164 4578 3209 4634 δ’
3240 4579 3428 4640 ἀδίκως
3452 4584 3743 4654 adrogabat

2144 4651 2400 4721 ἀσέϐημα.
2450 4648 2927 4721 Ciijusseiiteutim
2971 4648 3197 4721 insigne
3228 4660 3313 4704 est
3357 4652 3499 4719 apud
3545 4651 3740 4707 Elian.

2144 4716 2450 4789 exemplum
2485 4716 2575 4773 lib.
2609 4719 2737 4773 Var.
2789 4716 2929 4772 Hist.
2966 4717 3048 4784 14,
3072 4716 3141 4775 de
3179 4716 3476 4777 Ptoletnino
3504 4733 3563 4777 et
3591 4723 3741 4779 Berc-

2144 4793 2284 4859 nice,
2314 4802 2416 4845 etc.
2450 4790 2686 4844 FORNER.

2214 4860 2239 4897 ἀ
2271 4857 2826 4934 'Cousue_ludo,_id_est
2864 4858 3143 4934 tributum,
3170 4864 3225 4917 ri
3252 4863 3423 4927 τέ).ος;
3454 4879 3627 4934 supr..
3654 4866 3737 4925 1.ι,

2132 4932 2289 5000 epist.
2336 4932 2421 4984 10.
2469 4930 2837 4985 Theodericus
2887 4929 3076 5000 Boetio
3126 4934 3431 4988 rescribens
3470 4950 3481 4984 :
3520 4929 3739 4989 'Arbiter

2132 4998 2498 5074 arcebabeat
2525 5001 2943 5074 consuetudines
2966 4998 3158 5074 justas.
3200 5001 3408 5060 Rursus
3435 5004 3529 5058 lib.
3557 5022 3634 5073 in,
3656 5022 3734 5074 ep.

2131 5071 2201 5125 '25
2227 5090 2239 5124 :
2273 5072 2513 5126 Remove
2540 5072 2959 5127 consuetudines
2984 5073 3362 5128 abominanter
3386 5071 3627 5131 inolitas.
3653 5071 3737 5129 Ju-

2134 5142 2306 5197 Iianus
2337 5142 2707 5219 Misopogonc,
2742 5145 3029 5219 εἰθισμένων
3054 5148 3299 5219 aleis?!)ch
3326 5148 3582 5219 πέμπτῳ,
3616 5162 3735 5219 con-

2136 5223 2412 5273 suetorum
2462 5214 2807 5281 vectigalium
2846 5213 3063 5284 quinta.
3122 5213 3292 5283 idem,
3336 5213 3566 5284 epistola
3623 5218 3731 5283 ult.,

2137 5289 2419 5341 εἰσοίσεται
2446 5287 2573 5340 κατά
2602 5286 2658 5338 τὸ
2685 5284 2813 5344 ὢος.
2844 5284 2978 5338 Nam
3000 5286 3339 5342 consuetudo
3371 5287 3423 5340 in
3445 5288 3733 5341 exactioni-

2134 5356 2235 5411 bus
2263 5367 2318 5410 et
2366 5355 2852 5425 tributismaxime
2889 5354 3180 5425 spectanda
3232 5364 3335 5425 est,
3387 5355 3546 5419 1.15,
3602 5354 3732 5419 Quo—

2135 5428 2297 5490 niam,
2329 5426 2370 5480 Ο
2421 5425 2462 5480 Τ
2470 5424 2648 5487 beod.,
2684 5425 2750 5479 de
2779 5424 2955 5481 exact.
2980 5442 2994 5491 ;
3021 5424 3054 5477 I.
3082 5424 3170 5487 25,
3196 5424 3453 5489 tErarim,
3482 5426 3550 5481 de
3569 5441 3729 5480 anno-

2139 5512 2205 5549 na
2235 5508 2291 5551 et
2332 5497 2550 5559 tribut.;
2593 5496 2653 5549 C.
2700 5494 2904 5549 Theod.
2944 5496 2980 5549 1.
3016 5494 3103 5559 15,
3139 5494 3510 5563 Imperatores,
3537 5497 3591 5552 in
3621 5496 3725 5561 11η..

2141 5566 2200 5620 Ι).
2236 5567 2313 5621 De
2342 5567 2705 5636 pollicitulion.
2737 5576 2786 5619 ct
2814 5569 2864 5619 in
2894 5564 3221 5635 vectigalib.;
3253 5566 3291 5622 1.
3316 5566 3368 5636 4,
3401 5570 3438 5623 1.
3484 5568 3536 5635 9,
3569 5565 3724 5624 Loca»

2139 5640 2229 5701 tio,
2264 5640 2290 5708 §
2327 5637 2499 5704 l’wu.,
2535 5638 2593 5691 l).
2628 5638 2699 5691 De
2722 5637 2908 5707 public.
2941 5636 3178 5691 FORNER.
