3958 6450
203 308 287 366 Ἶυ
301 311 342 367 9
1559 317 1827 375 'VARIARl

1955 319 2156 375 LIBER
2199 319 2305 376 VII.
3432 323 3485 376 7|
3504 326 3532 375 il

208 421 289 476 sit
326 423 587 480 auferre.
625 422 956 493 Contraque,
989 423 1194 481 fructus
1221 435 1323 492 est,
1354 427 1608 497 opinione
1647 429 1844 499 prmdi-
1873 440 1918 495 Α
1948 430 2158 486 videtur
2199 433 2392 500 quibus
2439 433 2730 490 continales
2783 434 2966 504 populi
3013 437 3352 506 deputantur,
3404 439 3530 505 quia

200 512 398 567 cabili
447 530 553 584 per
602 514 842 571 contines
881 515 960 570 ire
989 517 1324 585 provincias;
1373 526 1427 572 et
1476 516 1551 574 ibi
1603 518 1847 575 invenire
1952 536 2060 575 non
2088 528 2168 576 est
2195 521 2303 576 tale
2323 524 2529 590 pacatis
2548 523 2855 592 regionibus
2882 529 3034 597 112
3055 526 3142 595 jus
3169 528 3533 598 dieere,quale

207 601 586 657 verissimam
609 602 846 669 laudem,
877 603 968 658 ubi
1008 619 1116 661 non
1145 605 1380 675 imperas
1417 615 1706 676 potestate.
1740 607 1850 663 Ad-
1946 609 2207 678 suspectis
2260 609 2505 677 gentibus
2552 611 2806 677 assidere,
2861 614 2951 668 ubi
2995 630 3106 670 non
3155 624 3358 671 tantum
3403 619 3532 672 vitia

213 689 402 757 ditur,
459 692 608 761 quod
653 693 1102 748 irremuneratum
1148 710 1254 750 non
1297 696 1664 766 relinquimus,
1708 697 1753 752 si
1795 705 1849 751 te
1946 708 2204 770 quantum
2236 701 2375 755 bella
2405 709 2651 772 suspecta
2681 709 2833 770 sunt;
2864 719 2965 759 nec
3018 705 3190 761 solum
3244 724 3349 764 vox
3398 723 3533 778 prte-

213 783 417 850 egisse
444 783 798 852 probabiliter
825 786 1120 843 audiamus.
1152 785 1324 844 Horre
1349 791 1558 858 vitium,
1602 801 1656 845 et
1690 794 1843 861 prin-

204 873 368 942 cipis
401 875 640 931 mereris
661 876 928 932 allectum.
961 876 1302 934 Voluntatem
1336 881 1539 948 regiam
1568 881 1622 935 in
1643 882 1846 950 legibus

215 961 459 1017 babes:
510 963 618 1020 illis
672 964 1006 1035 obtempera,
1055 975 1112 1024 et
1155 975 1340 1025 nostra
1379 971 1722 1039 cognosceris
1745 972 1846 1026 im-

213 1050 390 1120 plere
421 1053 707 1108 mandata.

218 1183 314 1239 ill.
363 1202 629 1242 ronuuu
660 1204 927 1245 conatvs:
962 1205 1251 1247 cornutum
1289 1208 1391 1248 pan
1427 1209 1676 1250 sracuus
1709 1211 1844 1252 puo-

944 1277 1169 1317 VINCIAS.

289 1347 475 1417 Cum,
507 1350 620 1407 Deo
643 1351 886 1420 juvante,
933 1353 1163 1409 sciamus
1203 1351 1411 1410 Gothos
1437 1355 1713 1412 vobiscum
1743 1356 1844 1412 ha-

215 1439 420 1497 bitare
446 1442 766 1512 permixtos,
807 1458 875 1499 ne
913 1459 1020 1513 qua
1046 1445 1188 1502 inter
1213 1456 1510 1514 consortes,
1538 1456 1599 1503 ut
1623 1449 1841 1516 assolet,

224 1531 674 1604 indisciplinatio
705 1544 1036 1602 nasceretur,
1077 1539 1437 1595 necessarium
1485 1540 1733 1596 duximus
1778 1541 1845 1596 il-
1903 1581 1906 1584 -

225 1624 350 1680 lum
381 1627 675 1684 sublimem
713 1629 908 1691 virum.
939 1629 1096 1685 bonis
1139 1633 1293 1687 nobis
1318 1633 1556 1687 moribus
1585 1633 1844 1690 hactenus

226 1718 681 1787 comprobatum,
738 1719 804 1773 ad
825 1735 924 1775 vos
951 1721 1202 1776 comitem
1223 1722 1493 1777 destinare
1524 1724 1614 1792 qui
1652 1740 1845 1779 secun-

1947 793 2099 847 conis
2127 791 2358 859 insonat,
2381 792 2476 848 sed
2505 793 2752 848 tubarum
2778 795 3014 864 crepitus
3038 795 3347 866 frequenter
3375 799 3534 854 insul-

1946 890 2044 936 tat.
2077 881 2296 937 haetiae
2316 897 2549 951 namque
2573 884 2862 938 munimina
2889 892 3016 940 sunt
3065 885 3250 951 Italiae,
3286 895 3342 943 et
3379 889 3530 944 clau-

1943 980 2054 1028 stra
2083 973 2390 1043 provincias.
2413 973 2543 1040 Quae
2569 989 2677 1029 non
2707 974 2974 1031 immerito
3001 976 3080 1032 sic
3105 977 3372 1046 appellata
3413 994 3533 1035 esse

1941 1058 2258 1129 iudicamus,
2302 1065 2517 1134 quando
2569 1075 2759 1121 contra
2818 1065 2961 1122 feras
3025 1074 3080 1123 et
3142 1069 3531 1136 agrestissimas

1943 1161 2150 1224 gentes,
2179 1155 2327 1210 velut
2350 1155 2592 1224 quaedam
2621 1157 2895 1226 plagarum
2921 1158 3214 1226 obstacula,
3239 1159 3534 1231 disponun-

1946 1250 2051 1298 tur.
2082 1243 2160 1299 l-bi
2198 1244 2340 1299 enim
2362 1246 2591 1315 impetus
2609 1247 2821 1315 gentilis
2847 1249 3131 1318 excipitur,
3162 1259 3217 1305 et
3244 1251 3530 1306 transmis-

1944 1333 2018 1389 sis
2039 1332 2232 1402 jaculis
2251 1336 2522 1390 sauciatur
2542 1334 2821 1392 furibunda
2843 1341 3204 1409 praesumptio.
3229 1339 3321 1396 Sic
3349 1345 3525 1413 genti--

1945 1422 2010 1477 lis
2037 1424 2268 1493 impetus
2295 1433 2472 1480 vestra
2502 1426 2715 1481 venatio
2745 1435 2846 1494 est,
2893 1435 2949 1483 et
2995 1429 3118 1485 ludo
3160 1432 3345 1498 geritis
3387 1434 3532 1502 quod

1943 1527 2042 1569 vos
2071 1513 2257 1585 [Juret.
2291 1516 2413 1587 legit
2437 1515 2556 1587 nos]
2597 1517 2810 1572 assidue
2853 1517 3078 1574 feliciter
3104 1523 3277 1589 egisse
3301 1527 3529 1579 sentitis.

1944 1596 2176 1691 Ideoque
2205 1606 2438 1660 validum
2467 1615 2522 1662 te
2551 1607 2764 1675 ingenio
2787 1624 2850 1664 ac
2877 1610 3078 1666 viribus
3100 1613 3402 1683 audientes,
3431 1629 3542 1688 per

1946 1692 2090 1746 Illam
2117 1694 2460 1750 indictionem
2489 1695 2737 1752 ducatum
2767 1699 2861 1753 tibi
2894 1702 3157 1758 credimus
3180 1704 3530 1774 Rhactiarum,

225 1784 386 1860 dum—
416 1808 598 1863 edicta
636 1817 820 1865 nostra
862 1810 1005 1865 inter
1053 1809 1190 1865 duos
1235 1810 1442 1867 Gothos
1487 1784 1634 1867 litem
1684 1814 1827 1869 debet

1946 1793 2003 1838 ut
2021 1784 2217 1841 milites
2241 1792 2296 1840 et
2340 1787 2394 1841 in
2434 1803 2566 1858 pace
2594 1805 2770 1859 regas,
2803 1799 2857 1845 et
2879 1807 2996 1846 cum
3028 1794 3106 1850 eis
3148 1795 3279 1851 lines
3319 1808 3535 1854 nostros

226 1907 535 1969 amputare
562 1918 576 1953 :
599 1900 646 1955 si
674 1901 818 1969 quod
846 1901 1010 1956 etiam
1035 1901 1176 1957 inter
1197 1901 1431 1957 Gothum
1459 1911 1514 1958 et
1540 1903 1839 1959 Romanum

224 1996 437 2044 natum
465 1990 629 2045 fuerit
662 1989 895 2046 lortasse
920 1991 1213 2060 negotium,
1238 1993 1476 2048 adhibito
1500 1994 1598 2048 sibi
1650 2000 1675 2026 ⁸
1709 2010 1839 2064 pru-

208 2076 410 2153 dente
431 2078 700 2146 Romano,
725 2088 999 2134 certamen
1026 2081 1196 2150 possit
1223 2083 1472 2152 mquabili
1498 2084 1708 2138 ratione
1727 2085 1839 2140 dis-

221 2168 484 2236 cingere.
512 2168 660 2226 Inter
683 2170 820 2227 duos
848 2173 1320 2229 autemRomanos
1345 2173 1575 2228 Romani
1598 2175 1836 2242 audiant,

223 2273 380 2328 quos
398 2273 500 2328 per
521 2261 824 2330 provincias
851 2261 1146 2331 dirigimus,
1174 2263 1501 2331 cognitores,
1548 2271 1606 2317 ut
1629 2264 1839 2318 unicui-

225 2363 342 2418 que
363 2364 469 2404 sua
514 2350 636 2419 jura
688 2359 990 2416 serventur,
1031 2360 1090 2407 et
1137 2354 1236 2407 sub
1261 2352 1574 2421 diversitate
1595 2351 1837 2421 judicum

223 2451 341 2492 una
377 2437 590 2507 iustitia
618 2441 1008 2510 complectatur
1037 2441 1334 2496 universos.
1386 2441 1478 2496 Sic
1507 2456 1644 2512 pace
1680 2457 1833 2497 com-

224 2528 393 2583 muni
440 2533 682 2598 utraeque
729 2531 996 2596 nationes,
1049 2531 1338 2586 Divinitate
1384 2532 1635 2602 propitia,
1687 2532 1834 2588 dulci

225 2619 350 2675 otio
380 2620 743 2690 perfruantur.
776 2621 982 2676 Scitote
1007 2630 1188 2678 autem
1212 2637 1368 2676 unam
1397 2623 1554 2677 nobis
1583 2623 1636 2676 in
1660 2623 1834 2678 omni-

226 2708 337 2766 bus
363 2711 703 2780 aequabiliter
726 2727 844 2767 esse
865 2713 1212 2779 charitatem;
1233 2713 1327 2768 sed
1355 2713 1442 2768 ille
1463 2728 1521 2769 se
1544 2715 1722 2770 animo
1743 2730 1836 2770 ηο-

225 2806 352 2855 stro
383 2802 611 2871 amplius
638 2801 1016 2856 commendare
1046 2803 1269 2871 poterit,
1315 2804 1407 2872 qui
1446 2803 1594 2872 leges
1642 2804 1832 2858 mode-

227 2897 356 2944 rata
387 2891 667 2947 voluntate
693 2892 959 2946 dilexerit.
1002 2891 1123 2947 Non
1171 2907 1414 2947 amamus
1457 2892 1658 2962 aliquid
1701 2893 1832 2948 inci-

225 2982 379 3049 vile;
409 2983 690 3039 scelestam
717 2983 1022 3052 superbiam
1048 2996 1170 3038 cum
1213 2983 1326 3038 suis
1364 2981 1694 3037 detestamur
1733 2998 1830 3036 au-

227 3075 500 3130 ctoribus.
530 3075 810 3131 Violentus
830 3081 1012 3129 nostra
1035 3075 1209 3145 pietas
1233 3082 1564 3131 exsecratur.
1588 3073 1646 3128 In
1669 3089 1830 3129 causa

1939 1873 2167 1928 soiemni
2196 1874 2473 1930 alacritate
2501 1876 2799 1933 circumeas
2827 1895 2839 1930 :
2880 1880 3005 1948 quia
3032 1897 3138 1936 non
3161 1898 3378 1952 parvam
3411 1902 3527 1940 rem

1939 1962 2036 2017 tibi
2063 1963 2283 2032 respicis
2311 1963 2472 2020 luisse
2512 1967 2872 2033 commissam,
2921 1969 3133 2037 quando
3171 1973 3534 2042 tranquillitas

1937 2054 2090 2122 regni
2120 2054 2290 2109 nostri
2323 2063 2411 2108 tua
2452 2055 2690 2110 creditur
2734 2057 3093 2114 sollicitudine
3120 2062 3396 2116 custodiri.
3448 2064 3526 2119 Ita

1940 2152 2141 2212 tamen,
2190 2153 2249 2198 ut
2285 2146 2483 2201 milites
2521 2146 2616 2200 tibi
2650 2148 2918 2203 commissi
2941 2149 3124 2204 vivant
3151 2167 3274 2206 cum
3313 2156 3531 2222 provin.

1937 2231 2160 2288 cialibus
2176 2232 2296 2302 jure
2323 2235 2499 2300 civili;
2525 2249 2624 2290 nec
2647 2236 2930 2291 insolescat
2952 2240 3178 2304 animus,
3205 2242 3293 2310 qui
3324 2257 3382 2296 se
3402 2259 3496 2297 sen
3526 2277 3528 2280 ν

1937 2322 2000 2376 tit
2021 2332 2306 2389 armatum,
2332 2326 2456 2394 quia
2478 2326 2696 2396 clypeus
2717 2325 2806 2380 ille
2821 2328 3090 2382 exercitus
3112 2330 3277 2384 nostri
3294 2332 3527 2400 quietem

1933 2410 2094 2466 debet
2120 2422 2375 2481 praestare
2414 2415 2688 2471 Romanis.
2720 2416 2866 2482 Quos
2895 2418 3018 2473 ideo
3047 2428 3254 2475 constat
3300 2425 3523 2491 apposi-

1936 2511 2038 2568 tos,
2076 2512 2133 2557 ut
2165 2504 2306 2560 intus
2342 2505 2449 2560 vita
2497 2507 2704 2562 felicior
2754 2521 2942 2563 secura
2969 2508 3218 2566 libertate
3246 2521 3516 2582 carpatur.

1934 2591 2273 2663 Quapropter
2299 2605 2485 2651 nostro
2508 2596 2772 2666 responde
2794 2597 3016 2666 judicio,
3043 2599 3147 2655 ﬁde
3178 2602 3330 2656 nobis
3358 2611 3412 2657 et
3439 2603 3524 2657 in»

1932 2681 2134 2736 dustria
2163 2685 2473 2753 placiturus,
2524 2695 2584 2740 ut
2618 2702 2720 2742 nec
2765 2690 2989 2757 gentiles
3037 2691 3153 2746 sine
3191 2692 3524 2750 discussione

1931 2775 2207 2844 suscipias,
2242 2792 2339 2832 nec
2366 2787 2579 2833 nostros
2601 2780 2667 2834 ad
2695 2788 2882 2848 gentes
2922 2780 3062 2852 [Gr.,
3094 2781 3208 2852 Cuj.
3252 2793 3302 2838 et
3327 2783 3518 2849 Form,

1932 2864 2174 2937 agentes]
2200 2869 2298 2922 sub
2326 2869 2692 2924 incuriositate
2723 2871 3072 2926 transmittas.
3113 2873 3192 2926 Ad
3231 2876 3520 2929 necessita-

1931 2964 2041 3012 tem
2074 2958 2338 3028 siquidem
2366 2959 2540 3014 rarius
2567 2960 2779 3013 venitur
2822 2974 3112 3026 armorum,
3141 2961 3231 3016 ubi
3272 2973 3516 3032 suscepta

1930 3049 2197 3119 surreptio
2251 3050 2506 3106 custodiri
2562 3065 2723 3119 posse
2762 3051 3008 3105 sentitur.
3061 3050 3341 3120 Privilegia
3387 3071 3518 3110 vero

225 3165 452 3236 possim
471 3165 613 3234 jura,
655 3181 760 3219 non
791 3138 1054 3220 brachia:
1072 3164 1205 3220 Nam
1231 3181 1326 3221 cur
1350 3165 1552 3232 eligam
1587 3179 1829 3234 quaerere
1858 3166 1902 3227 ε
1932 3138 2204 3209 dignitatis
2226 3148 2329 3196 tua:
2351 3142 2547 3196 nostris
2573 3141 2669 3195 tibi
2692 3139 3022 3209 jussionibus
3048 3141 3364 3198 vindicabis.
3389 3206 3396 3212 ,

227 3255 496 3320 violenta,
541 3257 632 3325 qui
669 3258 951 3326 pncsentia
996 3257 1293 3326 probantur
1339 3257 1541 3312 habere
1580 3256 1828 3327 judicia?

227 3343 367 3400 Ideo
396 3347 540 3400 enim
567 3348 929 3404 emolumenta
949 3348 1219 3418 judicibus
1248 3349 1457 3416 damus,
1491 3349 1612 3404 ideo
1640 3358 1720 3406 tot
1741 3350 1825 3405 of-

228 3435 352 3489 licia
397 3435 622 3491 diversis
670 3437 1002 3505 largitatibus
1043 3437 1404 3505 continemus,
1447 3444 1505 3492 ut
1546 3437 1686 3492 inter
1729 3455 1826 3492 vos

231 3543 340 3580 non
365 3527 602 3581 sinamus
640 3542 884 3581 crescere
912 3527 1053 3596 quod
1099 3527 1269 3596 possit
1316 3526 1385 3580 ad
1430 3527 1610 3581 odium
1654 3527 1822 3596 perti-

229 3630 381 3670 nere.
422 3613 596 3670 Uuum
622 3632 718 3672 vos
761 3617 1118 3686 amplectatur
1147 3617 1362 3672 vivendi
1391 3625 1595 3683 votum,
1629 3617 1824 3686 quibus

229 3725 401 3764 unum
429 3725 548 3765 esse
565 3717 778 3765 constat
799 3709 1101 3779 imperium.
1136 3708 1337 3764 Audiat
1375 3717 1605 3778 uterque
1653 3724 1826 3779 popu-

227 3801 311 3856 lus
331 3801 481 3872 quod
527 3816 786 3856 amamus.
821 3799 1049 3855 Romani
1077 3800 1232 3855 vobis
1261 3801 1402 3856 sicut
1435 3807 1560 3854 sunt
1608 3814 1825 3870 posses-

228 3893 474 3948 sionibus
508 3891 690 3957 vicini,
744 3891 818 3946 ita
865 3891 976 3946 sint
1023 3897 1079 3945 et
1104 3890 1366 3945 charitate
1385 3888 1680 3958 conjuncti.
1711 3889 1822 3946 Vos

227 3992 433 4049 autem,
480 3981 726 4048 Romani,
783 3996 978 4052 magno
1029 3980 1207 4037 studio
1235 3979 1441 4055 Gothos
1473 3980 1694 4049 diligere
1734 3980 1825 4034 de-

127 4076 130 4080 ‘
229 4075 390 4139 betis,
423 4074 512 4143 qui
541 4080 596 4129 et
623 4073 676 4128 in
706 4087 837 4143 pace
879 4087 1196 4127 numerosos
1251 4071 1404 4126 vobis
1455 4071 1686 4140 pupulas
1736 4067 1818 4124 fa-

227 4165 398 4230 ciunt,
428 4173 483 4220 et
511 4165 816 4221 universam
864 4165 1066 4232 rempui
1090 4162 1248 4216 licam
1296 4175 1393 4230 per
1439 4160 1580 4214 bella
1633 4157 1820 4213 defen-

228 4252 386 4309 dunt.
433 4253 619 4324 Itaque
667 4253 938 4308 destinato
986 4266 1016 4305 a
1062 4251 1218 4306 nobis
1261 4248 1428 4319 judici
1448 4264 1548 4303 vos
1567 4248 1819 4302 convenit

227 4346 482 4416 obedire;
525 4354 582 4402 ut
609 4343 864 4415 quidquid
903 4358 1004 4414 pro
1032 4340 1415 4398 conservandis
1441 4340 1646 4410 legibus
1686 4353 1816 4394 cen-

227 4438 414 4518 suerit,
446 4436 618 4492 modis
638 4435 886 4491 omnibus
913 4433 1210 4504 impleatis;
1238 4439 1504 4502 quatenus
1549 4439 1604 4485 et
1629 4439 1816 4487 nostro

228 4523 474 4602 linperio,
503 4536 560 4585 et
587 4536 782 4584 vestra:
807 4527 1027 4582 utilitati
1051 4523 1375 4581 satisfecisse
1396 4521 1702 4577 videamini.
1839 4532 1892 4592 D

507 4663 592 4718 IV.
635 4677 883 4720 FORIULA
911 4676 1148 4717 naeuus
1176 4673 1505 4716 austrum:

293 4776 550 4845 Quamvis
570 4773 982 4846 spectabilitatis
1007 4774 1182 4829 honor
1220 4788 1358 4827 unus
1401 4786 1521 4825 esse
1548 4768 1812 4832 videatur,

230 4884 325 4926 nec
356 4870 410 4924 in
439 4868 524 4922 his
550 4867 752 4936 aliquid
772 4866 916 4921 aliud
940 4866 1042 4920 nisi
1073 4874 1282 4934 tempus
1327 4863 1500 4920 soleat
1538 4858 1814 4926 anteferri,

229 4968 404 5015 tamen
432 4975 611 5016 rerum
638 4957 893 5030 qualitate
913 4971 1174 5030 perpensa
1202 4956 1427 5012 multum
1450 4955 1532 5010 his
1553 4953 1817 5008 creditum

297 5245 323 5273 ι
363 5234 605 5290 Adhibita
633 5233 882 5305 prudente
910 5231 1167 5305 Romano,
1204 5227 1258 5283 id
1285 5234 1370 5282 est
1404 5219 1811 5305 jurisconsulto,

222 5306 315 5376 qui
345 5321 453 5361 non
489 5293 827 5376 patieturad
851 5317 997 5356 arma
1026 5309 1082 5354 et
1122 5301 1296 5354 rixam
1319 5293 1636 5376 procedere,
1666 5303 1808 5376 quos

223 5363 531 5445 possitsu'a
570 5373 938 5445 jurisdictione
966 5363 1388 5445 componerefl.
1419 5363 1512 5445 β,
1642 5363 1808 5445 cujus,

226 5432 366 5501 vers.
394 5444 515 5500 Cur.
535 5432 702 5518 enim,
735 5443 795 5495 D.
825 5441 904 5495 De
927 5432 1161 5518 usum-4.6.
1194 5432 1810 5518 Nam,_ut.subjici_tiLi:u

229 5497 383 5569 causa
405 5497 612 5585 possint
635 5497 907 5585 ju'ra._non
936 5497 1190 5585 brachia;
1289 5497 1390 5568 est,
1410 5503 1493 5585 vis
1524 5497 1638 5585 non
1659 5497 1811 5585 adhi-

231 5567 423 5639 beatur:
444 5567 967 5652 invdisccpta'tionea
1007 5567 1463 5652 litigantibusgut
1499 5568 1644 5640 apud
1664 5567 1810 5652 (irrat-

231 5635 776 5726 Ebé’i’iéijcégééigc,
802 5651 877 5706 sic
906 5635 1332 5726 Latinisvmanus.
1350 5635 1812 5726 Ρνριηρὸηηίοιιρ-

232 5725 313 5776 nia
353 5711 512 5778 manu
543 5740 570 5777 a
598 5711 811 5791 regibus
837 5720 1269 5791 gubernabantur
1297 5715 1377 5791 l._,_.
1398 5711 1449 5791 2,
1474 5712 1540 5763 de
1568 5711 1702 5774 orig.
1726 5711 1811 5791 ju:

235 5795 322 5850 ris.
356 5794 506 5851 I’aul.
538 5794 571 5849 5
602 5783 739 5849 sent.
771 5809 782 5844 :
810 5783 912 5857 Qui
939 5789 1231 5844 custodiam
1273 5785 1423 5839 militi
1466 5783 1809 5856 prosequenti

2298 3293 2362 3349 ν.
2395 3294 2421 3332 b
2453 3312 2498 3349 ιη
2520 3310 2697 3349 unum
2726 3309 2880 3352 unus
2910 3311 3140 3350 ΡΑιΑτιι.

1996 3404 2127 3458 Aula
2160 3410 2340 3457 nostra
2377 3403 2516 3457 sicut
2542 3402 2888 3472 cognoscitur
2927 3404 3112 3472 peritis
3153 3404 3514 3473 dispositionis

1924 3494 2023 3549 bus
2047 3493 2310 3556 instituta,
2353 3493 2424 3546 ita
2465 3492 2746 3546 doctorum
2775 3493 2828 3546 iu
2865 3507 2930 3547 ea
2950 3492 3176 3561 diligens
3201 3493 3364 3549 debet
3396 3511 3516 3552 esse

1922 3583 2131 3638 cautela
2155 3600 2168 3634 :
2191 3581 2406 3650 quando
2429 3580 2767 3651 pulchritudo
2795 3581 2884 3635 illa
2905 3583 3184 3648 mirabilis,
3213 3584 3258 3640 si
3281 3585 3511 3641 subinde

1923 3689 2028 3729 non
2052 3671 2309 3739 reﬁcitur,
2337 3678 2614 3727 senectute
2656 3671 2951 3741 obrepente
2978 3672 3213 3728 vitiatur.
3244 3670 3374 3728 Hzec
3407 3689 3515 3730 no-

1921 3773 2028 3818 stra
2045 3771 2170 3818 sunt
2189 3762 2604 3829 oblectamenta,
2618 3763 2870 3832 potentia:
2891 3763 3098 3833 imperii
3118 3763 3312 3818 decora
3330 3762 3511 3829 facies,

1924 3856 2288 3912 testimonium
2315 3855 2638 3924 pneconiale
2666 3867 2954 3922 regnorum
2988 3873 3001 3908 :
3044 3856 3158 3910 haec
3196 3857 3388 3923 legatis
3415 3859 3513 3916 sub

1921 3947 2278 4002 admiratione
2319 3931 2715 4010 monstrantur;
2763 3952 2820 3998 et
2845 3945 3014 4014 prima
3055 3943 3232 4000 fronte
3261 3945 3384 3999 talis
3409 3945 3511 4000 do.

1920 4042 2098 4094 minus
2125 4054 2244 4095 esse
2262 4037 2516 4103 creditur,
2549 4037 2708 4107 quale
2731 4036 2846 4106 ejus
2875 4036 3234 4091 habitaculum
3262 4050 3513 4105 compro~

1918 4128 2092 4183 batur.
2119 4128 2186 4181 Et
2214 4127 2334 4182 ideo
2367 4140 2557 4194 magna
2581 4126 2824 4194 voluptas
2849 4123 2960 4196 [Gr.
2992 4133 3040 4176 et
3073 4124 3210 4195 C3Ij.,
3240 4123 3511 4195 voluntas]

1918 4228 2001 4275 est
2030 4217 2456 4290 prudentissima}
2479 4215 2690 4281 mentis,
2726 4213 3080 4283 pulcherrima
3114 4213 3313 4283 jugiter
3352 4214 3508 4268 habi.

1918 4311 2123 4364 tatione
2152 4308 2402 4377 gaudere,
2434 4316 2490 4362 et
2517 4307 2657 4360 inter
2686 4304 2923 4374 publicas
2951 4320 3107 4360 curas
3135 4305 3371 4360 animum
3402 4304 3509 4361 fesv

1915 4415 2032 4454 sum
2056 4397 2278 4454 reficere
2305 4397 2586 4453 dulcedine
2609 4396 2954 4468 fabricarum;
2979 4395 3121 4462 Quas
3154 4397 3381 4465 primum
3406 4395 3512 4468 Cy.

1917 4492 2100 4562 clopes
2119 4489 2365 4544 dicuntur
2403 4487 2468 4543 ad
2510 4495 2786 4541 antrorum
2819 4457 3034 4540 modum
3065 4487 3420 4556 amplissimas
3450 4488 3503 4544 in

1914 4582 2093 4640 Sicilia
2132 4580 2454 4645 condidisse,
2507 4586 2788 4648 postquam
2841 4579 2895 4633 in
2949 4579 3194 4634 cavernis
3243 4579 3508 4641 montium

1915 4673 2276 4745 Polyphemus
2329 4671 2398 4725 ab
2451 4669 2643 4740 Ulysse
2703 4668 2987 4740 singularis
3033 4668 3178 4723 oculi
3225 4668 3508 4735 lugendam

1917 4763 2210 4836 pertulerat
2234 4763 2540 4816 orbitatem.
2574 4758 2699 4813 Inde
2723 4759 2786 4813 ad
2807 4757 3010 4814 Italiam
3035 4757 3324 4814 fabricandi
3358 4760 3504 4827 peri—

1921 4857 1992 4911 tia
2035 4855 2226 4925 legitur
2252 4853 2412 4909 luisse
2459 4852 2737 4920 translata,
2767 4861 2826 4906 ut
2861 4851 3005 4921 quod
3036 4852 3194 4907 tantis
3222 4867 3285 4906 ac
3317 4852 3508 4906 talibus

1921 4945 2313 5003 institutoribus
2342 4945 2616 4999 inventum
2659 4949 2761 5008 est,
2804 4941 3103 4997 mmulatrix
3142 4939 3428 5010 posteritas
3455 4938 3508 4994 in

1917 5229 2107 5282 magna
2135 5230 2314 5286 manu
2353 5210 2720 5286 escusserint,
2745 5208 2928 5279 capite
2949 5206 3276 5286 puniuntur.
3333 5204 3500 5286 Furta:

1989 5275 2239 5341 b'Sidon.
2273 5283 2447 5353 Apoll.
2483 5297 2610 5353 cap.
2657 5279 2744 5344 25,
2787 5275 2906 5353 pag.
2949 5275 3234 5353 548._Vi.le
3262 5290 3380 5346 quae

1918 5358 2048 5412 dicit
2075 5346 2759 5435 '§av‘aro.:.Vigiliuslpapa
2787 5346 2847 5435 ip
2877 5346 3301 5435 epistula-quae
3315 5351 3503 5435 exstat

1922 5436 2052 5481 tom.
2075 5423 2140 5481 IV
2172 5422 2374 5493 Concil.
2400 5417 2521 5491 pag.
2555 5417 2656 5493 itii
2681 5417 2704 5493 £_
2728 5417 2833 5493 Sed
2867 5426 2922 5493 et
2945 5417 3210 5493 Iustinum
3238 5428 3503 5493 exconsuf

1917 5498 2022 5552 lem
2056 5504 2110 5549 et
2137 5509 2264 5549 cura
2291 5485 2502 5562 palatii;
2531 5488 2597 5562 ad
2623 5489 2772 5562 cujus
2791 5487 2895 5562 loci
2913 5501 3063 5562 auram
3092 5485 3265 5562 editor
3294 5485 3501 5539 notavit

1914 5565 2197 5634 legendum,
2227 5553 2455 5634 forteex
2481 5553 2627 5614 curia
2677 5553 2880 5634 palatii.
2929 5554 3037 5610 Sed
3092 5553 3323 5634 fallitur;
3375 5566 3499 5606 nam

1911 5621 2297 5690 restituendum
2328 5631 2448 5685 dico
2479 5621 2821 5695 excons'ulem
2851 5634 3048 5695 etcura
3073 5623 3274 5695 palatii.
3303 5621 3356 5676 In
3398 5637 3498 5689 ap-

1912 5706 2137 5774 pcnzlice
2166 5699 2616 5774 Grcgot;"l‘ttu‘0p.
2659 5694 2849 5774 Hister.
2909 5693 3123 5760 hanc},
3158 5693 3248 5749 lib.
3274 5709 3347 5758 ιι,
3371 5706 3490 5761 cap.

1913 5765 1946 5830 Β
1973 5794 1984 5828 ;
2009 5776 2201 5830 Curam
2226 5765 2405 5842 palatii
2436 5767 2672 5836 gerebat.
2712 5765 2903 5820 luam.
