3958 6466
453 312 561 369 ηιι

1700 304 1779 363 ΙΙ.
1819 302 2097 361 Αυιιιςιιι
2132 300 2527 359 CASSlODORl

3654 299 3761 358 ιη

443 437 614 482 suum
641 418 985 478 commodum
1022 416 1336 474 custodiret.
1368 413 1502 471 Hinc
1530 422 1611 471 est
1638 414 1782 484 quod
1811 413 2050 469 sublimi-
2078 420 2129 476 Α
2155 412 2386 468 videaris
2422 410 2688 474 incedere,
2731 382 2816 465 vel
2841 416 2901 464 ut
2941 409 3059 479 ipso
3105 410 3415 467 testimonio
3462 413 3758 471 vicinitats

448 519 626 568 .tatem
652 510 845 584 μαίνει.
875 508 998 579 legit
1022 506 1495 579 spectabilitatem]
1524 515 1669 559 tuam
1700 504 1767 559 ab
1799 504 1889 558 illa
1918 503 2055 558 indi-

447 601 641 655 .ctione
652 612 837 654 curam
849 596 1036 667 palatii
1057 596 1228 651 nostri
1249 594 1522 664 suscipere
1538 592 1736 647 debere
1748 605 2053 655 censemus,

448 697 519 745 ut
535 696 592 745 et
610 687 830 759 antiqua
858 686 924 741 in
946 686 1177 742 nitorem
1201 685 1481 757 pristinum
1503 683 1804 748 contineas,
1832 689 1887 737 et
1918 695 2058 736 nova

455 776 617 833 simili
644 776 966 845 antiquitate
1000 775 1287 845 producas.
1319 772 1455 840 Quia
1481 773 1620 828 sicut
1644 771 1902 827 decorum
1936 785 2058 825 cor-

455 884 558 941 pus
588 882 697 923 uno
724 866 983 923 convenit
1021 865 1206 922 colore
1234 865 1437 931 vestiri,
1486 864 1561 918 ita
1598 863 1743 917 nitor
1772 862 1957 933 palatii
1986 863 2061 916 si-

458 960 603 1015 milis
630 958 793 1013 debet
833 972 930 1027 per
960 956 1210 1013 universa
1239 965 1265 993 ι
1295 954 1533 1010 membra
1563 952 1804 1008 diffundi.
1836 952 1916 1008 Ad
1938 966 2059 1022 qua:

460 1050 541 1105 sic
561 1049 766 1120 poteris
789 1048 1015 1103 idoneus
1036 1046 1287 1115 inveniri,
1309 1046 1354 1101 si
1393 1044 1702 1115 frequenter
1727 1052 2058 1113 geometram

459 1138 611 1207 legas
629 1136 928 1203 Euclidem;
959 1136 1003 1191 si
1046 1136 1323 1191 schemata
1362 1137 1498 1204 ejus,
1530 1133 1762 1189 mirabili
1799 1134 2060 1188 varietate

461 1228 753 1299 descripta,
784 1229 839 1283 in
873 1236 979 1283 tua:
1007 1228 1202 1283 mentis
1240 1225 2057 1297 contemplationecondideris;

459 1328 521 1375 ut
550 1319 601 1373 in
623 1319 757 1373 hora
785 1318 1114 1374 commonita
1144 1316 1431 1371 famuletur
1469 1316 1563 1369 tibi
1598 1316 1816 1385 copiosa
1845 1315 2056 1369 notitia.

459 1407 813 1465 Archimedes
840 1423 1055 1477 quoque
1076 1406 1456 1462 subtilissimus
1479 1406 1777 1476 exquisitor
1801 1420 1923 1459 cum
1945 1402 2057 1459 Me-

458 1499 636 1554 trobio
662 1499 757 1553 tibi
785 1512 1000 1568 semper
1013 1496 1292 1565 assistant,
1309 1505 1369 1551 ut
1392 1497 1458 1551 ad
1480 1511 1621 1552 nova
1636 1494 1878 1550 reddaris
1903 1509 2063 1563 para-

460 1589 719 1645 tissimus.
744 1588 862 1645 Non
886 1588 1030 1644 enim
1051 1586 1147 1642 tibi
1174 1587 1534 1643 minimaeura
1550 1585 1830 1655 delegatur
1840 1582 2057 1656 quando

461 1682 699 1737 animum
715 1690 957 1737 nostrum
978 1680 1275 1736 fabricandi
1294 1680 1471 1735 studio
1500 1680 1901 1750 cupidissimum
1924 1680 2057 1734 artis

459 1779 566 1826 tum
586 1772 886 1829 ministerio
900 1772 1149 1843 probaris
1181 1772 1419 1843 explere.
1444 1771 1575 1827 Nam
1605 1772 1771 1827 sicubi
1800 1779 1893 1825 aut
1922 1771 2055 1825 civi-

457 1871 628 1919 tatem
650 1864 941 1931 reficimus,
966 1871 1061 1919 aut
1079 1864 1423 1919 castellorum
1442 1862 1687 1918 volumus
1706 1861 1931 1915 fundare
1952 1876 2050 1916 nov

2160 510 2357 557 nostra:
2377 513 2731 569 agnoscamus
2751 498 2844 554 tibi
2877 498 3073 568 palatia
3093 501 3451 558 commisisse.

2298 652 2388 708 Vl.
2436 662 2458 692 ε
2500 668 2743 709 roauuu
2782 668 3051 708 eumn”;
3103 669 3388 710 renuntii
3442 672 3620 713 uanis.

2231 766 2485 833 Quamvis
2510 764 2786 822 Romuleae
2823 765 3039 821 fabrica:
3065 767 3275 823 collata:
3302 768 3405 824 sibi
3436 769 3526 824 vix
3556 772 3763 840 possint

2159 859 2440 927 praacipnze
2513 857 2739 927 reperiri
2771 858 2919 927 (quia
2986 866 3161 912 totum
3228 858 3297 912 ad
3347 858 3761 914 admirationem

2165 948 2317 1018 113
2359 947 2596 1001 noscitur
2632 947 2980 1015 exquisitum,
3029 947 3175 1015 quod
3232 947 3301 1002 ibi
3352 950 3603 1003 cernitur
3649 966 3763 1005 esse

2158 1034 2481 1106 funiatum),
2508 1045 2684 1090 tamen
2715 1038 2981 1091 interesse
3022 1038 3344 1105 arbitramur
3373 1038 3520 1106 quod
3566 1040 3762 1094 utilitas

2158 1128 2458 1183 necessaria
2496 1128 2780 1197 gratilicat,
2823 1136 2880 1182 et
2918 1128 3061 1198 quod
3113 1130 3525 1198 pulchritudinis
3559 1141 3763 1187 tantum

2160 1235 2322 1275 causa
2351 1219 2714 1275 commendat.
2744 1218 2960 1289 Traiani
2996 1218 3170 1274 forum
3204 1222 3286 1275 vel
3315 1223 3415 1276 sub
3446 1222 3764 1278 assiduitate

2159 1315 2343 1369 videre
2372 1315 2685 1369 miraculum
2724 1321 2826 1368 est.
2879 1312 3141 1381 Capitolia
3186 1313 3327 1368 celsa
3370 1316 3760 1380 conscendere,

2156 1407 2263 1462 hoc
2306 1414 2390 1461 est
2436 1407 2669 1460 humana
2721 1406 2928 1474 ingenia
2956 1413 3210 1473 superata
3238 1405 3459 1460 vidisse.
3490 1404 3604 1462 Sed
3634 1425 3765 1462 nua-

2156 1496 2285 1565 quid
2314 1511 2411 1566 per
2437 1511 2499 1551 ea
2523 1496 2739 1560 vivitur,
2794 1503 2888 1550 aut
2937 1495 3184 1565 corporis
3228 1496 3373 1550 salus
3419 1497 3606 1566 aliqua
3648 1497 3767 1553 inde

2158 1588 2519 1643 delectatione
2553 1588 2861 1642 recreatur?
2909 1585 2929 1625 τ
2960 1585 3021 1640 ln
3062 1584 3251 1641 formis
3279 1596 3461 1641 autem
3510 1588 3767 1644 Romanis

2160 1690 2446 1750 utrumque
2474 1682 2804 1750 prmcipuum
2827 1689 2927 1745 est,
2962 1688 3020 1734 ut
3062 1678 3264 1735 fabrica
3294 1681 3365 1735 sit
3400 1682 3689 1743 mirabilis,
3716 1693 3764 1737 rt

2091 1804 2128 1859 Β
2157 1786 2415 1841 aquarum
2451 1771 2739 1825 salubritas
2776 1769 3080 1837 singularis.
3128 1767 3283 1835 Quod
3318 1772 3463 1824 enim
3511 1770 3642 1826 illuc
3676 1771 3765 1825 llu-

2157 1863 2321 1928 mina,
2346 1860 2499 1932 quasi
2521 1861 2845 1917 constructis
2863 1859 3041 1933 ICor.,
3069 1858 3199 1926 6a.,
3230 1860 3533 1935 obstrictis]
3568 1866 3763 1918 monti-

455 1960 703 2027 vitatem,
725 1960 813 2016 vel
850 1960 897 2015 si
928 1958 1277 2016 construendi
1298 1958 1455 2014 nobis
1494 1958 1732 2029 praetorii
1766 1956 2055 2011 amoenitas
2153 1954 2257 2009 bus
2289 1952 2674 2024 perducuntur,
2707 1953 2977 2008 naturales
3015 1952 3207 2008 credas
3232 1953 3417 2009 alveos
3464 1958 3765 2014 soliditates

456 2050 785 2119 blandiatur,
837 2049 866 2091 ι’
918 2058 974 2108 te
1025 2050 1334 2120 ordinante,
1382 2048 1451 2104 ad
1503 2048 1692 2104 oculos
1746 2046 2059 2117 perducitur

454 2142 599 2212 quod
628 2143 785 2199 nobis
804 2142 1165 2213 cogitantibus
1192 2143 1481 2198 invenitur.
1512 2140 1778 2196 Decorum
1795 2140 2056 2208 magiste-

455 2232 619 2299 rium,
650 2232 986 2302 propositum
1027 2233 1251 2288 omnino
1299 2233 1613 2303 gloriosum,
1643 2232 1695 2285 in
1736 2239 1845 2285 tam
1875 2230 2061 2299 longas

455 2326 648 2377 aetates
691 2321 928 2387 mittere,
976 2320 1119 2377 unde
1156 2330 1210 2377 te
1238 2321 1434 2377 debeat
1462 2321 1753 2391 posteritas
1799 2320 2060 2375 admirata

454 2407 703 2466 laudare.
734 2410 1004 2482 Quidquid
1032 2412 1176 2469 enim
1203 2421 1297 2465 aut
1338 2413 1633 2467 instructor
1656 2412 1938 2482 parietum,
1968 2418 2061 2466 aut

454 2499 701 2571 sculptor
727 2516 1076 2567 marmorum,
1108 2510 1201 2557 aut
1240 2503 1362 2557 teris
1400 2501 1569 2569 fusor,
1597 2512 1690 2557 aut
1728 2518 2060 2558 camerarum

456 2598 688 2657 rotator,
712 2598 808 2646 aut
842 2592 1240 2663 gypsoplastes,
1272 2599 1366 2647 aut
1404 2602 1426 2632 α
1468 2592 1791 2649 musivarius
1830 2593 2061 2662 ignorat,

456 2687 514 2735 te
551 2680 847 2750 prudenter
892 2681 1221 2753 interrogat;
1254 2690 1311 2739 et
1339 2692 1446 2738 tam
1476 2697 1702 2754 magnus
1731 2684 1821 2740 ille
1860 2684 2064 2739 fabrilis

456 2772 729 2828 exercitus
756 2772 823 2827 ad
853 2781 1004 2829 tuum
1051 2774 1281 2829 recurrit
1322 2774 1605 2845 judicium,
1650 2792 1718 2831 ne
1768 2776 2064 2846 possitali-

455 2866 587 2935 quid
612 2866 812 2923 habere
836 2866 1135 2923 confusum.
1168 2868 1302 2925 Vide
1316 2883 1446 2939 ergo
1465 2877 1666 2941 quanta
1688 2870 1849 2926 debet
1879 2886 2061 2935 nosse,

455 2958 547 3028 qui
578 2958 746 3027 possit
785 2966 963 3014 tantos
992 2959 1276 3016 instruere.
1322 2960 1540 3031 Recipis
1587 2968 1737 3017 certe
1774 2960 1931 3016 bonae
1955 2960 2063 3016 dis-

455 3047 791 3117 pensationis
807 3056 913 3103 tute
927 3048 1252 3104 uberrimum
1269 3047 1521 3116 fructum,
1543 3065 1666 3105 cum
1688 3056 1745 3104 tu
1758 3050 1825 3106 de
1844 3051 2059 3106 illorum

2159 2059 2434 2109 saxorum,
2468 2042 2683 2113 quando
2705 2050 2885 2098 tantus
2914 2043 3144 2113 impetus
3173 2043 3406 2101 ﬂuminis
3435 2054 3519 2101 tot
3550 2051 3759 2102 saeculis

2160 2133 2383 2189 firmiter
2422 2134 2599 2205 potuit
2640 2132 2916 2189 sustineri.
2965 2131 3155 2187 Cavati
3194 2142 3406 2194 montes
3446 2134 3762 2205 plerumque

2162 2224 2446 2290 subruunt,
2496 2233 2705 2278 meatus
2758 2222 3078 2277 torrentium
3119 2221 3475 2293 dissipantur;
3527 2234 3583 2279 et
3636 2242 3759 2296 opus

2161 2313 2290 2368 illud
2319 2322 2561 2369 veterum
2590 2329 2697 2368 non
2726 2313 3039 2377 destruitur,
3063 2312 3110 2367 si
3152 2313 3413 2369 industria
3432 2314 3755 2385 suffragante

2161 2414 2425 2460 servetur.
2458 2405 2827 2475 Respiciamus
2848 2412 2992 2460 certe
3028 2419 3286 2474 aquarum
3316 2406 3475 2477 copia
3502 2419 3754 2477 quantum

2164 2496 2421 2552 Romanis
2441 2497 2707 2553 mmnibus
2730 2504 2951 2566 prmstat
2979 2507 3246 2551 ornatum.
3276 2496 3408 2551 Nam
3434 2498 3757 2571 thermarum

2163 2589 2252 2644 illa
2298 2588 2643 2660 pulchritudo
2689 2587 2818 2658 quid
2866 2596 3027 2655 esset,
3072 2588 3118 2643 si
3163 2588 3473 2644 dulcissima
3524 2592 3757 2661 quaedam

2162 2698 2381 2754 aequora
2409 2699 2517 2739 non
2546 2682 2803 2738 haberet?
2833 2680 3013 2737 Currit
3042 2697 3180 2751 aqua
3216 2681 3368 2750 virgo
3397 2682 3500 2737 sub
3530 2683 3757 2738 delecta-

2166 2778 2312 2832 tione
2362 2776 2685 2846 purissima;
2733 2789 2853 2844 qua:
2897 2773 3018 2829 ideo
3067 2774 3145 2829 sic
3190 2774 3459 2843 appellata
3510 2776 3753 2841 creditur,

2163 2868 2304 2938 quod
2336 2867 2494 2922 nullis
2514 2865 2763 2921 sordibus
2783 2865 3072 2936 polluatur.
3103 2864 3235 2919 Nam
3254 2880 3376 2920 cum
3409 2866 3534 2919 aliae
3564 2867 3755 2936 pluvia-

2162 2973 2282 3011 rum
2322 2958 2601 3012 nimietate
2644 2965 2859 3011 terrcna
2902 2956 3281 3011 commixtione
3330 2956 3625 3022 violentur,
3655 2960 3753 3013 hate

2162 3063 2342 3103 aerem
2373 3056 2636 3118 perpetuo
2666 3062 2915 3103 serenum
2942 3047 3220 3116 iurissime
3240 3046 3428 3102 labens
3448 3064 3524 3102 nn
3549 3050 3594 3102 'a
3624 3065 3753 3103 men-

457 3138 646 3193 labore
674 3138 931 3203 laudaris,
965 3140 1009 3194 si
1050 3140 1117 3195 ab
1150 3140 1229 3195 eis
1257 3139 1541 3209 diligenter
1568 3140 1709 3197 facta
1733 3150 2061 3199 monstrave-
2086 3168 2129 3227 ε
2164 3139 2313 3193 titur.
2343 3137 2473 3205 Quis
2500 3139 2668 3208 possit
2699 3138 2825 3192 talia
2856 3137 3195 3191 sermonibus
3218 3135 3428 3191 idoneis
3456 3139 3753 3207 explicare?

455 3228 548 3285 ris.
579 3230 919 3300 Quapropter
946 3230 1202 3300 quidquid
1229 3230 1296 3285 ad
1320 3240 1372 3287 te
1394 3233 1649 3302 pertinet,
1677 3231 1752 3285 ita
1775 3232 2052 3297 decenter,

456 3320 531 3376 ita
571 3320 793 3377 firmiter
819 3321 1069 3377 volumus
1098 3322 1378 3393 explicari,
1422 3333 1483 3377 ut
1523 3324 1590 3379 ab
1621 3338 1787 3393 opere
1813 3333 2056 3379 veterum

456 3410 572 3466 sola
602 3410 763 3466 distet
784 3412 992 3467 novitas
1017 3410 1358 3467 fabricarum.
1386 3412 1495 3468 Sed
1524 3414 1639 3469 haec
1668 3415 1941 3484 possibilia
1976 3416 2055 3469 fa-

454 3501 561 3566 cis,
610 3501 656 3555 si
705 3500 848 3557 dona
903 3509 1089 3558 nostra
1132 3503 1279 3558 nulla
1329 3504 1624 3575 cupiditate
1670 3507 2052 3576 suppresseris.

460 3586 765 3645 Eilicaciter
784 3591 929 3646 enim
955 3591 1181 3661 imperat
1209 3592 1420 3658 artilici,
1464 3595 1552 3663 qui
1578 3610 1701 3649 cum
1727 3598 2053 3664 competenti

461 3692 568 3734 non
605 3678 807 3748 patitur
833 3680 1220 3737 commoditate
1248 3682 1507 3737 fraudari.
1558 3684 1745 3739 Manus
1776 3685 1919 3753 larga
1965 3702 2053 3740 ar-

462 3769 597 3825 tium
628 3772 795 3826 nutrit
824 3772 1059 3841 ingenia,
1087 3774 1305 3843 quando
1327 3775 1419 3843 qui
1444 3776 1510 3831 de
1532 3776 1676 3831 victu
1708 3792 1813 3832 non
1832 3780 2052 3846 Cogitat,

459 3860 719 3931 perlicere
736 3861 885 3931 jussa
926 3861 1166 3919 festinat.
1206 3864 1339 3919 Illud
1370 3880 1588 3936 quoque
1617 3866 1920 3931 considera,
1950 3882 2053 3936 qua

460 3950 855 4019 gratiﬁcatione
883 3954 1149 4019 tracteris,
1195 3962 1251 4009 ut
1293 3952 1318 3991 ἀ
1363 3970 1523 4010 aurea
1552 3955 1697 4023 virga
1748 3956 2051 4020 decoratus,

459 4043 604 4099 inter
630 4046 886 4118 obsequia
912 4061 1222 4115 numerosa,
1268 4055 1395 4104 ante
1440 4048 1606 4118 pedes
1634 4047 1813 4119 regios
1834 4048 2043 4118 primus

532 4258 559 4288 ι
599 4247 893 4304 Membrum
942 4249 1149 4305 mdilicii
1200 4265 1298 4319 pro
1336 4257 1487 4318 parte
1534 4247 1747 4315 domus,
1794 4251 1828 4305 Ι.
1877 4249 2057 4319 15,VSi

460 4322 555 4392 ita,
589 4320 616 4392 ᾗ
650 4319 1126 4392 Idequuteritb.
1164 4320 1240 4372 De
1254 4336 1425 4392 _manu
1454 4328 1696 4392 testam;
1742 4321 1778 4375 Ι.
1828 4319 1920 4387 52,
1968 4318 2061 4392 Li-

464 4388 703 4461 brorum,
737 4388 974 4461 §7Pl'ene,
997 4388 1088 4461 ide
1115 4390 1220 4458 leg.
1252 4390 1307 4461 .3i
1326 4388 1510 4461 Plin”
1559 4390 1657 4445 lib.
1690 4393 1935 4461 tt,_epist.
1974 4390 2059 4454 l7,

463 4458 757 4528 Apuleius,
771 4460 861 4528 lib.
893 4476 949 4513 ιιι
979 4460 1045 4514 de
1066 4459 1251 4514 Asino.
1277 4460 1413 4523 Cic.,
1447 4460 1537 4514 lib.
1565 4476 1620 4514 ιιι
1648 4462 1713 4515 ad
1744 4458 1846 4526 Qu.
1881 4460 2060 4527 fratr.,

467 4527 625 4610 epist.
659 4529 728 4610 1}.
751 4527 860 4583 Nec
907 4530 1365 4610 Italierenpotcrat
1411 4530 1656 4610 adjuncta
1702 4531 1965 4610 cubicula,
2012 4540 2067 4610 et

465 4599 734 4667 ejusmodi
786 4599 1041 4653 membra.
1095 4601 1270 4665 Quare
1317 4616 1423 4654 non
1486 4600 1925 4655 dissimulandum
1982 4608 2067 4654 est

463 4668 684 4724 Graecos
720 4668 882 4737 paulo
909 4671 1182 4736 angustius
1212 4670 1378 4724 videri
1408 4672 1705 4726 membrum
1734 4680 1944 4727 κοιτῶνα
1967 4685 2063 4725 ex-

467 4739 735 4811 posuisse,
756 4737 823 4811 d1
847 4739 873 4809 §
899 4737 1046 4791 Idem
1069 4740 1250 4809 quaeri.
1291 4739 1457 4794 Fons.

544 4807 571 4847 δ
614 4808 685 4881 Te
712 4807 1005 4881 ordinante,
1024 4807 1092 4881 te
1126 4818 1418 4877 prmennte,
1467 4825 1535 4865 ex
1580 4816 1672 4865 tuo
1719 4810 2060 4881 prmscripto;

467 4878 726 4960 formulas
748 4879 888 4960 enim
911 4886 994 4960 “et
1022 4877 1191 4945 ideas,
1235 4888 1298 4960 et_
1334 4888 1509 4960 typos,
1560 4890 1618 4960 et
1659 4877 1959 4960 schemata,
1987 4890 2069 4960 _et

466 4949 881 5021 ichnographias
910 4948 1203 5021 futurarum
1231 4948 1554 5008 fabricarum
1595 4951 1826 5008 faciebat
1858 4960 1919 5007 et
1947 4951 2067 5021 pin-

466 5018 994 5091 gebatgarchitcctus.
1052 5018 1217 5073 Foan.

548 5102 569 5129 ε
607 5089 945 5164 )lusivnrius,
981 5104 1014 5164 a
1044 5091 1331 5164 musivario
1380 5108 1565 5164 opere,
1604 5092 1748 5162 quod
1797 5091 2071 5164 sectilibus

467 5160 755 5231 parvisque
778 5159 1132 5231 variicoloris
1158 5163 1351 5231 crustis
1373 5159 1603 5226 constat,
1623 5159 1838 5218 'formas
1860 5169 1915 5215 et
1943 5162 2070 5213 ima-

464 5228 823 5303 ginesﬂrerum
865 5228 1144 5303 efﬁngens.
1190 5230 1363 5287 IElins
1406 5234 1701 5303 Spartian.,
1735 5234 1788 5287 in
1831 5230 2069 5303 Pescen-

464 5300 588 5369 nio;
617 5302 678 5357 D.
723 5301 1027 5369 Augustin.,
1062 5302 1152 5356 lib.
1190 5319 1276 5357 xvr
1304 5305 1371 5358 de
1392 5300 1549 5359 Civil.
1586 5303 1699 5367 Dei,
1734 5319 1784 5367 c,
1825 5300 1887 5362 8;
1933 5300 2068 5355 Gul-

464 5372 575 5429 liel.
609 5371 918 5437 Philander,
946 5371 999 5425 in
1025 5370 1249 5427 Vitruvii
1281 5374 1371 5428 lib.
1398 5390 1487 5439 vn,
1529 5390 1577 5428 c.
1610 5373 1660 5440 Ι,
1690 5372 1954 5425 musivum
1988 5372 2071 5425 in-

467 5451 795 5514 terpretatur
815 5442 956 5512 quod
989 5458 1127 5514 nunc
1156 5445 1448 5498 mosaicum
1480 5442 1944 5514 dictitant,~cujus
1977 5456 2065 5514 ar-

467 5512 639 5569 tiﬁces
667 5513 773 5579 hic,
805 5521 861 5568 et
900 5513 992 5568 lib.
1027 5529 1059 5566 ι
1088 5512 1248 5582 Cod.,
1282 5515 1361 5567 tit.
1395 5516 1461 5568 de
1499 5529 1654 5567 excu.
1686 5513 1853 5575 artil'.,
1898 5512 2065 5565 musi-

465 5585 597 5637 v:irii
628 5583 992 5637 nominantur.
1024 5582 1190 5638 Fons.

537 5655 560 5689 ά
585 5653 689 5720 Qui
720 5654 770 5707 in
794 5654 909 5706 aula
950 5656 1311 5723 posteriorum
1342 5652 1547 5722 imperii
1581 5653 1740 5706 Rom.
1766 5651 2067 5720 principum

464 5737 608 5778 cuiae
637 5724 819 5793 palatii
859 5724 1064 5777 honore
1104 5741 1166 5778 ac
1207 5740 1431 5778 munere
1481 5725 1857 5793 fungebantur,
1904 5737 2069 5777 aurea

470 5794 616 5865 virga
640 5792 923 5850 decoratos
954 5795 1237 5855 incessisse
1265 5794 1425 5850 tradit
1472 5794 1572 5850 hoc
1608 5794 1731 5849 loco
1776 5792 2067 5850 Cassiodo-

2160 3229 2435 3285 Claudlam
2469 3246 2565 3301 per
2593 3237 2797 3284 tantam
2838 3227 3034 3296 fastigii
3080 3228 3277 3283 molem
3307 3229 3387 3283 sic
3415 3229 3481 3282 ad
3514 3230 3752 3308 Aventini

2160 3332 2320 3393 caput
2348 3339 2468 3377 esse
2496 3324 2833 3393 perductam,
2866 3329 2925 3375 ut
2953 3336 3073 3376 cum
3106 3321 3177 3375 ibi
3224 3336 3289 3375 ex
3336 3320 3447 3375 alto
3498 3322 3644 3390 lapsa
3672 3339 3755 3377 ce-

2158 3415 2368 3476 ciderit,
2413 3430 2671 3469 cacumen
2703 3412 2831 3468 illud
2871 3413 3140 3467 excelsum
3172 3412 3326 3482 quasi
3374 3414 3536 3467 imam
3569 3415 3755 3467 rallam

2162 3506 2383 3574 irrigare
2432 3504 2695 3558 videatur.
2760 3502 3045 3573 Egyptius
3101 3502 3248 3557 Nilus
3292 3504 3459 3558 certis
3502 3506 3757 3573 tempori-

2157 3598 2257 3650 bus
2285 3610 2532 3650 crescens
2561 3610 2658 3665 per
2684 3609 2903 3664 campos
2926 3593 3171 3663 jacentes
3200 3592 3535 3662 superducto
3561 3594 3751 3649 diluvic

2161 3702 2287 3741 acre
2318 3702 2511 3741 sereno
2559 3684 2898 3739 turbulentus
2944 3692 3233 3749 exa‘stuat;
3268 3683 3360 3737 sed
3392 3695 3601 3752 quanto
3651 3686 3735 3754 μοι

2160 3776 2343 3832 ein-ius
2356 3774 2750 3841 est,Claudiam
2765 3772 3064 3828 Romanam
3081 3788 3174 3841 per
3196 3780 3275 3827 tot
3300 3773 3473 3829 siccas
3502 3776 3759 3829 montium

2159 3868 2495 3923 summitates
2517 3866 2745 3920 lavacris
2774 3881 2839 3920 ac
2871 3864 3117 3919 domibus
3166 3864 3405 3932 liquores
3448 3866 3763 3934 purissimos

2165 3960 2459 4014 fistularum
2491 3958 2747 4012 uberibus
2767 3956 3045 4020 emisisse;
3080 3965 3134 4009 et
3164 3955 3235 4009 ita
3263 3956 3548 4024 aequaliter
3577 3954 3760 4023 fluere,

2152 4061 2208 4105 ut
2262 4065 2533 4119 nunquam
2576 4063 2637 4105 se
2690 4048 2859 4120 possit
2911 4046 3214 4103 desiderata
3270 4046 3620 4102 subducere?
3673 4046 3762 4102 ille

2164 4266 2281 4375 £qu
2325 4249 2469 4306 Petr.
2518 4250 2677 4306 Fabr.
2714 4250 2885 4319 Agon.
2919 4251 3013 4307 lib.
3046 4254 3093 4319 i;
3138 4266 3344 4320 sumes,
3398 4252 3493 4309 lib.
3546 4270 3601 4318 ι,
3645 4267 3762 4324 cap.

2211 4361 2223 4374 .
2289 4337 2374 4375 un.

2211 4361 2223 4374 .
2254 4337 2374 4375 JUR.

2244 4401 2266 4427 ι’
2300 4389 2561 4446 Comitium
2603 4392 2888 4462 formarum
2920 4390 3094 4462 Urbis,
3126 4391 3178 4446 id
3203 4400 3285 4447 est
3330 4392 3762 4462 aqnmductuum.

2171 4460 2247 4532 De
2276 4476 2341 4516 co
2362 4462 2552 4515 dicitur
2565 4460 2665 4532 qui
2684 4472 2899 4517 curator
2918 4460 3156 4532 aediﬁciis
3180 4460 3647 4532 prmllcitur,unile
3678 4462 3761 4515 de-

2172 4530 2414 4586 formitas
2450 4530 2798 4585 :cdificiorum
2837 4540 2892 4586 et
2919 4530 3195 4587 deformes
3235 4534 3424 4587 ruinae.
3452 4534 3682 4587 Sueton.
3713 4534 3761 4585 in

2174 4600 2422 4656 Nerone:
2448 4600 2797 4655 Deformitate
2842 4610 3084 4656 veterum
3120 4603 3465 4656 :Pdiiiciornm
3506 4602 3761 4667 offensus,

2173 4680 2228 4724 et
2250 4672 2509 4795 angustiis
2538 4669 2861 4741 ﬂexurisque
2887 4673 3123 4735 viarum;
3153 4671 3188 4725 l.
3222 4671 3318 4735 ‘22,
3358 4671 3465 4726 Lex
3492 4690 3608 4744 qmr
3636 4681 3762 4724 tuto-

2173 4758 2277 4795 res.
2347 4782 2360 4795 .
2396 4740 2474 4795 De
2496 4742 2691 4794 admin.
2720 4743 2890 4795 tut.:l.
2913 4742 2965 4795 1.
2997 4741 3057 4794 D.
3080 4741 3155 4795 De
3179 4744 3308 4795 tian.
3342 4744 3611 4795 iniuncto:
3644 4744 3680 4795 l.
3710 4741 3760 4795 7.

2172 4758 2277 4808 res,
2301 4740 2360 4795 ϐ.
2396 4740 2474 4795 De
2496 4742 2691 4812 adntin.
2720 4740 2890 4806 tul.;l.
2913 4742 2965 4808 1,
2997 4741 3057 4794 D.
3080 4741 3155 4795 De
3179 4744 3308 4812 tign.
3342 4740 3611 4812 injunélo;
3644 4741 3760 4812 l.r7,

2178 4813 2397 4876 l’rrt'ses,
2432 4812 2499 4866 de
2528 4810 2619 4865 οίῘ.
2647 4826 2802 4880 prses.
2835 4811 3101 4874 Cassiod.,
3133 4810 3313 4881 supra,
3340 4810 3431 4881 lib.
3457 4830 3535 4878 ιιι,
3558 4830 3642 4881 cp.
3676 4811 3762 4876 29,

2175 4881 2226 4935 in
2261 4882 2373 4937 lin.:
2405 4882 2480 4936 Ne
2511 4882 2650 4935 inter
2679 4891 2758 4935 tot
2798 4882 2990 4936 decora
3023 4880 3279 4937 mmnium
3318 4880 3577 4937 deformis
3600 4880 3762 4950 appa-

2176 4961 2295 5005 reat
2318 4953 2466 5006 ruina
2495 4968 2768 5006 saxorum.
2802 4950 2864 5003 Et
2896 4953 2946 5005 in
2977 4953 3303 5020 pragmatica
3332 4950 3616 5006 Justiniani
3640 4968 3761 5004 san-

2175 5022 2386 5086 ctione,
2418 5037 2538 5091 qum
2579 5022 2748 5077 veteri
2797 5020 2991 5076 Juliani
3040 5021 3762 5091 Novellarumconversimii

2174 5091 2389 5146 additur
2419 5090 2808 5161 :Reparationi
2855 5092 3180 5153 formarum,
3230 5100 3336 5146 etc.
3389 5090 3483 5145 Sic
3524 5096 3588 5148 τὸ
3639 5090 3762 5150 εἶδος

2174 5161 2571 5233 llartuenopnlo
2598 5162 2879 5233 aedilicium
2910 5172 3013 5226 est,
3041 5162 3176 5233 libro
3206 5177 3241 5215 ιι
3266 5162 3497 5233 Ἐπιτομ.
3522 5162 3690 5233 Fons.

2251 5232 2266 5269 ί
2301 5230 2509 5285 Formm
2536 5247 2813 5301 aquarum,
2840 5231 2937 5285 lib.
2967 5231 3095 5295 r;'de
3116 5232 3417 5301 aqueduct.
3440 5230 3584 5287 Cod.
3618 5234 3651 5284 l.
3680 5230 3759 5293 ll,

2176 5300 2275 5357 Ubi
2306 5302 2447 5357 male
2476 5300 2669 5357 Alci’at.
2704 5304 3027 5373 formarum:
3059 5300 3271 5373 Formae
3311 5302 3455 5373 enim
3487 5301 3761 5373 aquaedug-

2174 5381 2324 5426 tuum
2353 5370 2772 5427 exstructionem
2813 5370 3206 5440 :cditiciumqne
3233 5370 3553 5439 signiﬁcant.
3587 5371 3647 5425 L.
3678 5370 3759 5430 27,

2172 5441 2232 5513 Si
2263 5444 2563 5513 pendentes,
2588 5441 2616 5513 §
2644 5442 2845 5512 Siquid
2866 5443 3130 5513 cloacafii,
3162 5443 3223 5495 D.
3253 5440 3326 5494 De
3348 5444 3544 5513 us_u{_r.:
3570 5442 3653 5505 leg
3678 5440 3758 5490 il.

2169 5508 2317 5565 Idem
2348 5508 2612 5583 Julianus,
2639 5508 2797 5580 vulgo
2829 5512 2862 5565 l.
2894 5510 2984 5577 38,
3013 5510 3141 5566 Cum
3170 5528 3365 5583 seruus,
3398 5508 3605 5583 {Idem
3641 5512 3757 5571 ruit,

2171 5596 2312 5651 vers.
2349 5582 2552 5649 eres,
2578 5582 2671 5639 de-
2697 5584 2801 5649 leg.
2835 5583 2883 5647 i,
2918 5599 3015 5648 pro
3054 5597 3205 5651 aqum
3258 5581 3447 5636 forma.
3500 5582 3665 5635 Fons.
3697 5606 3758 5619 —-—

2175 5649 2239 5722 In
2288 5654 2489 5722 formis.
2540 5652 2598 5707 In
2659 5649 3128 5707 constitutionibus
3179 5652 3480 5721 principum
3543 5653 3757 5722 legimus

2172 5719 2375 5802 formas
2403 5738 2683 5802 aquarum“,
2716 5732 2774 5776 ut
2823 5724 2856 5777 l.
2894 5724 2945 5798 l,
2971 5722 3030 5780 (ἶ.
3062 5722 3141 5778 De
3185 5719 3416 5787 named"
3457 5738 3583 5777 nov.
3618 5720 3669 5782 7,
3698 5719 3755 5778 de

2173 5792 2351 5851 mand.
2386 5792 2612 5865 princip.
2643 5792 2829 5854 Bnoss.
