3958 6450
116 295 258 355 ’ἶιὸ

1451 300 1814 361 VARIARUM
1851 298 2054 358 LIBER
2091 299 2204 358 VII.

3361 291 3480 358 ’714

119 415 309 475 enim
337 421 474 478 dum
494 422 717 489 recedit,
769 422 928 478 limus
977 431 1088 490 est;
1133 422 1258 477 dum
1287 420 1438 478 venit
1484 421 1775 492 insperate,
1804 419 2146 484 Aversutias
2200 415 2414 472 irretire
2461 414 2697 486 possitis.
2755 413 2984 470 Facilius
3037 411 3184 468 enim
3239 412 3478 469 {estima-

120 506 457 566 diluvium.
491 511 621 579 Quis
659 527 789 581 ergo
840 511 1106 568 famosum
1155 512 1331 567 Nilum
1388 509 1545 566 Urbis
1589 520 1789 566 nostra:

122 599 489 661 ﬂuminibus
509 621 619 661 non
657 607 887 661 testimet
916 621 1037 662 esse
1064 605 1418 677 superatum?
1447 601 1676 670 Quando
1701 602 1790 657 ille

127 691 388 752 incolas
420 712 551 752 suos
581 705 675 752 aut
718 697 987 753 veniendo
1017 704 1204 764 terret,
1238 704 1330 750 aut
1357 693 1660 751 recedendo
1691 693 1789 748 de-

127 787 374 843 stituit.
409 787 607 844 Verum
635 791 751 846 htec
781 807 888 847 non
941 788 1214 861 superﬂua
1267 786 1788 844 commemoratione

130 881 538 945 narravimus,
571 890 631 936 ut
660 883 834 953 possis
863 883 1147 938 advertere
1197 881 1373 952 qualis
1401 896 1431 934 a
1461 887 1517 934 te
1563 879 1791 946 diligen-

134 971 226 1024 tia
280 973 662 1043 perquiratur,
703 975 790 1030 cui
832 974 1175 1044 pulchritudo
1224 981 1373 1027 tanta
1412 969 1788 1026 committitur.

132 1060 278 1127 Qua
319 1062 400 1118 de
436 1080 495 1119 re
525 1081 621 1134 per
655 1066 1000 1121 indictionem
1030 1067 1174 1120 illam
1203 1064 1512 1120 comitivam
1543 1061 1640 1116 tibi
1677 1060 1789 1114 for-

134 1169 394 1211 marum
449 1160 548 1213 sub
598 1172 791 1227 magna
847 1160 1242 1214 deliberatione
1305 1156 1668 1219 credidimus,
1729 1157 1791 1206 ut

135 1263 395 1304 summo
424 1251 602 1307 studio
644 1253 832 1306 nitaris
862 1251 1078 1308 eﬂicere
1120 1251 1263 1321 quod
1302 1250 1465 1304 tantis
1495 1263 1557 1304 ac
1596 1246 1793 1300 talibus

136 1338 340 1393 rebus
382 1339 582 1396 videris
620 1343 898 1412 expedire.
947 1342 1004 1396 In
1047 1343 1234 1413 primis
1269 1341 1458 1395 noxias
1489 1349 1513 1376 α
1546 1339 1788 1403 arbores,

138 1443 286 1497 quae
323 1431 567 1487 inferunt
606 1432 933 1490 fabricarum
986 1435 1188 1501 ruinas,
1233 1435 1360 1488 dum
1407 1442 1532 1489 sunt
1573 1433 1793 1502 quidam

140 1523 442 1578 moenium
491 1524 866 1594 importabiles
916 1527 1151 1592 arietes,
1203 1541 1486 1581 censemus
1531 1524 1793 1580 radicitus

142 1615 472 1683 amputari,
505 1618 627 1686 quia
657 1617 800 1672 nulla
819 1618 964 1673 laesio
986 1627 1316 1682 removetur,
1339 1617 1489 1685 cujus
1509 1617 1660 1686 origo
1686 1631 1794 1671 non

147 1705 412 1762 tollitur.
443 1708 500 1762 Si
529 1709 657 1777 quid
678 1719 857 1765 autem
884 1711 1210 1766 conficiente
1239 1711 1391 1764 senio
1423 1709 1582 1764 fuerit
1611 1709 1796 1764 demo-

1891 527 2010 568 mus
2039 509 2278 580 sphingis
2305 510 2589 578 aenigmata
2618 505 3000 576 comprehendi
3030 504 3288 574 potuisse,
3319 520 3483 574 quam

1889 605 2124 676 raptoris
2167 601 2410 672 fugacem
2447 600 2786 670 praesentiam
2826 598 3082 669 reperire.
3131 597 3224 652 ille
3248 597 3484 652 circurn-

1891 703 2106 767 spectus
2128 693 2196 748 ad
2223 691 2405 748 omnia
2424 732 2440 760 ,
2469 689 2730 744 instabilis
2759 688 2828 743 ad
2864 698 3119 752 ventura,
3155 687 3389 757 trepidus
3418 687 3489 742 ad

1891 786 2133 853 insidias,
2162 779 2616 853 quemadmodum
2645 788 2824 850 potest
2850 777 3000 847 capi,
3045 778 3137 847 qui
3166 793 3314 832 more
3341 779 3490 833 venti

1893 879 2040 935 nullo
2088 878 2209 932 loco
2251 875 2489 932 cernitur
2539 873 2848 929 contineri?
2892 871 3067 941 Vigila
3093 871 3318 940 impiger
3365 886 3488 925 cum

1893 969 2175 1026 nocturnis
2211 969 2397 1022 avibus
2427 985 2440 1020 :
2473 982 2580 1022 nox
2611 965 2705 1020 tibi
2731 963 2932 1034 pandat
2959 969 3236 1032 aspectus;
3271 971 3326 1016 et
3352 962 3492 1018 sicut

1894 1062 1998 1117 illa:
2018 1061 2296 1132 reperiunt
2326 1060 2377 1114 in
2402 1057 2644 1114 obscuris
2671 1057 2878 1118 cibum,
2912 1054 2983 1108 ita
3015 1061 3071 1106 tu
3117 1051 3292 1122 possis
3334 1052 3488 1105 inve-

1894 1155 2012 1209 nire
2063 1152 2413 1224 praeconium.
2454 1149 2581 1206 Esto
2629 1164 2772 1204 nunc
2815 1146 2881 1201 ad
2927 1145 3161 1215 injuncta
3209 1145 3486 1201 sollicitus.

1895 1247 2167 1303 \‘enalitas
2218 1247 2311 1300 tibi
2338 1261 2445 1300 non
2487 1245 2685 1298 adimat
2726 1243 2869 1314 quod
2909 1243 3155 1298 concedit
3208 1239 3484 1296 industria.

1894 1337 2026 1391 Nam
2058 1337 2180 1392 licet
2225 1337 2338 1391 bzec
2372 1335 2469 1390 sub
2498 1334 2760 1405 profunda
2793 1334 3016 1402 caligine
3045 1334 3326 1388 videantur
3354 1333 3489 1400 geri,

1897 1429 2074 1483 nullus
2103 1437 2280 1482 tamen
2314 1434 2466 1481 actus
2494 1436 2576 1481 est
2605 1427 2695 1494 qui
2721 1426 2892 1496 possit
2914 1425 3188 1481 abscondi.
3212 1424 3492 1494 Privilegia

1897 1535 2113 1590 quoque
2135 1527 2225 1573 tua
2257 1519 2340 1572 vel
2385 1516 2548 1572 officii
2578 1516 2841 1587 deputati,
2875 1532 2942 1570 ex
2971 1525 3152 1570 nostra
3184 1517 3278 1571 tibi
3307 1526 3497 1572 aucto-

1897 1613 2060 1667 ritate
2106 1609 2501 1666 rationabiliter
2546 1607 2888 1671 vcndicabis,
2915 1607 3038 1678 quia
3068 1622 3288 1662 necesse
3328 1615 3410 1663 est
3439 1607 3495 1664 in

1900 1713 2011 1759 tam
2041 1718 2233 1773 magna
2275 1703 2492 1758 civitate
2521 1717 2618 1772 per
2642 1701 2882 1756 diversos
2907 1699 3117 1770 judices
3144 1701 3228 1769 agi
3256 1702 3400 1771 quod
3427 1701 3497 1757 ab

48 1810 56 1814 ·
145 1795 362 1865 litum,
394 1801 639 1868 pervigili
660 1801 941 1857 celeritate
988 1802 1120 1873 [ed.,
1143 1800 1269 1856 Niv.
1297 1810 1345 1856 et
1373 1800 1496 1867 6a.,
1533 1801 1799 1885 claritate]
1833 1806 1877 1864 Β
1905 1813 2012 1853 uno
2040 1813 2147 1853 non
2175 1803 2356 1868 potest
2382 1794 2656 1866 explicari.

145 1900 492 1962 reparetur,
525 1909 592 1950 ne
617 1905 899 1951 crescente
930 1895 1147 1951 defectu
1162 1903 1424 1965 augeatur
1453 1895 1610 1950 nobis
1632 1911 1795 1950 causa

147 1981 473 2053 dispendii.
512 1985 714 2041 Ductus
743 2003 896 2056 aqua:
919 1985 1136 2042 fortuna
1172 1997 1262 2042 tua
1293 1997 1396 2054 est,
1423 1987 1549 2042 dum
1593 1987 1796 2042 incolu-

147 2075 273 2131 mis
302 2077 440 2142 eris,
471 2078 515 2132 si
536 2078 628 2132 illa
648 2079 996 2146 solidaveris;
1028 2088 1346 2151 tantumque
1376 2078 1518 2150 apud
1539 2095 1638 2134 nos
1666 2095 1796 2149 pro-

153 2167 320 2232 ﬁcis,
351 2178 615 2238 quantum
640 2180 692 2226 te
715 2171 790 2225 illi
808 2172 1077 2228 studuisse
1100 2171 1268 2245 [ϐοτη
1295 2171 1419 2226 Niv.
1465 2182 1512 2226 et
1535 2171 1656 2238 (ἔτι,
1682 2179 1798 2228 stu-

152 2256 360 2328 diose]
396 2261 728 2328 probaveris.
769 2253 907 2330 Agat
933 2277 1064 2331 ergo
1099 2264 1294 2333 peritia
1328 2262 1565 2332 fidesque
1596 2271 1798 2328 tua,utt

161 2355 227 2404 et
273 2352 624 2406 constructio
671 2352 888 2409 fabricae
936 2355 1143 2410 illibata
1194 2364 1531 2426 permaneat,
1563 2364 1618 2410 et
1644 2369 1797 2425 aqua:

164 2439 508 2497 distributio
538 2443 684 2497 nulla
713 2459 774 2499 se
802 2445 1085 2501 custodum
1117 2447 1411 2502 venalitate
1438 2447 1724 2504 subducat.

318 2596 434 2650 νη.
469 2613 717 2654 FORIIULA
748 2616 1028 2656 PREFECTI
1057 2617 1275 2658 victum
1303 2617 1454 2657 URBIS
1484 2617 1666 2658 norm.

249 2705 518 2774 Quamvis
547 2725 746 2765 nomen
777 2719 926 2766 tuum
956 2711 982 2750 ι’
1015 2712 1081 2767 ad
1103 2713 1336 2770 civitatis
1367 2723 1420 2768 te
1446 2713 1656 2784 vigilias
1695 2714 1793 2769 de-

167 2800 315 2855 beat
349 2801 612 2869 excitare,
643 2810 703 2855 ut
730 2804 908 2872 possis
936 2804 1161 2874 implere
1190 2803 1336 2874 quod
1361 2805 1588 2870 diceris;
1620 2813 1801 2860 tamen

170 2888 548 2960 providentia:
595 2900 792 2946 nostra:
827 2893 982 2948 solita
1024 2895 1234 2948 cautela
1281 2909 1389 2948 non
1421 2893 1660 2959 deserit,
1699 2893 1801 2948 nisi

173 2997 284 3036 eos
309 2998 448 3051 quos
470 2982 535 3036 ad
557 2983 823 3051 agendum
845 2966 1146 3054 deligimus,
1182 2985 1248 3039 ad
1270 2984 1563 3056 parendum
1586 3001 1803 3056 quoque

175 3080 436 3134 suaviter
479 3079 784 3134 invitemus.
835 3077 971 3144 Quid
998 3087 1082 3133 est
1130 3079 1223 3132 tibi
1263 3078 1536 3148 pulchrius
1557 3094 1716 3148 quam
1749 3079 1802 3134 in

1906 1909 2064 1982 114
2104 1907 2232 1964 Vill.
2265 1923 2514 1963 FOBMULA
2547 1922 2825 1961 Pltlil-‘ECTI
2855 1921 3072 1962 victum
3102 1920 3252 1961 URBlS
3288 1920 3496 1962 aitsz-

2611 1994 2784 2033 NATIS.

1969 2072 2225 2140 Quamvis
2250 2071 2509 2141 dignitate
2539 2071 2716 2140 magni
2747 2070 2980 2126 nominis
3013 2071 3182 2140 prima
3200 2071 3376 2126 fronte
3396 2071 3498 2128 de-

1899 2164 2259 2235 corcris(quia
2288 2181 2397 2219 non
2415 2165 2591 2233 potuit
2611 2163 2954 2231 antiquorum
2985 2162 3267 2230 prudentia
3289 2177 3500 2217 summa

1898 2257 2112 2325 imaque
2161 2255 2321 2309 simili
2353 2256 2716 2325 appellatione
2763 2269 2986 2309 censere
3007 2296 3022 2322 ,
3057 2271 3124 2308 ne
3152 2255 3500 2324 splendorem

1897 2364 2059 2419 quem
2081 2348 2303 2402 summis
2325 2346 2719 2402 dabatalterius
2747 2345 2953 2400 vilitate
2976 2345 3286 2415 pollueret),
3320 2354 3504 2401 tamen

1900 2441 2024 2496 hinc
2053 2439 2368 2508 intelligitur
2393 2437 2524 2508 quid
2565 2437 2767 2492 sentire
2795 2437 3059 2504 majorum
3090 2437 3354 2507 potuisset
3375 2429 3504 2492 auc-

1901 2531 2112 2596 toritas,
2141 2529 2356 2601 quando
2383 2528 2665 2600 prtefectos
2691 2527 2939 2596 vigilibus
2963 2527 3235 2598 appellare
3259 2529 3502 2596 voluere,

1899 2624 1992 2694 qui
2034 2638 2132 2692 pro
2167 2621 2407 2690 generali
2437 2621 2617 2691 quiete
2646 2619 2971 2674 discurrunt.
3019 2619 3138 2674 Tibi
3179 2620 3322 2675 enim
3350 2636 3505 2676 com-

1901 2714 2065 2770 missa
2096 2719 2178 2768 est
2207 2715 2543 2768 fortunarum
2573 2711 2854 2775 securitas,
2888 2711 3120 2764 civitatis
3142 2720 3385 2777 ornatus,
3409 2711 3511 2766 uti-

1903 2808 2025 2861 litas
2053 2807 2290 2860 omnium
2313 2804 2554 2871 ;sci|icet
2575 2811 2632 2857 ut
2653 2803 2796 2858 circa
2823 2804 3151 2859 domesticos
3174 2812 3510 2873 grassatores

1902 2899 2105 2955 bellum
2146 2904 2397 2969 pacatum
2430 2909 2667 2965 gereres,
2699 2895 2742 2950 si
2784 2909 2943 2963 quem
2985 2895 3180 2948 civium
3210 2894 3511 2949 laedendum

1904 3007 2026 3047 esse
2081 2990 2332 3046 sentires.
2385 2986 2610 3042 Custodi
2666 2986 2910 3041 fortunas
2961 2987 3223 3040 omnium.
3267 2983 3505 3041 Securus

1905 3098 2126 3142 somnus
2175 3090 2230 3136 te
2284 3078 2542 3146 vigilante
2606 3076 2885 3146 carpitur,
2946 3084 3002 3131 et
3054 3075 3302 3130 molestia
3359 3073 3509 3129 nulla

176 3168 283 3222 illa
323 3167 466 3224 Urbe
495 3185 716 3240 operam
747 3178 1008 3224 navanter
1031 3170 1362 3240 impendere,
1386 3170 1669 3239 diligentia:
1692 3181 1795 3226 tute
1824 3189 1869 3253 ρ
1899 3177 2147 3237 gemitur.
2196 3172 2253 3227 In
2303 3186 2438 3242 pace
2483 3169 2689 3240 positus
2744 3167 2910 3224 sumis
2957 3168 3025 3222 de
3084 3176 3347 3223 nocturno
3397 3167 3514 3223 fure

179 3259 284 3314 ubi
321 3259 456 3314 tales
495 3269 660 3316 testes
696 3261 948 3315 videntur
995 3261 1288 3317 assistere?
1318 3261 1541 3318 Cautela
1576 3263 1796 3334 quidem

184 3357 311 3415 tua,
345 3365 470 3404 mox
500 3358 560 3405 ut
602 3351 841 3406 adhibita
873 3351 1052 3420 fuerit,
1087 3369 1184 3422 per
1211 3353 1558 3423 patriciorum
1588 3362 1643 3409 et
1670 3370 1800 3410 con—

185 3440 372 3497 sulum
415 3457 511 3496 ora
549 3442 804 3497 discurrit
835 3461 846 3495 :
880 3444 969 3498 vix
1008 3451 1061 3498 te
1091 3444 1316 3512 contigit
1344 3445 1544 3514 aliquid
1569 3445 1801 3503 sollicite

187 3531 405 3600 facere,
426 3539 481 3586 et
523 3531 675 3586 audis
701 3549 955 3602 proceres
998 3549 1119 3590 cum
1162 3535 1516 3591 admiratione
1559 3536 1797 3593 laudare.

190 3622 527 3677 Mediocrem
567 3623 883 3691 dignitatem
928 3625 1096 3693 regis,
1131 3633 1187 3679 et
1227 3626 1280 3679 in
1309 3641 1517 3680 summa
1547 3627 1803 3697 opinione

189 3716 452 3770 versaris.
475 3715 671 3771 Custos
689 3715 947 3771 Romana:
970 3717 1204 3772 civitatis
1225 3717 1438 3784 diceris,
1453 3719 1668 3788 quando
1681 3735 1802 3776 eam

193 3807 266 3863 ab
284 3808 544 3862 intestino
556 3809 714 3863 hoste
733 3808 993 3864 defendis.
1015 3808 1356 3880 Quapropter
1375 3812 1518 3866 circa
1531 3809 1676 3866 fures
1703 3812 1807 3867 sol-

197 3899 384 3954 licitus
414 3907 562 3964 esto;
590 3913 727 3968 quos
775 3899 876 3954 etsi
909 3899 1004 3953 tibi
1039 3900 1184 3970 leges
1208 3894 1402 3969 punire
1430 3901 1650 3956 minime
1669 3916 1808 3972 prae-

196 3991 434 4061 cipiunt,
465 3997 643 4045 tamen
674 4005 768 4046 eos
797 3991 1084 4060 indagandi
1125 3991 1398 4046 licentiam
1427 3995 1804 4060 contulerunt;

200 4080 372 4136 credo
393 4090 450 4136 ut
473 4081 715 4150 quamvis
744 4090 924 4138 essent
953 4091 1203 4154 raptores
1224 4082 1590 4152 detestabiles,
1607 4092 1807 4154 tamen,

202 4175 338 4243 quia
363 4172 676 4228 dicebantur
707 4173 960 4242 Romani,
991 4174 1182 4243 majori
1211 4190 1305 4230 eos
1321 4175 1610 4230 subderent
1638 4175 1808 4244 digni-

206 4263 332 4318 tati.
363 4261 526 4318 Utere
569 4265 730 4333 igitur
770 4280 867 4334 per
895 4265 1241 4321 indictionem
1289 4267 1432 4320 illam
1475 4266 1810 4337 prtefecturze

207 4355 432 4424 vigilum
469 4354 746 4425 dignitate.
798 4355 1004 4412 Horror
1051 4358 1146 4412 tibi
1190 4373 1469 4427 poenarum
1525 4358 1810 4429 ademptus

207 4457 315 4512 est,
347 4463 454 4502 non
483 4456 749 4516 potestas;
781 4464 905 4502 nam
936 4449 1021 4502 lex
1048 4464 1078 4502 a
1121 4464 1228 4517 quo
1267 4449 1436 4504 voluit
1465 4449 1635 4503 malos
1664 4450 1804 4518 capi,

1901 3267 2178 3326 victorias.
2214 3263 2342 3318 Tuis
2380 3261 2578 3317 laureis
2607 3276 2766 3316 mane
2795 3261 2985 3317 civitas
3010 3261 3228 3317 defensa
3259 3262 3511 3328 laetatur;

1899 3373 2020 3429 quae
2044 3356 2169 3410 dum
2210 3360 2398 3422 captos
2425 3349 2668 3420 respicit,
2701 3357 2828 3404 tunc
2869 3364 2928 3405 se
2968 3350 3180 3404 occulto
3226 3351 3382 3404 hoste
3418 3364 3516 3404 ca-

1901 3451 2071 3506 misse
2099 3445 2392 3517 cognoscit.
2424 3443 2675 3510 Quotidie
2706 3442 3034 3512 triumphas,
3065 3443 3109 3498 si
3137 3443 3276 3498 bene
3297 3444 3508 3515 vigilas.

1902 3535 1971 3595 Et
1997 3555 2120 3596 cum
2152 3553 2272 3592 rara
2297 3536 2366 3592 sit
2394 3536 2564 3604 gloria
2601 3534 2778 3589 bellici
2809 3535 3121 3590 certaminis
3144 3575 3160 3602 ,
3192 3536 3287 3591 tibi
3313 3535 3517 3606 jugiter

1904 3630 2204 3686 latronibus
2246 3628 2535 3682 famulatur
2580 3625 2827 3680 inventis.
2872 3625 3187 3681 Oducatum
3230 3628 3395 3682 nimia
3436 3629 3517 3683 ci-

1911 3724 2060 3779 vium
2089 3721 2373 3776 affectione
2395 3718 2731 3789 susceptum!
2764 3718 3016 3774 Assumes
3035 3719 3318 3789 praedones
3337 3721 3518 3790 inqui-

1904 3803 2028 3889 rere
2055 3828 2192 3883 quos
2216 3827 2314 3882 per
2343 3826 2403 3866 se
2439 3811 2689 3865 dominus
2715 3825 2823 3864 non
2852 3810 2993 3865 valet
3023 3811 3302 3877 invenire;
3332 3821 3387 3867 et
3408 3813 3508 3867 du-

1908 3902 2032 3974 plici
2060 3900 2271 3956 ratione
2292 3897 2564 3954 beneficus
2593 3907 2686 3953 aut
2728 3899 2908 3953 futura
2935 3898 3074 3952 furta
3107 3900 3392 3969 prohibes,
3415 3910 3510 3956 aut

1911 3996 2199 4052 commissa
2228 3993 2524 4049 concludis.
2547 3993 2737 4049 Nonne
2765 3993 2865 4048 ista
2895 3992 3138 4064 quzedam
3168 4002 3250 4048 est
3269 3992 3517 4048 ineffabi-

1912 4087 1978 4142 lis
2007 4087 2176 4157 gratia
2207 4086 2440 4140 civitatis
2459 4127 2475 4154 ,
2497 4101 2661 4140 unum
2687 4087 2742 4140 in
2772 4087 3160 4156 sesuscipere,
3194 4089 3337 4157 quod
3370 4088 3516 4143 videt

1915 4179 2168 4234 omnibus
2217 4177 2517 4247 expedire?
2569 4177 2760 4232 Merito
2816 4177 2912 4233 tibi
2965 4178 3258 4246 gloriosum
3312 4194 3515 4235 nomen

1912 4271 2148 4342 praefecti
2194 4271 2430 4341 prudens
2471 4269 2764 4339 antiquitas
2792 4269 3087 4339 deputavit,
3112 4271 3236 4339 quia
3258 4270 3401 4326 istud
3429 4271 3513 4326 fa-

1913 4377 2039 4418 cere
2061 4379 2166 4416 non
2189 4369 2434 4431 poterat,
2457 4361 2557 4414 nisi
2585 4359 2674 4428 qui
2707 4359 2851 4415 cives
2881 4376 2911 4413 a
2934 4360 3044 4414 suis
3071 4360 3370 4416 commodis
3390 4362 3512 4432 plus

1914 4457 2149 4509 amabat.
2201 4452 2446 4508 Officium
2497 4467 2715 4524 quoque
2765 4462 2914 4507 tuum
2947 4469 3054 4508 non
3106 4470 3271 4524 parvo
3299 4462 3516 4510 constat

211 4539 386 4609 ipsum
406 4541 614 4594 censuit
634 4540 754 4610 plus
773 4540 970 4595 timeri.
996 4537 1111 4595 Eris
1135 4539 1392 4594 securitas
1413 4539 1806 4608 soporantium,
1839 4570 1888 4629 Β
1912 4562 2138 4602 munere
2181 4546 2516 4602 sublevatum
2542 4563 2555 4598 :
2590 4545 2806 4614 quando
2855 4555 2910 4601 et
2940 4546 3066 4616 ipsis
3096 4548 3352 4603 momenti
3390 4548 3516 4618 jura

213 4631 488 4685 munimen
509 4631 810 4696 domorum,
829 4630 994 4685 tutela
1016 4631 1394 4696 claustrorum,
1415 4629 1683 4685 discussor
1708 4630 1807 4684 ob-

215 4738 426 4788 scurus,
454 4721 654 4778 arbiter
681 4722 1003 4787 silentiosus,
1032 4721 1118 4777 cui
1162 4722 1348 4778 fallere
1389 4721 1701 4777 insidiantes
1732 4721 1836 4784 fas.

217 4824 315 4879 est,
350 4823 406 4869 et
432 4814 680 4885 decipere
726 4815 915 4883 gloria.
943 4814 1108 4868 Actus
1139 4823 1258 4868 tuus
1299 4813 1516 4868 venatio
1546 4821 1810 4868 nocturna

219 4915 322 4974 est,
346 4920 466 4975 quae
495 4907 630 4961 miro
672 4906 834 4960 modo
864 4906 912 4960 si
952 4923 1057 4962 non
1101 4907 1374 4975 cernitur,
1418 4915 1545 4962 tunc
1595 4907 1812 4962 timetur

211 4997 366 5066 Exilii,
397 4994 648 5068 tenetur].
678 4995 840 5051 Furta
869 4997 1036 5066 magis
1065 4999 1118 5052 in
1150 4997 1351 5052 furibus
1377 4998 1666 5064 facis,dum
1691 4999 1812 5055 illos

213 5088 604 5144 circumvenire
633 5089 816 5144 niteris
846 5105 982 5158 quos
1011 5090 1257 5146 omnibus
1278 5089 1502 5144 illudere
1531 5106 1691 5160 posse
1721 5107 1814 5147 co-

223 5181 452 5246 gnoscis.
486 5179 744 5249 Prmstigii
773 5194 939 5250 genus
967 5191 1050 5237 est
1074 5182 1217 5253 quod
1246 5182 1422 5251 agitis,
1453 5190 1512 5235 ut
1540 5183 1810 5238 latronum

294 5346 318 5374 ⁸
350 5337 573 5393 Arbores
615 5356 727 5412 quae
762 5341 989 5463 inierunt
1033 5339 1278 5410 fabricor.
1322 5344 1522 5398 ruinas.
1566 5343 1822 5398 Arboreis

294 5406 458 5463 Hﬁciis
489 5412 679 5463 noxiae.
730 5412 765 5463 l.
851 5452 866 5463 .
899 5411 958 5463 C.
989 5409 1068 5463 De
1087 5413 1301 5463 interd.:
1332 5412 1427 5463 lib.
1447 5431 1512 5463 ιι.
1539 5416 1696 5463 epist.
1721 5415 1810 5463 39.

225 5406 458 5464 aedificiis
489 5406 680 5480 noxiie,
730 5412 765 5466 l.
816 5406 866 5477 1,
899 5411 958 5466 C.
989 5406 1068 5465 De
1087 5413 1301 5476 interd.;
1332 5412 1427 5467 lib.
1429 5431 1512 5537 ἐι,
1539 5416 1696 5485 epist.
1721 5415 1810 5469 59.

1472 5500 1594 5537 una.

1472 5500 1573 5538 ORN
1581 5524 1594 5538 .

294 5549 322 5588 δ
354 5548 599 5606 Prmfecti
628 5552 842 5621 vigilum
887 5551 1018 5606 nihil
1050 5550 1118 5605 de
1158 5553 1476 5622 capitalibus
1515 5556 1692 5609 causis
1719 5570 1815 5610 sua

229 5622 545 5676 auctoritate
571 5633 807 5678 statuere
857 5623 1092 5677 debent:
1126 5625 1217 5676 sed
1257 5624 1301 5677 si
1347 5624 1473 5693 quid
1510 5626 1815 5694 bujusnmdi

229 5694 467 5747 evenerit
493 5695 708 5748 culmini
734 5703 836 5748 tuze
865 5695 1148 5763 potestatis
1177 5694 1395 5757 referre,
1430 5704 1487 5748 ut
1515 5696 1580 5750 de
1612 5713 1816 5750 inemo-

231 5764 358 5838 rati_s
386 5765 561 5838 causis
589 5766 817 5838 celsiore
849 5766 1115 5838 sententia
1148 5765 1440 5838 judit-etur,
1468 5767 1502 5819 1.
1534 5767 1814 5838 Praeferri,

235 5832 292 5886 (Σ.
312 5833 391 5888 De
417 5834 510 5904 σθ’.
530 5839 680 5907 praef.
697 5837 840 5905 vigil.
866 5836 989 5888 Ideo
1018 5836 1211 5890 dicitur
1239 5836 1500 5894 obscurus
1524 5832 1712 5909 judeti,
1737 5854 1818 5892 ar-

522 5932 792 5990 ΡΑτιιοι.
840 5929 1070 5993 LXIX.

1913 4639 2136 4692 dilatata
2166 4647 2318 4702 sunt,
2349 4638 2440 4707 qui
2470 4653 2568 4707 pro
2597 4639 2885 4693 securitate
2924 4638 3121 4693 civium
3156 4640 3387 4696 militare
3417 4657 3518 4698 no-

1913 4737 2135 4784 scuntur
2158 4740 2203 4784 α.
2235 4728 2363 4796 Quae
2389 4745 2510 4784 cum
2534 4729 2609 4783 ita
2638 4729 2761 4793 sint,
2789 4728 3156 4798 pnefecturam
3180 4731 3275 4785 tibi
3297 4730 3518 4800 vigilum

1916 4836 2014 4891 per
2044 4821 2189 4875 illam
2219 4820 2596 4885 indictionem,
2616 4821 2867 4876 delectati
2899 4830 2986 4876 tua
3017 4824 3296 4892 opinione,
3326 4839 3517 4879 conce-

1916 4910 2119 4977 dimus;
2152 4913 2225 4966 ita
2257 4922 2314 4968 ut
2344 4920 2398 4968 et
2426 4928 2610 4968 curam
2639 4911 2795 4981 hujus
2831 4912 3107 4983 dignitatis
3145 4923 3199 4970 et
3235 4915 3518 4984 privilegia

1920 5002 2015 5056 tibi
2065 5005 2426 5074 competentia
2474 5005 2650 5060 modis
2707 5005 2958 5060 omnibus
3012 5005 3345 5074 exsequaris.
3407 5006 3517 5062 Sed

1920 5095 2164 5162 quamvis
2193 5111 2387 5151 nomen
2421 5096 2818 5152 odiosissimum
2842 5095 3016 5150 furum
3039 5097 3306 5164 generalis
3327 5112 3516 5168 perse-

1918 5196 2114 5258 quatur
2143 5205 2415 5257 assensus,
2437 5199 2616 5247 tamen
2637 5192 2759 5260 quia
2791 5193 2858 5246 de
2878 5189 3378 5266 effusione‘humani
3401 5208 3518 5249 san-

1929 5345 2068 5419 l_)iter
2094 5344 2420 5411 silentiosus,
2445 5343 2894 5419 inAcendiariorum
2934 5357 2988 5402 et
3014 5347 3187 5403 furum
3215 5347 3520 5419 indagator.

1923 5415 2209 5485 Eleganter
2238 5425 2454 5483 auctor,
2485 5415 2624 5471 furta
2671 5433 2792 5471 eum
2823 5415 3000 5474 facere
3043 5421 3094 5474 in
3123 5415 3369 5485 furibus,
3390 5419 3518 5474 dum

1919 5487 2041 5558 illos
2073 5495 2235 5542 noctu
2256 5487 2630 5558 circumvenit.
2650 5487 3015 5558 iHarmenopq
3040 5491 3123 5545 tit.
3148 5489 3214 5543 de
3243 5489 3516 5558 dignitat.,

1922 5557 1950 5629 §
1981 5557 2033 5624 3,
2066 5560 2231 5613 refert
2260 5557 2494 5612 officium
2527 5557 2763 5629 przefecti
2794 5557 3011 5629 vigilum
3053 5561 3117 5614 ad
3160 5557 3404 5615 incendia
3433 5577 3521 5616 ar-

1916 5627 2088 5682 cenda
2112 5629 2437 5694 institutum,
2466 5636 2522 5680 et
2547 5627 2612 5681 de
2642 5627 3000 5695 incendiariis,
3022 5631 3411 5695 ciTractoribus,
3438 5632 3522 5687 fu-

1921 5700 2158 5768 ribusret
2185 5697 2615 5768 receptatoribus
2640 5711 2987 5768 cognoscere.
3020 5702 3204 5755 Bnoss.

1997 5781 2017 5807 ο
2046 5767 2201 5824 Hunc
2243 5767 2421 5822 locum
2448 5768 2678 5835 explicat
2704 5767 2846 5836 Cuj.,
2881 5769 2934 5825 in
2979 5769 3197 5826 Par-atil.
3227 5771 3360 5829 Cod.
3399 5773 3520 5849 I88,

1921 5840 2015 5894 lib.
2039 5856 2153 5894 vm.
2186 5841 2266 5894 tit.
2299 5839 2352 5894 5.

1944 5841 2015 5893 ib.
2039 5856 2153 5907 vm,
2186 5841 2266 5894 tit.
2299 5841 2352 5894 5.

2999 5935 3078 6000 23
