4018 6348
495 258 604 339 713

1740 260 2133 339 militasti]
2172 262 2571 338 esssmsom

3679 267 3787 339 πο

490 393 668 467 guinis
696 395 888 462 agitur,
918 392 993 448 nil
1020 388 1254 448 subitum
1282 398 1374 448 aut
1403 374 1813 449 indelibcratum
1831 392 2084 462 jubemus
2114 393 2162 452 Α
2193 402 2279 448 tur
2302 393 2480 450 efferri
2509 406 2671 464 posse
2698 392 2942 457 licentia,
2975 399 3159 448 tamen
3187 391 3522 448 moderatrix
3549 393 3787 463 providit

491 485 713 540 assumi.
740 482 1053 538 Modestiam
1098 500 1358 554 sequere,
1391 484 1482 554 qui
1510 484 1733 539 damnas
1761 484 2082 548 audaciam;

491 575 877 631 continentiam
905 576 1084 646 dilige,
1114 577 1206 645 oui
1246 576 1387 631 furta
1417 574 1764 631 condemnas.
1816 574 1895 629 Ad
1935 582 2086 644 gesta

487 667 734 739 perducti
772 669 1061 725 audiantur
1105 666 1307 739 aliquid
1351 674 1451 741 pro
1496 668 1669 723 Salute
1696 667 1918 733 dicturi,
1943 674 2083 737 quo-

486 756 634 816 niam
664 750 922 832 quidquid
953 777 1059 817 non
1105 756 1421 830 discutitur,
1448 759 1656 830 iustitia
1701 762 1810 816 iiou
1838 766 2079 830 putatur.

487 852 762 912 Convictis
818 866 948 910 vero
988 862 1149 925 atque
1203 853 1482 922 conibssis,
1525 864 1645 925 qua:
1691 854 1816 913 sunt
1865 852 2084 907 decreta

483 954 795 1015 serventur;
821 945 1034 1018 quando
1085 946 1304 1003 crudele
1347 946 1423 1002 nil
1471 944 1672 1015 efficit,
1705 945 1797 1020 qui
1837 943 2084 1015 sequitur

483 1036 652 1106 leges.

645 1144 737 1205 IX.
763 1165 1009 1207 FORHULA
1037 1150 1300 1207 contum
1332 1166 1536 1207 ronrus
1562 1166 1709 1207 URBIS
1733 1167 1915 1206 non.

552 1230 819 1298 Deliciosa
836 1245 1007 1314 magis
1027 1261 1187 1314 quam
1220 1244 1491 1300 laboriosa
1512 1243 1701 1298 militia
1726 1252 1827 1309 est,
1845 1244 1895 1297 in
1920 1250 2081 1314 portu

482 1330 729 1389 Romano
758 1334 1021 1389 comitivae
1063 1350 1255 1403 gerere
1284 1332 1618 1404 dignitatem.
1670 1332 1783 1389 Illic
1811 1334 2078 1404 enimjco-

478 1424 664 1496 piosus
692 1427 907 1481 navium
938 1435 1314 1498 prospectatur
1338 1424 1619 1482 adventus.
1644 1420 1757 1481 Illic
1783 1426 2078 1496 vcligerum

478 1533 627 1574 mare
656 1518 969 1589 peregrinos
998 1519 1227 1591 populos
1257 1536 1378 1574 cum
1408 1519 1741 1575 diversarum
1772 1518 2078 1590 provincia-

476 1626 596 1665 rum
625 1625 805 1665 merce
833 1608 1168 1677 transmittit,
1202 1620 1257 1665 ct
1305 1611 1445 1665 inter
1488 1620 1569 1666 tot
1617 1609 1923 1682 spectacula
1952 1608 2074 1664 dul-

475 1705 618 1760 cium
649 1714 829 1761 rerum
858 1706 1201 1762 commodum
1232 1715 1381 1762 tuum
1406 1714 1508 1773 est,
1534 1708 1815 1763 venientes
1840 1707 2073 1763 evasisse

2191 487 2485 557 antiquitas
2510 492 2568 542 ut
2612 488 2669 542 in
2696 495 2868 542 totum
2896 501 3004 541 non
3045 484 3345 553 effluerent,
3387 500 3511 541 cum
3554 494 3613 540 et
3655 486 3787 555 ipsa

2183 579 2420 650 judicem
2468 578 2816 636 sustinerent.
2870 577 3305 633 Administranda
3363 584 3450 632 est
3503 576 3647 632 enim
3684 577 3785 632 sub

2188 675 2420 745 quadam
2446 671 2724 745 disciplina
2755 671 3015 727 exhibitio
3044 672 3402 741 voluptatum.
3430 669 3637 725 Teneat
3666 682 3785 725 see-

2188 764 2340 822 nicos
2360 765 2403 821 si
2432 770 2541 822 non
2571 776 2751 831 verus,
2782 764 2870 820 vel
2899 764 3200 819 umbratilis
3226 764 3361 817 ordo
3385 760 3592 831 judicii.
3620 760 3783 816 Tem-

2186 866 2448 929 perentur
2469 864 2525 913 et
2552 856 2668 913 haec
2713 857 2890 925 legum
2917 856 3176 925 qualitate
3204 855 3449 923 negotia,
3480 852 3635 922 quasi
3679 853 3754 907 ho

2185 958 2370 1006 nestas
2398 949 2630 1021 imperet
2657 948 2991 1013 inhonestis;
3022 954 3077 1003 et
3114 947 3434 1017 quibusdam
3472 945 3676 1015 regulis
3700 944 3781 998 vi-

2185 1044 2336 1110 vant,
2362 1041 2454 1111 qui
2477 1040 2619 1096 viam
2656 1048 2816 1097 recta:
2855 1041 3283 1097 conversationis
3328 1039 3602 1110 ignorant.
3650 1030 3780 1092 Stu-

2184 1135 2314 1191 d‘ent
2334 1134 2480 1191 enim
2508 1134 2586 1190 illi
2615 1150 2722 1190 non
2744 1142 2953 1189 tantum
2975 1131 3307 1204 jucunditati
3339 1118 3779 1201 suae,~quantum

2184 1229 2372 1285 aliena:
2400 1228 2623 1295 lzctitim;
2657 1234 2713 1283 et
2740 1227 3049 1283 conditione
3076 1239 3332 1297 perversa
3362 1236 3487 1278 cum
3529 1222 3777 1277 domina-

2184 1330 2296 1377 tum
2321 1322 2431 1377 suis
2458 1320 2777 1392 corporibus
2804 1319 3056 1385 tradunt,
3097 1318 3300 1373 servire
3344 1317 3527 1388 potius
3574 1317 3778 1370 animas

2183 1413 2577 1486 compulerunt.
2618 1413 2844 1481 Dignum
2875 1411 2974 1466 fuit
3017 1424 3145 1479 ergo
3174 1409 3575 1465 moderatorem
3614 1406 3778 1462 susci-

2181 1523 2329 1578 pere,
2345 1508 2434 1577 qui
2458 1514 2517 1562 5e
2537 1506 2783 1562 nesciunt
2796 1503 3024 1575 juridiea
3047 1502 3460 1559 conversatione
3474 1499 3620 1574 [Gr.,
3635 1498 3770 1569 ϐψ,

2180 1601 2329 1670 Νἱυ.,
2358 1602 2479 1669 6a.,
2513 1598 2910 1672 moderatione]
2942 1606 3193 1653 tractare.
3222 1594 3399 1651 Locus
3426 1596 3633 1665 quippe
3656 1596 3771 1647 tuus

2180 1695 2262 1750 his
2290 1695 2537 1764 gregibus
2574 1692 2851 1749 hominum
2897 1691 3061 1747 veluti
3090 1688 3306 1759 quidam
3347 1690 3496 1743 tutor
3520 1695 3607 1741 est
3634 1684 3772 1757 posio

471 1795 791 1865 periculum.
811 1794 906 1851 His
927 1798 1156 1867 primum
1178 1797 1421 1854 faucibus
1442 1794 1700 1855 Romana:
1723 1794 1927 1854 deliciae
1948 1815 2072 1854 sen-
2103 1776 2147 1842 Β
2179 1798 2281 1843 lus.
2306 1789 2441 1843 Nam
2492 1790 2631 1845 sic"!
2662 1787 2737 1843 illi
2778 1795 2965 1842 mlales
3018 1796 3228 1840 teneras
3275 1781 3515 1838 adbibi“!
3564 1780 3770 1835 cautela

470 1886 694 1960 tiuntui',
727 1886 784 1944 ei.
811 1890 966 1946 ‘undis
995 1889 1261 1947 Tiberinis
1300 1892 1454 1962 Quasi
1483 1904 1580 1963 per
1606 1888 1818 1948 alveum
1847 1893 2068 1959 vadunt,

471 1993 591 2049 qua:
620 1980 688 2035 ad
712 1984 1037 2037 commercia
1066 1982 1298 2038 civitatis
1319 1984 1634 2039 ascendunt.
1683 1984 1828 2039 Bene
1853 1985 2071 2039 inventa

468 2070 719 2140 dignitas,
763 2088 883 2143 quae
911 2074 1098 2144 copias
1136 2074 1347 2129 videtur
1387 2091 1582 2131 ornare
1614 2073 1903 2131 Romanas.
1935 2074 2068 2129 Nam

467 2160 597 2231 quid
624 2162 922 2232 elegantius
948 2174 1128 2234 potest
1153 2166 1235 2234 agi
1260 2182 1420 2235 quam
1445 2166 1585 2221 unde
1617 2167 1876 2235 probatur
1898 2182 2070 2237 popu-

464 2253 553 2309 lus
585 2244 676 2309 ille
705 2256 929 2311 satiari?
950 2254 993 2311 0
1024 2256 1242 2313 iuventa
1272 2257 1565 2327 majorum!
1592 2257 1635 2311 Ο
1660 2259 1921 2328 exquisita
1951 2276 2071 2329 pm-

466 2349 717 2405 dentum!
749 2360 810 2406 ut
856 2351 981 2421 quia
1023 2350 1234 2422 longius
1270 2369 1300 2407 a
1340 2354 1524 2407 littore
1574 2351 1744 2407 Roma
1790 2352 2071 2409 videbatur

465 2439 661 2509 posita,
694 2430 819 2496 inde
864 2444 1033 2512 magis
1080 2458 1199 2499 esse
1246 2444 1541 2516 inciperet,
1574 2444 1662 2498 ubi
1696 2444 1954 2499 decorum
1985 2446 2067 2500 in-

468 2544 715 2598 gressum
741 2532 958 2587 navium
988 2533 1310 2603 possideret.
1342 2532 1459 2589 Duo
1491 2536 1691 2606 quippe
1720 2533 1956 2591 Tiberini
1986 2534 2066 2591 al-

464 2622 551 2679 vei
574 2632 781 2680 meatus
808 2626 1177 2682 ornatissimas
1206 2627 1454 2683 civitates
1484 2638 1530 2695 τι,
1556 2638 1811 2698 tanquam
1842 2629 1948 2685 duo
1987 2630 2069 2684 lu-

465 2714 610 2769 mina
652 2727 1027 2787 susceperunt,
1060 2733 1129 2772 ne
1175 2728 1392 2774 vacaret
1430 2735 1460 2775 a
1509 2720 1679 2789 gratia
1711 2720 1857 2790 quod
1906 2729 2067 2776 tantae

465 2806 585 2861 urbi
614 2808 955 2863 ministrabat
984 2826 1269 2881 expensas.
1301 2810 1510 2866 Eximia
1535 2826 1663 2881 ergo
1690 2828 1778 2868 res
1802 2812 1894 2869 tibi
1918 2830 2066 2869 com-

464 2898 714 2966 mittitur,
747 2900 793 2955 si
842 2900 1121 2957 moderate
1168 2912 1475 2974 peragatur.
1526 2896 1604 2957 Tu
1653 2903 1863 2975 capiam
1913 2904 2063 2971 facis,

468 2989 596 3045 dum
637 2988 1000 3061 ingredientes
1063 2992 1207 3062 juste
1258 2994 1589 3050 tractaveris.
1644 2994 1818 3049 Avara
1872 3011 2066 3050 manus

460 3092 678 3153 portum
721 3082 955 3151 claudit;
998 3093 1203 3140 etcum
1245 3085 1442 3155 digitos
1472 3087 1726 3157 attrahit,
1751 3089 1965 3143 navium
1993 3088 2065 3144 si-

2176 1880 2506 1947 custodiuni,
2534 1883 2611 1938 sic
2640 1892 2671 1937 a
2700 1889 2755 1937 te
2783 1878 3088 1950 voluptates.
3132 1877 3348 1933 fervida:
3393 1876 3638 1946 impensa
3664 1886 3772 1927 ma-

2175 1976 2397 2031 turitate
2431 1971 2699 2030 frenandm
2728 1979 2873 2029 sunt.
2904 1968 3015 2040 Age
3044 1970 3196 2026 bonis
3224 1968 3486 2023 institutis
3514 1964 3664 2035 quod
3695 1965 3771 2019 ui-

2175 2069 2281 2122 mia
2310 2066 2593 2139 prudentia
2634 2074 2848 2122 constat
2884 2063 3153 2119 invenisse
3181 2062 3432 2131 majores.
3457 2057 3607 2115 Leve
3637 2058 3771 2113 desi-

2173 2162 2399 2229 derium,
2434 2160 2533 2217 etsi
2566 2157 2893 2215 verecundia
2922 2173 3029 2212 non
3061 2154 3298 2220 cohibet,
3340 2152 3613 2208 districtio
3644 2164 3763 2221 pro-

2174 2242 2416 2310 ndﬂtiata
2444 2253 2739 2311 modificet.
2783 2254 3022 2322 Agantur
3056 2249 3363 2321 spectacula
3402 2249 3516 2303 suis
3541 2259 3770 2302 consue-

2174 2351 2443 2406 tudinibus
2465 2346 2871 2418 ordinata,quia
2902 2362 3001 2401 nec
3024 2344 3098 2400 illi
3128 2352 3350 2414 possunt
3379 2340 3626 2397 invenire
3654 2354 3769 2409 gra-

2175 2446 2324 2511 tiam,
2359 2446 2461 2500 nisi
2504 2445 2696 2500 imitati
2734 2443 2931 2498 fuerint
2956 2434 3596 2509 aliquamdisciplinam.
3630 2436 3768 2500 Qua—

2174 2544 2398 2607 prOpter
2427 2549 2447 2575 ε
2488 2536 2643 2609 115
2672 2536 2944 2591 tribunum
2995 2542 3047 2587 te
3094 2532 3433 2603 voluptatum
3473 2544 3576 2598 per
3625 2527 3767 2581 illam

2173 2629 2518 2685 indictionem
2550 2637 2735 2684 nostra
2765 2626 2893 2681 facit
2935 2625 3151 2691 electio,
3186 2632 3244 2676 ut
3286 2622 3468 2677 omnia
3511 2621 3591 2676 sic
3623 2634 3767 2689 agas,

2172 2718 2627 2800 quemadmodum
2652 2714 2747 2772 tibi
2779 2725 2902 2771 vota
2933 2714 3163 2769 civitatis
3200 2712 3460 2781 adjungas
3489 2728 3501 2763 :
3528 2725 3600 2764 ne
3629 2707 3769 2777 quod

2171 2802 2237 2865 ad
2290 2798 2527 2866 Ite—titiam
2575 2817 2788 2865 constat
2831 2810 3126 2871 inventum,
3178 2805 3283 2861 tuis
3322 2804 3662 2874 temporibus
3707 2798 3771 2855 ad

2171 2900 2359 2972 culpas
2405 2903 2649 2958 videatur
2691 2898 2853 2957 fuisse
2898 2900 3288 2957 transmissum.
3324 2897 3457 2953 Cum
3508 2895 3651 2950 fama
3691 2892 3770 2949 di-

2170 2994 2390 3050 minutis
2431 2990 2578 3049 salva
2628 3003 2717 3048 tua
2767 2990 3024 3064 opinione
3052 3007 3290 3048 versare.
3333 2988 3659 3045 Castitatem
3689 2988 3769 3043 di-

2170 3087 2304 3156 lige,
2332 3086 2417 3143 cui
2447 3084 2732 3156 subiacent
2778 3084 3118 3156 prostituue;
3151 3092 3212 3139 ut
3255 3098 3448 3152 magna
3481 3082 3645 3138 laude
3688 3082 3768 3137 di-

460 3175 574 3233 mul
602 3177 721 3232 vela
750 3177 1040 3233 concludit.
1066 3172 1257 3233 Merito
1287 3179 1429 3234 enim
1451 3180 1540 3234 illa
1566 3182 1907 3238 mercatores
1937 3197 2069 3236 cun-
2098 3173 2145 3237 C
2176 3190 2330 3235 catur
2358 3199 2368 3233 :
2403 3174 2699 3235 Virtutibus
2736 3177 2956 3245 studuit,
2988 3178 3080 3247 qui
3106 3177 3472 3248 voluptatibus
3500 3174 3767 3230 misceba-

463 3268 538 3323 cti
575 3268 878 3338 refugiunt,
903 3286 1024 3339 qua:
1053 3270 1154 3325 sibi
1185 3271 1531 3341 dispendiosa
1562 3288 1681 3328 esse
1710 3283 2061 3344 cognoscunt.

464 3360 810 3429 Quapropter
840 3360 1095 3416 adversus
1122 3361 1195 3417 ibi
1218 3370 1410 3418 ventus
1437 3372 1541 3431 est,
1560 3363 1913 3420 immoderata
1936 3382 2065 3437 prae-

459 3451 714 3519 sumptio.
744 3450 878 3505 Nam
906 3452 1176 3522 placidum
1204 3468 1356 3509 mare
1385 3454 1623 3521 damnat,
1652 3456 1744 3524 qui
1774 3453 1944 3512 undas
1971 3474 2063 3514 cu-

460 3543 705 3614 piditatis
725 3560 1033 3616 exaggerat.
1054 3546 1429 3620 Unusquisque
1442 3566 1542 3621 pro
1555 3551 1896 3609 solemnitate
1914 3570 2063 3611 com-

462 3636 702 3691 monitus
723 3636 914 3693 oilerat
944 3640 1301 3695 voluntarium
1333 3642 1743 3717 munus._Xenia
1775 3655 1899 3701 sunt
1920 3647 2062 3703 enim

460 3726 585 3793 ista,
618 3743 727 3783 non
754 3728 952 3784 debita.
984 3729 1029 3784 A
1050 3732 1235 3801 paucis
1261 3733 1456 3804 accipit
1482 3734 1572 3805 qui
1598 3736 1820 3792 nimium
1842 3740 2059 3809 quaerit;

458 3828 513 3875 et
559 3819 660 3875 sibi
705 3820 807 3892 ipsi
858 3821 1160 3896 mittit[Gr.
1191 3835 1241 3879 et
1270 3826 1421 3898 Cuj.,
1455 3828 1569 3899 ipse
1596 3830 1709 3884 vult
1757 3830 1917 3902 mitti]
1940 3834 2062 3888 vitae

467 3927 713 3979 munera,
744 3914 837 3983 qui
868 3916 1181 3972 moderatur
1221 3918 1421 3973 oblata.
1476 3920 1557 3974 Sit
1607 3922 1703 3976 tibi
1751 3938 1881 3993 ergo
1931 3940 2061 3981 cura

458 4006 724 4075 prmcipua
754 4023 863 4062 non
892 4009 1068 4085 solum
1099 4017 1152 4065 te
1181 4010 1486 4078 abstinere,
1511 4028 1698 4068 verum
1726 4017 1887 4069 etiam
1912 4018 2061 4072 cohi-

453 4096 584 4153 bere
613 4101 1049 4169 przesumcntium
1078 4118 1298 4170 manus;
1331 4104 1457 4173 quia
1486 4120 1596 4159 non
1637 4113 1719 4160 est
1743 4105 1861 4161 leve
1892 4108 1945 4162 in
1969 4108 2059 4164 illa

456 4190 702 4245 ubertate
736 4191 1083 4263 delinquere,
1114 4208 1276 4263 quam
1307 4194 1464 4250 decet
1492 4203 1717 4250 cunctos
1748 4195 2058 4252 indesinen-

456 4286 539 4333 ter
564 4290 772 4349 optare.
805 4281 1067 4348 Quocirca
1097 4298 1197 4353 per
1234 4283 1582 4339 indictionem
1613 4285 1759 4340 illam
1791 4287 2059 4343 comitiva:

460 4376 650 4441 portes
679 4380 733 4428 te
762 4373 969 4432 honore
998 4375 1349 4442 decoramus;
1375 4385 1434 4431 ut
1459 4377 1597 4433 sicut
1620 4379 1852 4450 dignitas
1872 4380 2059 4439 dulces

461 4462 682 4519 delicias
712 4463 1072 4535 administrat,
1099 4467 1174 4522 ita
1205 4476 1261 4525 et
1290 4477 1348 4524 tu
1377 4467 1573 4526 honori
1596 4471 1907 4542 opinionem
1934 4472 2055 4530 lau-

452 4551 685 4610 dabilem
712 4550 1073 4627 derelinquas.

747 4684 812 4743 Χ.
845 4700 1089 4744 ιιοιιιιυιΑ
1119 4704 1329 4747 ransom
1358 4706 1738 4752 vocor-rum.

523 4779 783 4847 Quamvis
812 4777 840 4820 δ
872 4789 1018 4837 artes
1059 4781 1276 4839 ludicrae
1316 4785 1481 4858 Mlti,
1514 4783 1768 4858 lubricas]
1797 4787 2042 4845 honestis

434 4888 526 4931 mo
537 4870 687 4931 ribus
710 4872 819 4931 sint
844 4880 1086 4941 remotae,
1119 4884 1176 4931 ot
1204 4874 1527 4934 histrionum
1551 4879 1659 4934 vita
1688 4892 1824 4951 vaga
1851 4882 2038 4939 videat-

502 5071 534 5105 ι
568 5064 786 5122 Scilicet
813 5061 1036 5120 Portum
1066 5070 1121 5119 et
1145 5063 1369 5118 Ostiam.
1393 5058 1515 5119 don.

508 5137 538 5178 ι»
559 5136 651 5197 Sic
679 5146 823 5193 artes
852 5134 1084 5209 ludicras
1112 5142 1272 5209 vocat
1300 5135 1393 5189 lib.
1428 5137 1599 5193 ultim.
1628 5135 1764 5209 God.
1796 5137 2030 5209 Theod.,

437 5210 507 5279 de
533 5209 786 5279 Majuma,
817 5221 939 5277 pag.
972 5206 1102 5279 469.,
1124 5204 1298 5279 _ldem_
1335 5221 1519 5279 naevus
1557 5208 1696 5277 apud
1747 5204 2027 5279 lsidorum,

436 5274 746 5353 Etmelib.
767 5274 914 5353 xvtu,
936 5292 1055 5353 cap.
1084 5275 1171 5340 16,
1211 5276 1301 5329 ubi
1326 5274 1393 5330 de
1420 5274 2028 5353 Spectaculisloquens;

434 5338 566 5407 Hgio
596 5348 649 5406 et
678 5338 910 5413 lubrica,
938 5338 1033 5411 ait,
1067 5338 1360 5421 nuncupat,
1391 5338 1534 5421 qupd
1573 5349 1626 5403 in
1653 5338 1792 5421 ludis
1830 5338 2031 5421 gem"-

434 5431 525 5478 tur
549 5430 641 5477 aut
663 5422 715 5478 in
746 5410 954 5485 scenis;
985 5410 1195 5486 corrige
1218 5410 1272 5470 et
1286 5410 1433 5486 pene
1462 5414 1574 5474 haec
1603 5430 1657 5474 ct
1682 5410 1907 5477 ludicra.
1934 5422 2034 5479 Co-

434 5492 672 5556 lumella,
705 5492 761 5563 in
787 5486 994 5563 praefat.
1026 5488 1116 5563 lib.
1148 5504 1164 5541 ι
1194 5487 1262 5563 d_e_
1286 5486 1368 5563 Rc
1398 5489 1615 5563 rust_ica_,
1644 5506 1766 5562 pag.
1797 5491 2027 5563 ἕλε-Νη]

435 5565 553 5621 sine
578 5556 804 5625 ludicris
824 5562 1047 5625 artibus,
1078 5558 1183 5613 etc.
1209 5556 1298 5613 Sic
1325 5558 1539 5615 Corncl.
1573 5556 1807 5625 Tacitus,
1832 5560 1925 5616 lib.
1961 5580 2029 5619 xv

435 5574 553 5621 sine
578 5574 630 5619 lu
673 5574 797 5619 icrts
824 5574 1029 5617 artibus
1078 5574 1183 5613 etc.
1209 5574 1298 5613 διε
1325 5574 1539 5615 uomet.
1573 5574 1696 5615 “laet
1728 5576 1807 5625 us,
1833 5574 1925 5616 ιιι).
1961 5580 2026 5619 xv

432 5636 606 5713 Anna
636 5574 723 5689 liit
760 5634 1003 5713 circense
1031 5601 1295 5713 ludicrum
1340 5628 1564 5713 edebat,
1606 5624 1673 5685 Et
1698 5574 2026 5713 ἆται-ψει»,

431 5708 523 5779 lib.
561 5723 618 5771 tt,
643 5721 761 5779 cap.
790 5702 934 5779 ﬁde
958 5702 1164 5779 Spectu
1184 5700 1415 5779 exempl.
1440 5701 1505 5779 4.;
1536 5698 2025 5779 A_m‘mian._Marc_.,

555 5760 665 5842 xiv,
696 5760 907 5847 1333.19
931 5760 1099 5847 etlii;
1129 5760 1430 5847 Sdlvian'us,
1463 5760 1529 5826 de
1549 5760 1926 5847 Gttbern._Dci.
1948 5760 2029 5847 Εἰ

432 5849 591 5921 intra,
621 5838 728 5906 hac
756 5838 991 5903 lbrmula
1018 5843 1107 5910 10,
1129 5850 1290 5899 vocat
1317 5841 1578 5901 ludicram
1604 5838 2026 5905 atbuinistratio-

2172 3281 2280 3326 tur.
2305 3268 2563 3343 Optamus
2582 3270 2725 3326 enim
2752 3281 2807 3325 ut
2836 3287 2932 3349 per
2956 3269 3218 3325 ludicram
3246 3264 3769 3324 administrationem

2168 3363 2237 3419 ad
2264 3362 2461 3420 seriam
2491 3362 2775 3436 pervenias
2804 3362 3140 3432 dignitatem.

2274 3478 2357 3533 XI.
2390 3495 2639 3535 FOBIULA
2667 3495 2989 3535 DEFENSORIS
3016 3495 3330 3535 CUJUSLIBET
3359 3492 3643 3534 εινιτλτιε.

2236 3572 2295 3629 Si
2325 3572 2396 3629 ad
2423 3573 2711 3651 cujuslibet
2746 3575 3022 3640 negotium
3060 3571 3425 3643 peragendum
3463 3569 3589 3625 talis
3615 3569 3766 3640 eligi-

2168 3677 2272 3734 tur,
2304 3668 2398 3738 qui
2427 3668 2652 3723 consilio
2674 3674 2729 3722 et
2757 3667 3021 3737 gravitate
3068 3664 3334 3731 laudetur,
3386 3672 3595 3736 quanto
3628 3678 3765 3734 prae-

2166 3762 2395 3817 stantior
2424 3776 2545 3817 esse
2572 3761 2752 3826 debet,
2809 3759 2902 3830 qui
2941 3758 3167 3827 suscipit
3207 3757 3423 3826 negotia
3488 3755 3766 3811 civitatis?

2165 3854 2299 3909 Nam
2349 3854 2394 3909 si
2439 3852 2736 3924 periculum
2766 3858 2849 3906 est
2876 3864 3040 3905 unum
3068 3848 3337 3919 decipere,
3367 3847 3516 3917 quod
3541 3847 3651 3902 erit
3676 3848 3765 3901 im-

2166 3963 2351 4019 parem
2378 3955 2652 4001 tantorum
2668 3943 2872 4013 judicio
2894 3941 3168 3997 exstitisse
3193 3941 3214 3993 ?
3241 3938 3417 3994 Causa
3443 3938 3594 3994 enim
3624 3937 3762 3992 mul-

2165 4049 2341 4095 torum
2369 4038 2510 4094 bene
2537 4044 2659 4091 acta
2685 4035 2951 4099 nobilitat,
3006 4031 3222 4102 quando
3251 4039 3424 4087 totum
3451 4030 3605 4086 bono
3634 4044 3763 4102 pro-

2162 4132 2340 4203 posito
2370 4143 2531 4198 agere
2560 4127 2815 4192 creditur,
2844 4126 2937 4205 qui
2966 4123 3307 4195 generalibus
3348 4122 3638 4178 desideriis
3667 4122 3762 4177 ad-

2163 4238 2281 4279 esse
2292 4221 2542 4278 sentitur.
2560 4218 2907 4275 Defensorem
2920 4224 2972 4272 te
2984 4217 3165 4286 itaque
3175 4215 3316 4270 illius
3330 4214 3570 4270 civitatis
3582 4229 3683 4284 per
3694 4216 3761 4270 in-

2161 4314 2451 4371 dictionem
2471 4313 2618 4368 illam
2636 4311 2830 4367 civium
2845 4320 3060 4366 tuorum
3075 4308 3470 4380 supplicatione
3485 4314 3759 4378 permota,

2161 4416 2346 4464 nostra
2372 4406 2623 4464 concedit
2650 4404 2962 4469 auctoritas,
3008 4411 3067 4457 ut
3094 4400 3168 4456 nil
3194 4400 3405 4467 venale,
3440 4400 3518 4455 nil
3548 4402 3757 4471 impro-

2159 4504 2288 4559 bum
2312 4502 2492 4558 lacere
2514 4500 2670 4568 velis,
2700 4499 2791 4568 qui
2820 4497 2914 4552 tali
2954 4496 3174 4551 nomine
3212 4493 3568 4564 nuncuparis.
3595 4492 3758 4548 Com.

2072 4552 2129 4632 D
2152 4598 2354 4655 mercia
2376 4596 2582 4653 civibus
2603 4592 2898 4648 secundum
2922 4600 3225 4660 temporum
3239 4588 3562 4658 qualitatem
3584 4601 3758 4656 aequa-

2147 4692 2242 4749 bili
2286 4688 2661 4747 moderatione
2686 4686 2931 4755 dispone.
2964 4682 3192 4739 Definita
3216 4697 3375 4739 serva
3429 4695 3556 4751 quae
3578 4680 3755 4751 jusse-

2147 4789 2241 4855 rls,
2271 4788 2397 4858 quia
2422 4800 2531 4842 non
2570 4793 2655 4841 est
2690 4783 2844 4838 labor
2866 4780 3131 4837 vendendi
3178 4792 3423 4835 summas
3444 4777 3749 4851 includere,

2148 4883 2251 4939 nisi
2292 4887 2496 4938 statuta
2523 4880 2698 4951 pretia
2725 4877 3026 4934 castissime
3055 4874 3347 4931 custodire.
3376 4872 3579 4944 imples
3606 4871 3751 4929 etum

2137 5084 2281 5125 nem.
2310 5065 2505 5125 itiner.
2530 5064 2644 5121 Hac
2664 5060 2735 5121 de
2759 5078 2819 5121 re
2840 5069 3040 5120 tractat
3067 5061 3212 5117 Petr.
3228 5059 3360 5116 Fab.
3379 5057 3560 5126 Agon.
3583 5055 3680 5113 lib.
3708 5068 3746 5120 t,

2138 5140 2399 5266 “enim
2428 5196 2857 5283 constatARomre
2882 5192 3350 5283 luisseJribunum
3376 5198 3740 5283 voluptatum,

2177 5283 2280 5337 uod
2311 5291 2366 5336 et
2406 5282 2627 5352 reperio,
2654 5279 2707 5332 in
2739 5279 2774 5332 l.
2807 5279 2909 5352 ult.‘
3047 5274 3239 5339 Theo.,
3279 5277 3363 5330 tit.
3396 5274 3466 5328 dc
3492 5274 3739 5352 scenis”

2177 5297 2280 5337 uou
2311 5297 2366 5336 et
2406 5297 2619 5352 reperto
2654 5297 2707 5332 In
2739 5297 2774 5332 ι.
2807 5297 2904 5333 υιι.
2946 5297 3008 5331 υ.
3056 5297 3239 5339 “160.,
3281 5297 3363 5330 ιιι.
3396 5297 3466 5328 uc
3508 5297 3739 5333 πωπω,

2136 5297 2527 5421 Eiogcnianum
2545 5350 2878 5419 voluptatum
2894 5346 3185 5423 tribunum
3208 5343 3527 5423 nuncupftr‘i‘.
3546 5334 3742 5423 Nescio

2138 5439 2205 5477 an
2239 5409 2348 5478 huc
2398 5430 2547 5491 recte
2592 5409 2993 5491 accpmmodari
3043 5409 3444 5491 possit_‘quod_'a
3472 5409 3741 5491 Suetpnio

2132 5495 2387 5550 scribitur
2430 5494 2483 5548 in
2518 5490 2637 5548 Vita
2666 5490 2888 5560 Tiberii,
2922 5482 3169 5560 capfdi,
3214 5482 3495 5560 Tiberium
3529 5482 3740 5560 scilicet

2133 5581 2333 5619 novum
2363 5562 2657 5620 instituisse
2687 5556 2925 5616 cilicium
2967 5556 3011 5629 ας
3031 5556 3735 5629 voldptatibus,prmposito

2133 5597 2333 5619 uuvulu
2363 5597 2657 5620 tttaututaau
2687 5597 2925 5616 uu-muu.
2967 5597 2997 5624 ιι,
3038 5597 3393 5626 “auruum.”
3445 5597 3732 5623 ,πυτιννωη

2132 5636 2313 5704 equite
2341 5634 2585 5689 Romano
2610 5630 2952 5704 Τιβέηξρῃὶο
2985 5626 3190 5704 Prisco.
3220 5622 3336 5704 L._l
3355 5668 3368 5692 ,
3483 5612 3589 5704 λρε
3616 5622 3733 5704 ff;

2130 5682 2312 5774 ᾖὲἇέἶὲ
2325 5682 2585 5771 1ῖὶἇόἦὶἱῇ
2609 5682 3045 5774 ﬁscinam;
3071 5682 3139 5755 de
3165 5682 3390 5767 scenici;
3421 5688 3553 5753 1.29
3580 5698 3638 5751 et
3665 5682 3734 5748 38

2131 5769 2193 5832 Ε.
2224 5777 2455 5846 Theod.,
2480 5775 2549 5834 de
2568 5769 2914 5848 praetoribus.
2948 5769 3135 5830 Bnoss.
