3958 6450
141 329 264 398 ⁸117

143 547 314 618 gibus
343 552 574 624 patiaris
596 551 848 624 opprimi,
879 565 983 608 nec
1007 550 1270 607 charitate
1297 549 1562 607 consumi.

458 687 573 748 XII.
600 704 849 748 FOIIULA
876 703 1171 746 CURATOBJS
1198 700 1482 744 ClVl'l'ATIS.
1560 685 1572 700 ’

219 779 497 849 Quamvis
525 799 622 856 per
646 799 707 840 se
733 765 1066 839 honorabilis
1107 767 1412 862 habeatur,
1431 767 1524 848 qui
1553 775 1637 834 vel
1661 767 1767 832 mi-

143 871 365 930 nimam
399 873 816 932 sollicitudinem
845 861 1050 932 civitati
1075 871 1304 944 preprize
1333 861 1547 925 videtur
1566 865 1770 939 impen-

143 963 306 1032 dere,
344 973 408 1023 et
434 966 577 1024 inter
604 982 732 1024 suos
760 981 956 1036 magna
983 955 1286 1022 reverentia
1316 959 1644 1036 perfruatur,
1675 949 1768 1031 qui

143 1051 301 1109 cives
335 1069 403 1110 se
432 1070 618 1112 amare
646 1055 920 1128 professus
950 1064 1054 1126 est,
1085 1060 1267 1108 tamen
1296 1043 1624 1107 indubitatus
1670 1039 1768 1105 bo-

144 1160 255 1200 nor
298 1154 412 1220 est,
463 1147 555 1218 qui
585 1157 770 1203 nostra
801 1145 1067 1202 electione
1096 1135 1390 1210 confertur,
1423 1141 1545 1213 quia
1575 1135 1768 1213 prndi-

145 1237 234 1290 tus
260 1235 432 1294 bonis
464 1237 723 1294 institutis
751 1235 1008 1306 creditur,
1037 1235 1122 1292 cui
1144 1229 1354 1305 aliquid.
1386 1232 1770 1308 principislau-

133 1316 418 1384 'ctoritate
466 1329 763 1400 delegatur.
810 1327 880 1384 Et
928 1317 1050 1384 ideo
1077 1323 1145 1382 ab
1171 1317 1467 1381 indictione
1496 1321 1586 1379 illa
1624 1313 1767 1380 illius

144 1416 400 1474 civitatis
427 1435 614 1476 curam
635 1420 704 1475 ad
729 1428 780 1475 te
801 1405 1049 1476 volumus
1069 1415 1364 1492 pertinere,
1388 1409 1447 1471 ut
1476 1413 1766 1470 laudabiles

143 1508 380 1566 ordines
408 1512 573 1568 curia:
616 1511 889 1583 sapienter
940 1507 1246 1583 gubernes;
1275 1509 1554 1564 moderata
1591 1505 1766 1579 pretia

142 1599 214 1654 ab
277 1600 423 1672 ipsis
475 1619 704 1674 quorum
752 1603 977 1660 interest
1011 1595 1178 1659 facias
1217 1593 1501 1659 custodiri.
1550 1595 1666 1655 Non
1697 1587 1767 1656 sit

141 1706 375 1750 merces
417 1695 471 1750 in
518 1703 787 1767 potestate
836 1696 952 1752 sola
991 1693 1379 1759 vendentium,
1431 1693 1765 1765 aequabilitas

140 1793 307 1851 grata
331 1787 675 1842 custodiatur
697 1786 750 1842 in
773 1787 1042 1844 omnibus.
1061 1776 1478 1856 Opulentissima
1499 1782 1764 1853 siquidem

1447 335 1812 400 VARIARUI!
1848 335 2055 400 LIBER
2087 337 2204 400 VII;

144 463 357 516 revera
384 457 520 518 boni
548 453 848 518 delensoris
873 457 1133 526 cilicium,
1161 451 1208 514 si
1237 457 1382 515 cives
1406 463 1528 514 tuos
1551 471 1654 515 nec
1675 457 1758 514 le-
1786 463 1842 524 Α

3355 295 3466 410 ita

2097 452 2241 511 XIV.
2285 469 2534 515 ron-ou
2564 471 2833 518 comma:
2859 452 3211 520 inveharis.

1942 569 2002 630 Si
2027 569 2343 627 aestimanda
2391 577 2474 628 est
2500 566 2730 643 dignitas
2758 581 2825 632 ex
2877 571 3082 644 labo're,
3106 577 3150 634 si
3179 568 3465 635 laudabilis

1869 665 2176 724 stillicitudo
2205 663 2422 722 actuum
2443 665 2780 738 publicorum
2803 669 2948 741 parit
2973 672 3201 741 gratiam
3226 669 3463 728 liberali-

1871 759 1957 816 ter
1982 751 2259 826 Sertien'tl,
2291 759 2501 815 surnma
2528 751 2920 830 gratiﬁcatione
2945 751 3096 820 lbctts
3123 763 3248 819 tuus
3264 759 3468 820 haben-

1870 844 1974 910 dus
2000 853 2101 919 est,
2131 851 2224 926 qui
2247 847 2358 909 suis
2382 843 2796 910 necessitatibus
2818 839 3079 925 probatur
3100 847 3337 913 adtinere
3365 851 3468 914 rio:

1870 941 1997 1004 stris
2046 939 2473 1004 ordinatlotllbus
2517 941 2848 1004 tarditatem.
2899 941 3029 1016 Qiii's
3069 951 3214 1006 enim
3258 933 3468 1028 nesciat

1870 1031 2128 1110 qliahtant
2158 1039 2370 1110 copiam
2387 1037 2601 1096 navium
2624 1037 2816 1097 leviter
2843 1033 3104 1112 proetii'es
3131 1033 3466 1102 admonitus?

1870 1117 1917 1186 Α
1945 1121 2297 1201 dign’itatib‘u's
2542 1121 2729 1204 palatii
2759 1133 2930 1189 tidstri
2957 1126 3048 1189 vii
3079 1129 3132 1190 iii
3162 1129 3464 1191 e‘Vectioni-

1869 1218 1970 1278 bus
1999 1213 2269 1291 scribitur,
2300 1223 2354 1278 et
2395 1225 2506 1293 jam
2536 1227 2567 1278 ti
2590 1227 2642 1281 te
2670 1227 2879 1282 summa
2918 1225 3196 1281 celeritate
3221 1225 3465 1299 eoiiiple-

1873 1321 1976 1367 titr.
2009 1307 2140 1368 Nam
2173 1311 2314 1369 inter
2361 1309 2700 1371 dini‘is'soruni
2741 1311 3112 1375 feStinatiOnes
3149 1311 3337 1374 ansias
3376 1315 3468 1375 vix

1869 1399 2067 1459 suillcit
2091 1404 2228 1460 alter
2249 1393 2529 1462 advertere
2549 1404 2692 1476 quod
2713 1413 2766 1463 te
2794 1401 3056 1464 vivaciter
3078 1397 3338 1482 eontingit
3361 1410 3466 1465 im-‘

1868 1493 2039 1564 plere.
2080 1489 2488 1564 Negetiato‘ium
2535 1491 2731 1567 ὀρθῶς
2783 1501 3071 1556 consuetas
3118 1495 3221 1557 nec
3271 1495 3468 1560 nimias

1869 1581 2054 1654 exigas
2081 1589 2181 1642 nec
2204 1577 2496 1644 Venalitatc
2526 1579 2887 1660 derelinquas.
2913 1585 2993 1644 Sit
3015 1581 3208 1646 modus
3234 1581 3328 1661 qui
3356 1583 3467 1647 noti

1867 1683 2047 1749 petest
2067 1673 2293 1749 gravare
2316 1671 2642 1749 laborantes,
2668 1674 2870 1737 incum
2893 1683 2981 1738 res
3002 1677 3316 1751 'qiierelosas
3346 1679 3467 1740 sine

1866 1767 2218 1839 querimoniis
2248 1773 2442 1841 egeris,
2496 1765 2703 1843 inajora'
2742 1772 2808 1829 de
2856 1779 3042 1830 nostro
3072 1773 3322 1830 examine
3350 1777 3467 1832 me-

141 1879 202 1928 οι
234 1875 375 1932 hinc
420 1863 596 1948 gratia
625 1873 822 1934 civium
851 1875 1145 1948 colligitur,
1173 1876 1217 1931 si
1243 1875 1416 1949 pretia
1443 1874 1543 1931 sub
1571 1873 1762 1931 mode-
1795 1843 1844 1904 Β
1871 1861 2060 1917 rearis.
2091 1855 2321 1919 Proinde
2342 1863 2650 1920 cemitivam
2680 1849 3052 1922 Ravennatem
3084 1863 3185 1938 per
3211 1861 3358 1921 illam
3384 1865 3469 1922 iné

139 1967 377 2025 ratione
400 1981 708 2039 serVentur;
734 1979 793 2026 ut
819 1986 947 2029 vere
967 1969 1233 2042 curatoris
1253 1968 1479 2040 impleas
1505 1965 1765 2039 cilicium,

138 2074 276 2116 cum
342 2055 446 2118 tibi
493 2049 800 2119 sollicitudo
838 2057 1002 2120 fuerit
1051 2051 1120 2119 de
1168 2061 1401 2118 utilitate
1426 2069 1761 2117 cunctorum.

139 2159 170 2188 ι
219 2151 672 2212 Consuetudines
730 2163 912 2212 autem
950 2147 1049 2210 tibi
1087 2169 1157 2211 ex
1206 2147 1394 2210 nostra
1441 2147 1765 2210 auctoritate

138 2243 418 2313 defende,
462 2255 598 2317 quas
624 2247 682 2303 ta
708 2246 904 2305 eodem
949 2247 1072 2304 loco
1109 2255 1233 2305 tuo:
1255 2243 1469 2304 constat
1510 2243 1766 2312 habuisse

140 2350 424 2408 maiores.

471 2469 607 2532 XIII.
639 2485 889 2531 roanuu
919 2487 1190 2532 contum
1217 2487 1472 2532 nomn.

216 2559 282 2616 Si
312 2559 516 2620 clausis
534 2563 785 2620 domibus
806 2580 871 2621 ac
893 2565 1112 2622 munitis
1133 2564 1373 2622 insidiari
1394 2563 1528 2623 solet
1551 2563 1764 2636 nequis-

143 2649 357 2708 simum
377 2661 581 2720 votum,
613 2662 822 2724 quanto
871 2655 1042 2724 magis
1077 2655 1135 2711 in
1165 2655 1409 2712 Romana
1436 2655 1656 2712 civitate
1681 2656 1763 2712 vi-

143 2738 312 2797 detur
369 2742 521 2810 illici,
550 2743 646 2814 qui
694 2745 751 2800 in
802 2745 995 2815 plateis
1023 2745 1323 2815 pretiosum
1369 2745 1574 2816 reperit
1616 2745 1762 2815 quod

142 2835 332 2904 possit
360 2836 608 2894 auferri?
654 2837 790 2893 Nam
828 2837 1044 2906 quidam
1074 2837 1309 2907 populus
1358 2837 1762 2908 copiosissimus

143 2933 476 2992 statuarum,
493 2937 686 2999 greges”
707 2929 870 2984 etiam
895 2927 1343 2985 abundantissimi
1364 2942 1647 2998 equorum,
1665 2929 1762 2988 tali

143 3027 281 3073 sunt
305 3021 521 3076 cautela
548 3022 819 3088 servandi,
850 3021 999 3091 quali
1026 3029 1084 3078 et
1121 3036 1248 3079 cura
1287 3021 1538 3079 videntur
1565 3020 1712 3079 afﬁxi
1743 3040 1758 3082 :

145 3108 268 3172 ubi,
293 3111 346 3165 si
372 3119 519 3167 esset
553 3111 803 3167 humanis
830 3112 993 3167 rebus
1012 3112 1122 3168 ulla
1143 3111 1527 3179 consideratio,
1559 3111 1760 3172 Roma-

146 3213 287 3254 nam
319 3201 775 3270 pulchritudinem
794 3219 902 3262 non
927 3203 1141 3275 vigiliae,
1163 3203 1258 3260 sed
1285 3204 1401 3262 sola
1422 3203 1646 3262 deberet
1672 3221 1757 3263 re-
1784 3223 1830 3289 ο

145 3293 404 3349 verentia
430 3295 723 3351 custodire.
756 3293 896 3364 Quid
921 3296 1165 3353 dicamus
1211 3307 1486 3355 marmora
1523 3297 1760 3358 metallis

148 3391 207 3438 et
252 3391 376 3440 arte
401 3387 639 3456 pretiosa
669 3401 686 3454 ;
733 3401 854 3457 quae
894 3387 941 3443 si
970 3396 1127 3445 vacet
1154 3389 1384 3459 eripere,
1410 3403 1536 3444 rara
1564 3404 1758 3450 manus

149 3485 238 3534 est
259 3493 386 3547 quae
430 3479 602 3549 possit
626 3495 658 3534 a
686 3480 884 3538 talibus
903 3481 1210 3538 abstinent
1231 3481 1312 3538 lbi
1331 3490 1460 3538 sunt
1484 3484 1755 3554 exposita,

149 3579 274 3634 qua:
300 3565 482 3622 facere
501 3574 796 3638 potuerunt
823 3569 1020 3627 divitiae
1041 3571 1322 3640 generales
1345 3579 1404 3627 et
1425 3571 1579 3628 labor
1599 3588 1757 3640 mun-

150 3655 227 3711 di.
252 3657 430 3724 Quem
451 3659 593 3715 inter
617 3659 720 3716 ista
747 3660 939 3718 deceat
964 3676 1085 3720 esse
1110 3663 1514 3733 negligentem?
1542 3663 1671 3731 Quis
1699 3664 1756 3722 in

151 3765 322 3806 causa
355 3751 450 3808 tali
497 3754 700 3824 patitur
725 3769 847 3811 esse
886 3756 1108 3822 venalis,
1139 3755 1356 3826 quando
1377 3757 1754 3827 gravissimum

151 3842 415 3902 damnum
485 3854 666 3916 potest
719 3846 836 3903 fieri
887 3847 943 3906 in
994 3849 1394 3919 pulchritudine
1445 3849 1754 3918 singulari?

153 3934 339 4001 Quare
369 3951 466 4008 per
490 3938 839 3996 indictionem
864 3939 1009 3995 illam
1034 3941 1302 3998 comitivre
1346 3940 1602 3996 Romanae
1624 3956 1754 4006 cum

153 4027 452 4096 privilegiis
500 4036 557 4084 et
596 4029 757 4099 justis
804 4031 1104 4088 commodis
1129 4031 1240 4088 suis
1282 4031 1380 4088 tibi
1409 4031 1755 4089 concedimus

153 4115 510 4185 dignitatem;
541 4126 600 4173 ut
630 4117 774 4175 ﬁdeli
803 4120 983 4184 studio
1030 4135 1334 4198 magnoque
1378 4121 1499 4176 nisu
1543 4137 1756 4192 quaeras

155 4205 434 4278 improbas
460 4223 680 4276 manus,
713 4218 768 4267 et
814 4210 1126 4268 insidiantes
1155 4219 1248 4267 aut
1288 4212 1619 4284 privatorum
1643 4212 1754 4269 for-

155 4299 299 4355 tunis
353 4309 448 4354 aut
477 4302 764 4370 mentibus,
795 4301 862 4357 ad
891 4311 1041 4358 tuum
1064 4300 1227 4358 facias
1255 4302 1439 4359 venire
1459 4302 1754 4373 judicium;

157 4398 225 4455 et,
249 4392 336 4448 rei
358 4395 584 4450 veritate
603 4395 866 4465 discussa,
889 4410 1182 4465 congruam
1203 4397 1432 4452 subeant
1454 4397 1522 4451 de
1545 4396 1753 4466 legibus

158 4481 441 4539 ultionem.
467 4484 602 4551 Quia
623 4485 770 4556 justo
791 4487 926 4543 tales
948 4487 1286 4556 persequitur
1304 4488 1551 4558 publicus
1573 4489 1754 4562 dolor,

159 4577 248 4645 qui
277 4577 534 4633 decorem
550 4585 795 4636 veterum
824 4578 1028 4635 foedant
1049 4578 1462 4636 detruncatione
1481 4580 1752 4638 membro-

159 4680 301 4732 rum,
334 4667 645 4738 faciuntque
698 4669 788 4724 illa
844 4669 900 4724 in
951 4670 1316 4728 monumentis
1352 4671 1602 4742 publicis,
1633 4687 1756 4742 qua:

162 4758 360 4815 debent
392 4763 521 4831 pati.
552 4761 797 4817 Ofﬁcium
833 4772 981 4817 tuum
1025 4770 1081 4818 et
1107 4763 1305 4819 milites
1332 4772 1624 4821 consuetos
1651 4781 1754 4822 no-

163 4852 335 4906 ctibus
360 4854 539 4922 potius
562 4847 840 4924 invigilare
869 4855 1165 4927 compelle;
1214 4857 1270 4911 in
1298 4855 1385 4912 die
1413 4861 1596 4912 ament
1623 4849 1756 4913 civi;

165 4947 239 4995 tas
263 4943 443 5012 seipsa
485 4945 738 5001 custodit.
762 4944 1003 5016 Vigilans
1031 4935 1175 5000 enim
1204 4947 1382 5002 studio
1410 4962 1520 5002 non
1551 4947 1758 5020 indiget

168 5031 359 5089 alieno.
392 5033 557 5090 Furta
588 5037 803 5106 quidem
834 5037 1188 5108 persuadent:
1221 5037 1316 5094 sed
1344 5041 1471 5095 tun'c
1496 5055 1755 5111 praesum:

168 5129 286 5192 ptus
328 5126 487 5184 facile
517 5131 745 5200 capitur,
775 5145 896 5187 cum
925 5138 1110 5188 custos
1158 5131 1378 5188 minime
1407 5134 1756 5204 Sapervcnire

169 5216 414 5271 sentitur.
440 5219 646 5274 Statua:
675 5223 776 5275 nec
816 5220 870 5276 in
916 5215 1033 5276 toto
1074 5225 1236 5275 muta:
1282 5219 1408 5276 sunt
1436 5239 1451 5275 :
1479 5221 1694 5292 quando
1723 5229 1756 5277 a

172 5301 369 5363 iui-ibus
393 5324 681 5378 percussae,
709 5309 962 5365 custodes
981 5309 1234 5366 videntur
1259 5308 1542 5369 tinnitibus
1570 5312 1758 5368 admo-

173 5409 314 5453 nere.
346 5398 580 5457 Proinde
616 5399 950 5470 diligentiam
980 5405 1129 5456 tuam
1176 5397 1465 5460 devotione
1501 5402 1760 5458 iadda'biii

171 5491 478 5560 sentiamus,
509 5499 570 5548 ut
599 5493 686 5549 cui
715 5494 857 5548 nunc
885 5477 1184 5549 laboriosos"
1211 5487 1384 5552 fasces
1408 5493 1752 5566 in‘juagii'nus,

173 5591 392 5643 securos
408 5589 644 5646 honores
669 5593 858 5661 pbstea
883 5583 1242 5647 conferamus.
1523 5583 1530 5588 ’
1625 5582 1672 5588 ”
1699 5582 1748 5588 ’“

242 5754 270 5785 ι
294 5745 718 5804 Consuetudines.
744 5749 888 5806 Alias
909 5749 1190 5819 vectigalia
1217 5757 1271 5806 et
1297 5749 1518 5819 tributa,
1541 5749 1628 5805 liic
1655 5763 1755 5818 pro

178 5820 430 5886 annonis;
473 5821 769 5888 quinetiam
815 5822 870 5875 in
922 5820 1145 5876 formula
1190 5821 1257 5875 ad
1297 5820 1756 5886 commendandos

179 5889 356 5946 comiti
401 5891 688 5964 principes,
735 5899 1024 5962 utrumque
1061 5892 1414 5964 coniunctim,
1446 5889 1672 5949 annonis
1699 5895 1754 5947 et

1867 1951 2158 2012 dictionem
2189 1955 2285 2012 tibi
2314 1957 2577 2015 serenitas
2596 1967 2782 2014 nostra
2809 1951 3078 2026 cencedit,
3103 1965 3163 2014 tit
3190 1950 3468 2030 dignitatis

1868 2041 1973 2102 tua:
1997 2041 2278 2120 privilegia
2307 2043 2503 2107 subeas
2534 2040 2589 2106 et
2609 2050 2841 2107 labores.
2865 2041 3111 2107 Ofilciu'tii
3135 2051 3284 2107 tuum‘
3306 2041 3468 2122 isqui-

1867 2135 1993 2192 ta’tls
2023 2137 2457 2196 consideratione
2484 2135 2794 2198 moderare.
2824 2133 3051 2214 Sampsi-
3073 2133 3217 2198 enim’
3243 2135 3298 2198 ἐι
3325 2133 3465 2214 prai-

1866 2229 2042 2286 standi
2071 2236 2127 2286 et
2154 2219 2382 2289 laedendi
2411 2231 2601 2290 causas
2624 2225 2851 2304 invenit,
2875 2231 2968 2307 qui
2991 2225 3218 2306 publicis
3240 2231 3465 2292 actioni-

1864 2316 2302 2402 busadbibetur.
2331 2321 2439 2380 Sed
2468 2327 2732 2397 quantum
2761 2316 3160 2383 administratio
3201 2327 3290 2383 tua
3322 2317 3464 2383 inter

1864 2409 2165 2470 mediocres
2209 2404 2404 2485 agitur,
2454 2419 2602 2472 tanta
2648 2414 2813 2473 debet
2840 2405 3150 2488 aequalitate
3189 2416 3463 2488 trutinari,

1863 2503 1987 2577 quia
2016 2507 2166 2563 illum
2210 2503 2388 2581 potius
2417 2501 2637 2581 expedit
2665 2495 2852 2567 tenere
2887 2501 3213 2578 men'suriiin',
3247 2505 3338 2584 qui
3369 2499 3464 2567 de-

1862 2595 2059 2657 fectam
2085 2594 2327 2657 noscitur
2350 2593 2650 2671 gubernare
2663 2593 3038 2659 substantiam.
3059 2583 3243 2659 idonei
3264 2581 3464 2660 damna

1865 2687 1953 2752 vix
1982 2687 2242 2763 sentiunt,
2273 2705 2465 2752 tenues
2493 2685 2674 2766 autem
2701 2691 2808 2753 levi
2861 2687 3142 2771 diSpendio
3170 2684 3462 2756 vuincran-

1865 2776 1972 2855 tur,
1996 2785 2214 2857 quando
2235 2783 2319 2841 vel
2345 2777 2607 2843 mediocri
2626 2775 2823 2858 injuria
2855 2772 3028 2844 totum
3058 2783 3270 2846 videtur
3299 2790 3462 2846 amit-'

1864 2887 2000 2945 tere,
2027 2869 2120 2952 qui
2150 2878 2403 2948 exiguum
2429 2873 2774 2951 cognoscitur
2802 2869 3104 2954 pOSSidere.

1900 3019 2012 3076 XV.
2050 3033 2299 3077 FORIULA
2325 3021 2394 3076 in
2432 3032 2766 3076 ηεηετυι
2802 3033 2955 3076 nam
2987 3033 3055 3076 os
3081 3031 3425 3078 neutrum

2478 3106 2831 3148 ΡυΒιιοοιιυι.

1933 3180 2193 3239 Romanis
2236 3179 2452 3238 fabricae
2502 3180 2670 3240 decus
2697 3181 2950 3238 convenit
2991 3180 3228 3252 peritum
3253 3181 3462 3250 habere

1862 3274 2161 3340 custodem,
2192 3280 2252 3328 ut
2279 3272 2370 3328 illa
2409 3272 2669 3328 mirabilis
2718 3273 2853 3327 silva
2895 3274 3157 3329 moenium
3178 3275 3460 3346 diligentia

1861 3367 2214 3424 subveniente
2241 3374 2508 3435 servetur,
2531 3374 2587 3421 et
2612 3364 2872 3421 moderna
2918 3365 3084 3422 facies
3113 3369 3292 3438 operis
3320 3369 3454 3424 ail‘a-

1860 3451 1971 3514 bris
1996 3452 2164 3531 [λαις
2189 3453 2339 3529 forte,
2372 3451 2584 3530 aifab'ri]
2609 3453 3050 3528 dispositibnibtis'
3089 3457 3452 3516 tonstruatttr.

1861 3550 1977 3607 Hoc
1997 3550 2141 3605 enim
2166 3550 2344 3605 studio
2390 3548 2609 3618 largitas
2637 3539 2824 3605 ucstra
2857 3550 3125 3617 concedit,
3151 3559 3211 3606 ut
3233 3559 3288 3606 et
3310 3551 3454 3608 facta

1861 3643 2108 3700 veterum
2131 3637 2366 3698 erctusis
2394 3638 2696 3698 deiecimus
2720 3640 3064 3711 innovemus,
3095 3647 3150 3698 et
3179 3647 3322 3699 nova
3360 3630 3455 3700 ie-

1862 3737 2076 3794 tttstalis
2105 3731 2276 3807 gloria
2298 3737 2614 3792 vestiamus.‘
2641 3731 2876 3792 Prdittde
2903 3734 3052 3790 mam
3081 3735 3306 3793 liltiSti‘is
3334 3739 3455 3793 ηιμ

1859 3821 2082 3900 gnitudo
2105 3833 2194 3886 tua
2223 3827 2482 3885 Romanis
2503 3821 2716 3885 arcibus
2737 3828 2804 3884 ab
2834 3825 2924 3882 ilia
2952 3827 3247 3883 indictione
3267 3821 3454 3883 datum

1858 3915 2214 3980 architectum
2239 3935 2358 3979 esse
2386 3923 2697 3993 cognoscat;
2723 3917 2789 3975 Et
2824 3919 2949 3990 quia
2967 3917 3129 3989 justi§
3154 3919 3456 3976 cemch

1857 4019 2034 4076 s'tudia
2088 4019 2300 4076 conSta‘t
2347 4011 2542 4074 artium
2589 4016 2891 4083 natriertda,
2942 4015 3010 4070 ad
3053 4023 3174 4071 cum
3203 4015 3452 4073 volamus

1859 4111 2132 4184 pertinere
2159 4110 2420 4183 quidquid
2469 4112 2783 4165 decessores
2812 4107 2927 4177 ejus
2965 4101 3178 4164 constat
3205 4107 3450 4164 ratibus-‘-

1858 4201 2038 4261 b’iliter
2060 4207 2402 4261 ‘consecutos‘.
2427 4195 2642 4257 Videbit
2665 4197 2908 4271 profeCto
2937 4194 3165 4256 tacitura
3191 4205 3350 4270 quam
3372 4200 3451 4258 lc~

1856 4289 1952 4368 git,
1999 4283 2308 4370 puleiiriora
2347 4299 2508 4364 Quam
2557 4294 2796 4363 cogitare
2837 4289 3031 4363 potuit,
3075 4289 3288 4350 statuas
3328 4283 3454 4351 illiti

1856 4393 2137 4448 auctorum
2186 4391 2428 4456 Suorum,
2459 4385 2682 4454 scilicet,
2721 4383 2895 4442 adbitc
2930 4383 3082 4458 signa
3129 4384 3449 4459 retinentes;

1857 4487 1916 4538 ut
1938 4481 2180 4554 quandiu
2220 4477 2571 4536 laudabilium
2601 4479 2954 4551 personarum
2983 4467 3166 4551 opinio
3199 4476 3450 4552 superes-

1856 4575 1960 4644 Set,
1991 4574 2177 4629 tandiu
2225 4559 2281 4630 et
2327 4571 2734 4630 similitudinem
2763 4565 2897 4629 vivdt
2924 4567 3240 4630 substantia:
3268 4569 3450 4645 imago

1859 4655 2101 4740 corporis
2131 4663 2456 4724 cuSibdlret:
2490 4653 2786 4737 Conspiciet
2813 4654 3098 4738 expressas
3139 4668 3193 4722 in
3219 4663 3330 4724 tere
3355 4669 3450 4724 ve-

1858 4777 1976 4828 nas,
1999 4759 2120 4816 nisu
2149 4749 2410 4830 quosdam
2441 4758 2711 4814 musculos
2737 4753 3027 4825 tumentes,
3071 4757 3267 4816 nervos
3293 4759 3451 4830 quasi

1858 4852 2024 4922 gradu
2041 4857 2245 4918 tensos,
2268 4859 2323 4907 et
2350 4846 2427 4908 sic
2452 4851 2725 4906 hominem
2755 4837 2928 4906 fusum
2955 4839 3009 4905 iii
3036 4847 3277 4906 diversas
3306 4848 3451 4904 sinit.

1860 4945 2130 5012 iitudines,
2156 4954 2216 5000 ut
2244 4931 2432 5000 credas
2483 4946 2664 5016 potius
2692 4949 2811 5001 esse
2839 4933 3175 5016 generatdtii.‘
3207 4935 3320 4997 Has”
3347 4939 3454 5012 pri-

1859 5051 2006 5090 mum
2034 5035 2234 5091 Tliusci
2261 5033 2315 5089 in
2344 5019 2495 5090 italia
2520 5035 2789 5092 invenisse
2812 5023 3136 5101 referuntur,
3168 5027 3303 5103 quas
3333 5041 3450 5086 atii-

1860 5128 2017 5200 plexa
2059 5123 2351 5200 posteritas
2393 5141 2532 5200 pene
2578 5143 2765 5199 parem
2815 5125 3074 5199 pupulum
3133 5107 3262 5181 Urbi
3301 5117 3452 5180 dedit

1859 5209 2021 5290 quam
2045 5227 2235 5273 natura
2263 5220 2584 5288 procreavit.
2617 5205 2899 5275 Mirabitiir
2923 5215 3109 5274 formis
3138 5205 3346 5286 mittitis
3375 5217 3451 5272 si-

1859 5327 1964 5382 gna
1989 5312 2152 5367 etiarn
2181 5303 2358 5367 inesse
2387 5309 2632 5368 fervoris.
2655 5299 2917 5382 Crispatis
2941 5307 3084 5366 enim
3114 5309 3351 5374 naribus,
3385 5323 3450 5364 ac

1859 5404 2102 5461 rotundis
2131 5405 2433 5462 constrictis
2460 5406 2746 5472 membris,
2777 5403 2996 5460 auribus
3034 5391 3302 5468 riamulsis',‘
3330 5405 3449 5458 crc-

1863 5493 1955 5550 det
1981 5495 2203 5552 forsitan
2231 5511 2422 5554 cursu
2449 5505 2722 5568 appetere,
2749 5510 2873 5552 cum
2902 5511 2964 5552 se
2987 5495 3208 5553 metalla
3233 5495 3450 5552 noverit

1862 5593 1972 5645 non
1997 5599 2236 5647 movere.
2253 5589 2390 5657 Quid
2407 5589 2647 5646 dientes
2658 5588 3030 5645 columnarum
3045 5587 3302 5658 junceam
3320 5594 3450 5658 pro.

1862 5727 2337 5806 consuetudinibus
2361 5737 2617 5820 scriptum
2645 5721 2960 5806 ‘Form.
2990 5727 3151 5820 hujus
3189 5725 3312 5806 libri
3355 5725 3446 5814 i5,

1863 5823 1962 5882 sub
1984 5823 2160 5879 tinem.
2193 5821 2363 5878 Fons.

3380 5981 3382 5983 .
3418 5975 3430 5984 δ

3333 5993 3340 5999 ,
3420 5987 3425 5996 ι

3379 5996 3464 6039 ,ιχ
