3958 6460
430 334 539 391 ’119

1676 323 1747 387 Μ.
1788 322 2066 386 ΑυιὶΕιῐι
2102 318 2501 383 CASSIODORI

3608 302 3723 364 πθ

428 445 757 504 ceritatem?
798 426 970 505 Moles
1015 443 1136 503 illas
1185 442 1597 503 sublimissimas
1652 442 2012 509 fabricarum,
2042 444 2094 506 Α
2117 448 2377 511 quantum
2431 434 2694 509 prodesse
2740 430 2867 489 Urbi
2908 428 3132 504 praprio
3168 426 3357 485 labore
3382 423 3722 484 constiterit.

428 542 583 611 quasi
609 540 924 611 quibusdam
954 539 1149 596 erectis
1177 539 1463 595 hastilibus
1490 537 1775 603 contineri,
1807 543 1863 593 et
1891 535 2020 591 sub-

427 633 640 689 stantiae
684 633 943 702 qualitate
990 632 1243 689 concavis
1290 631 1566 690 canalibus
1612 637 1933 695 excavatas,
1965 634 2026 683 ut

426 724 599 794 magis
638 723 784 795 ipsas
811 724 1045 781 aestimes
1092 722 1259 781 fuisse
1289 722 1606 789 transfusas,
1652 720 1792 777 ceris
1815 717 2026 789 judices

426 818 651 893 factum,
692 819 839 890 quod
885 819 1117 876 metallis
1144 818 1443 875 durissimis
1472 816 1659 872 videas
1704 812 2024 884 expolitum,

427 924 759 965 marmorum
796 909 1078 979 iuncturas
1108 925 1273 966 venas
1298 910 1448 965 dicas
1477 923 1597 965 esse
1622 905 1911 976 genitales;
1934 902 2026 958 ubi

428 1001 556 1057 dum
577 1002 835 1059 falluntur
854 1003 1021 1073 oculi,
1044 1003 1162 1060 laus
1181 1002 1443 1073 probatur
1470 1000 1710 1057 crevisse
1732 995 2024 1052 miraculis.

429 1092 636 1149 Ferunt
657 1094 819 1165 prisci
847 1094 1033 1150 saeculi
1072 1101 1383 1149 narratores
1412 1091 1738 1147 fabricarum
1762 1099 1784 1124 ει
1818 1094 2053 1157 septem-

432 1190 645 1238 tantum
674 1184 832 1239 terris
852 1184 1112 1239 attributa
1138 1182 1397 1238 miracula
1431 1199 1444 1235 :
1473 1179 1671 1251 Ephesi
1693 1178 1873 1232 Dianae
1895 1185 2032 1231 tem-

435 1273 585 1345 plum
610 1292 625 1341 ;
654 1277 796 1346 regis
824 1275 1049 1332 Mausoli
1072 1276 1493 1346 pulcherrimum
1538 1280 1968 1335 monumentum,
1998 1282 2031 1323 a

436 1383 544 1436 quo
556 1377 611 1425 et
623 1368 897 1426 mauSolea
916 1369 1061 1425 dicta
1076 1377 1222 1436 sunt;
1239 1368 1414 1423 Rhodi
1427 1366 1555 1423 solis
1574 1380 1783 1420 aeneum
1796 1365 2028 1431 signum,

437 1461 578 1529 quod
628 1454 871 1517 colossus
897 1470 1156 1527 vocatur;
1186 1459 1335 1515 iovis
1369 1457 1631 1529 Olympici
1663 1455 2030 1519 simulacrum,

442 1551 587 1623 quod
608 1550 826 1607 Phidias
854 1553 1061 1623 primus
1090 1552 1357 1606 artilicum
1384 1561 1592 1604 summa
1608 1546 1875 1613 elegantia
1904 1543 2036 1598 ebo-

438 1659 500 1698 re
530 1659 770 1714 auroque
807 1644 1101 1710 formavit;
1161 1640 1285 1714 Cyri
1316 1639 1593 1695 Medorum
1640 1637 1782 1704 regis
1820 1635 2032 1699 domus,

438 1750 601 1805 quam
628 1735 881 1791 Memnon
922 1742 1042 1790 arte
1095 1731 1323 1804 prodiga
1351 1730 1565 1800 illigatis
1603 1743 1735 1783 auro
1764 1723 2036 1795 lapidibus

2126 533 2358 589 Dubium
2387 546 2498 587 non
2524 538 2610 587 est
2646 528 2899 585 coetilem
2942 523 3165 589 calcem,
3201 537 3319 592 qua:
3371 526 3459 577 est
3506 518 3728 574 nivibus

2125 626 2403 694 concolor,
2453 621 2691 702 spongiis
2719 619 2909 685 levior,
2942 618 3355 672 instrumentum
3400 626 3524 667 esse
3552 611 3728 666 maxi-

2124 731 2273 771 mum
2313 713 2658 771 fabricarum.
2690 710 2816 767 Haec
2842 715 3100 779 quantum
3130 706 3269 777 ignis
3297 706 3587 761 adustione
3618 702 3730 758 δοι-

2126 809 2288 875 vitur,
2307 816 2516 863 tantum
2546 805 2740 862 exinde
2756 803 3017 876 parietum
3036 802 3259 857 lirmitas
3287 801 3613 856 roboratur:
3635 813 3729 869 po-

2128 908 2211 955 tra
2233 900 2495 967 solubilis,
2520 912 2682 954 saxea
2704 894 2982 963 mollities,
2999 894 3274 948 arenarius
3297 891 3455 961 lapis,
3481 889 3577 959 qui
3598 898 3731 944 tunc

2126 994 2307 1066 potius
2318 991 2647 1058 accenditur,
2660 988 2877 1061 quando
2892 987 3047 1057 aquis
3059 984 3440 1057 copiosissimis
3451 983 3729 1051 irrigatur;

2128 1086 2246 1142 sine
2274 1102 2382 1157 quo
2428 1100 2531 1140 nec
2559 1098 2689 1140 saxa
2718 1081 2824 1136 ﬁxa
2868 1087 3011 1146 sunt,
3045 1093 3145 1134 nec
3187 1091 3476 1131 arenarum
3524 1076 3733 1128 minuta

2130 1178 2449 1235 solidantur.
2477 1176 2545 1232 Et
2568 1178 2691 1232 ideo
2714 1175 2890 1245 majus
2912 1172 3145 1229 studium
3172 1179 3417 1228 meretur
3447 1169 3732 1239 accipere,

2131 1271 2275 1341 quod
2299 1271 2526 1341 primum
2559 1269 2738 1324 locum
2760 1268 2815 1322 in
2851 1266 3111 1322 Romanis
3137 1264 3288 1336 117
3319 1261 3590 1317 moenibus
3635 1276 3737 1315 no-

2133 1366 2301 1420 scitur
2321 1364 2587 1419 obtinere.
2606 1360 2871 1428 Quocirca
2901 1358 3218 1414 industriam
3240 1365 3409 1421 tuam,
3437 1354 3737 1409 multorum

2134 1469 2385 1510 sermone
2428 1451 2776 1516 celebratam,
2830 1448 2897 1504 ad
2941 1450 3242 1503 coctionem
3268 1444 3737 1500 distributionem-

2134 1560 2241 1615 que
2269 1544 2432 1600 calcis
2459 1543 2526 1597 ab
2556 1541 2850 1597 indictione
2898 1539 2988 1593 illa
3018 1547 3205 1593 nostra
3232 1535 3503 1607 praeponit
3543 1542 3735 1589 aucto-

2136 1636 2288 1700 ritas,
2322 1644 2380 1689 ut
2418 1642 2526 1687 tam
2558 1632 2784 1703 publicis
2824 1644 2986 1700 quam
3014 1628 3237 1698 privatis
3265 1626 3480 1681 fabricis
3517 1624 3737 1680 abunde

2136 1735 2425 1796 procurata
2472 1723 2750 1789 sufﬁciat;
2803 1730 2857 1777 et
2893 1721 2960 1775 ad
3003 1718 3369 1774 aediﬁcandum
3411 1726 3737 1771 cunctorum

436 1825 748 1903 fabricavit;
779 1827 1091 1899 Babylonia:
1123 1827 1288 1891 muri,
1336 1838 1474 1893 quos
1510 1819 1824 1877 Semiramis
1852 1816 2037 1885 regina
2068 1840 2116 1900 Β
2142 1819 2304 1875 animi
2351 1818 2708 1883 concitentur,
2738 1815 2864 1870 dum
2887 1813 3120 1869 viderint
3156 1819 3402 1882 paratum
3446 1824 3573 1865 esse
3596 1808 3737 1877 quod

438 1919 610 1974 latere
639 1928 818 1985 cocto,
839 1918 1098 1988 sulphure
1118 1917 1372 1985 ferroque
1388 1913 1709 1978 construxit;
1732 1906 2040 1981 pyramides

438 2013 494 2068 in
521 2012 780 2086 Egypto,
812 2028 1043 2083 quarum
1094 2012 1150 2065 in
1190 2025 1290 2065 suo
1341 2015 1486 2063 statu
1516 2021 1576 2061 se
1613 2005 1805 2060 umbra
1844 2015 2043 2057 consu-

439 2117 613 2183 mens,
645 2105 785 2159 ultra
816 2102 1235 2159 constructionis
1275 2098 1450 2170 spatia
1492 2097 1636 2152 nulla
1683 2102 1836 2165 parte
1874 2090 2044 2163 respi-

440 2195 601 2250 citur.
626 2193 731 2249 Sed
759 2194 881 2263 quis
908 2194 1001 2247 illa
1030 2192 1256 2246 ulterius
1278 2188 1551 2260 praecipua
1580 2185 1813 2256 putabit,
1843 2199 1967 2238 cum
1988 2183 2044 2237 in

442 2302 549 2341 una
578 2284 723 2341 Urbe
750 2294 834 2341 tot
880 2283 1151 2355 stupenda
1179 2280 1567 2351 conspexerit?
1596 2276 1911 2331 Habuerunt
1938 2275 2042 2330 ho-

442 2392 656 2445 norem,
681 2376 806 2445 quia
835 2382 1227 2445 praecesserunt
1255 2381 1520 2442 tempore,
1551 2367 1679 2424 etin
1702 2365 1819 2421 rudi
1849 2364 2046 2420 saeculo

443 2466 704 2551 quidquid
731 2467 1047 2524 emersisset
1100 2480 1320 2531 novum,
1353 2478 1450 2534 per
1478 2476 1572 2516 ora
1603 2459 1883 2514 hominum
1925 2455 2047 2524 jure

443 2546 717 2619 ferebatur
745 2560 1022 2617 eximium.
1073 2557 1225 2612 Nunc
1272 2564 1453 2610 autem
1486 2560 1668 2624 potest
1696 2565 1815 2606 esse
1842 2546 2046 2603 veridi-

445 2667 610 2715 cum,
661 2652 708 2707 si
747 2651 994 2706 universa
1034 2648 1208 2703 Roma
1263 2647 1473 2701 dicatur
1528 2657 1648 2699 esse
1703 2637 2043 2695 miraculum.

445 2740 787 2812 Quapropter
810 2739 938 2794 talia
963 2739 1137 2793 virum
1165 2735 1549 2807 peritissimum
1573 2732 1847 2799 suscipere
1872 2727 2044 2791 decet,

448 2850 516 2889 ne
529 2836 666 2889 inter
679 2833 766 2887 illa
779 2832 938 2887 nimis
949 2829 1227 2900 ingeniosa
1242 2827 1540 2898 priscorum
1554 2820 1919 2895 ipsevideatur
1929 2830 2050 2872 esse

446 2926 769 2992 metallicus;
793 2928 848 2979 et
871 2923 1174 2991 intelligere
1203 2936 1313 2976 non
1343 2919 1537 2990 possit,
1569 2931 1689 2985 qua:
1711 2916 1765 2969 in
1794 2913 1898 2968 illis
1920 2909 2051 2964 arti-

448 3021 538 3078 fex
558 3021 870 3093 antiquitas,
896 3027 954 3075 ut
980 3017 1332 3083 sentirentur,
1357 3015 1553 3072 effecit.
1576 3012 1643 3067 Et
1666 3012 1791 3068 ideo
1810 3010 1902 3065 det
1921 3022 2052 3078 ope-

450 3130 564 3169 ram
605 3114 754 3168 libris
806 3111 1193 3181 antiquorum,
1245 3104 1693 3164 instructionibus
1742 3108 1937 3167 vacet,
1980 3113 2051 3154 ne

450 3205 579 3277 quid
600 3206 666 3260 ab
688 3204 793 3262 illis
816 3203 954 3260 sciat
978 3200 1155 3256 minus
1185 3200 1238 3255 in
1262 3213 1494 3270 quorum
1514 3197 1692 3253 locum
1712 3193 2052 3265 cognoscitur
2076 3225 2123 3289 Ο

454 3302 798 3371 subrogatus.

529 3434 670 3492 XVI.
728 3448 978 3491 FORIULA
1016 3446 1284 3490 continu:
1324 3444 1529 3487 INSULB
1568 3441 1883 3485 cumuntu:
1922 3440 1993 3482 er

1122 3517 1378 3558 CIII-SINE.

529 3621 757 3677 Constat
794 3619 1112 3690 plerumque
1158 3617 1302 3672 bene
1328 3629 1488 3686 posse
1516 3613 1621 3683 agi,
1671 3612 1762 3668 ubi
1816 3627 1927 3667 non
1955 3609 2055 3667 de-

462 3718 624 3775 fuerit
669 3730 900 3788 persona
946 3712 1249 3769 monitoris.
1313 3708 1505 3763 Omnia
1553 3707 1695 3763 enim
1733 3706 1850 3761 sine
1876 3705 2060 3775 priore

462 3810 687 3867 confusa
716 3816 873 3875 sunt;
913 3813 968 3861 et
995 3805 1122 3860 dum
1152 3800 1518 3872 unusquisque
1546 3798 1842 3854 secundum
1873 3796 2060 3851 volun-

460 3910 630 3960 tatem
680 3915 835 3957 suam
884 3898 1088 3969 cogitat
1143 3896 1358 3961 vivere,
1418 3891 1658 3960 regulam
1715 3887 2062 3957 cognoscitur

461 3997 716 4067 omittere
757 3992 1073 4067 disciplinae.
1123 3987 1312 4057 Itaque
1365 3984 1600 4053 antiqua:
1651 3978 2063 4036 consuetudinis

461 4105 674 4149 morem
702 4087 895 4154 secuti,
916 4083 1216 4139 Curritanae
1257 4088 1313 4135 et
1352 4077 1582 4133 Celsinae
1612 4073 1801 4129 insulis
1848 4078 1901 4125 te
1919 4070 2063 4141 judi-

463 4199 581 4242 cem
621 4196 719 4254 per
762 4178 907 4233 illam
950 4174 1303 4231 indictionem
1342 4178 1527 4225 nostra
1556 4165 1699 4222 cedit
1744 4162 2060 4219 auctoritas.

464 4275 675 4332 Iustum
703 4280 788 4328 est
808 4270 949 4327 enim
979 4276 1041 4324 ut
1084 4267 1176 4336 qui
1206 4280 1236 4319 a
1272 4264 1605 4332 reliquorum
1634 4257 1914 4313 hominum
1940 4262 2067 4310 sunt

466 4365 882 4423 conversatione
929 4358 1107 4424 divisi,
1142 4356 1209 4412 ad
1262 4355 1626 4411 habitationes
1674 4364 1862 4405 eorum
1904 4346 2066 4401 vadat

466 4458 558 4527 qui
586 4472 681 4512 eos
704 4452 967 4525 probabili
994 4450 1209 4505 ratione
1236 4452 1551 4516 componat,
1599 4457 1668 4497 ne
1714 4438 1955 4509 quaedam
1996 4437 2066 4491 sit

470 4546 765 4605 necessitas
810 4541 1083 4612 iniustitia:
1132 4551 1446 4594 communes
1477 4543 1629 4591 actus
1652 4532 1813 4601 longe
1860 4529 2067 4601 positos

461 4643 769 4711 ignorasse.
815 4635 1033 4690 Habetis
1066 4631 1248 4702 igitur,
1297 4626 1611 4699 supradicti,

470 4736 811 4800 emergentes
853 4741 1043 4782 causas
1068 4733 1124 4780 et
1167 4721 1353 4777 audire
1379 4721 1593 4784 debeat,
1626 4725 1682 4773 et
1710 4715 1883 4770 linire.
1920 4713 1988 4767 Et
2016 4713 2063 4768 si

468 4823 601 4896 quid
628 4822 792 4876 etiam
834 4802 995 4874 fuerit
1021 4831 1052 4870 a
1081 4820 1264 4870 nostra
1309 4811 1511 4882 pietate
1540 4808 1836 4873 decretum,
1868 4803 2061 4859 eodem

469 4895 874 4980 commonente,
905 4908 1146 4982 peragite
1170 4923 1184 4973 ;
1214 4905 1340 4975 quia
1370 4902 1643 4959 erroribus
1662 4900 1811 4955 locus
1835 4895 2058 4960 tollitur,

469 5006 686 5077 quando
714 5001 866 5060 vobis
900 5000 985 5056 cui
1005 4994 1250 5053 debeatis
1278 4991 1499 5049 obedire
1527 4988 1851 5045 declaratur.
1886 4983 2058 5050 Quem

470 5098 737 5154 credimus
766 5094 841 5148 ita
868 5091 1024 5148 bonis
1051 5086 1265 5143 actibus
1292 5083 1529 5148 studere,
1560 5088 1620 5135 ut
1647 5086 1935 5149 augmenta
1962 5090 2060 5129 no-

470 5199 592 5246 strae
640 5186 825 5257 gratia:
858 5183 1031 5256 possit
1080 5176 1348 5247 aecipe‘re.
1405 5173 1635 5229 Necesse
1682 5178 1768 5225 est
1805 5166 1947 5222 enim
2002 5170 2062 5217 ut

472 5300 502 5339 ει
536 5282 690 5345 nobis
718 5274 1211 5335 remunerationem
1265 5274 1466 5333 sumat,
1506 5265 1549 5320 si
1576 5262 1731 5321 vobis
1766 5271 1885 5329 quae
1933 5259 2061 5309 sunt

470 5377 748 5451 profutura
777 5373 1050 5442 disponat.

683 5504 848 5562 XVII.
892 5516 1139 5557 FORIULA
1179 5513 1246 5552 os
1283 5506 1591 5551 rnarosrro
1631 5500 1833 5544 (ιλιαδ.

541 5596 848 5653 Gloriosum
875 5608 1010 5662 opus
1039 5599 1125 5646 est
1150 5585 1403 5644 servienti
1430 5582 1571 5637 unde
1602 5579 1841 5634 Romana
1869 5573 2061 5639 civitas

472 5670 739 5761 probatur.
758 5684 959 5748 ornari,
1014 5681 1143 5737 dum
1172 5687 1379 5733 tantum
1407 5670 1529 5745 quis
1549 5670 1690 5742 apud
1720 5680 1816 5725 nos
1844 5662 2060 5737 proﬁcit

2142 1912 2417 1981 quwritur.
2449 1909 2732 1976 Privilegia
2754 1923 2882 1962 vero
2923 1905 3027 1960 loci
3073 1904 3150 1958 tui
3180 1904 3378 1958 nostris
3402 1900 3738 1971 jussionibus

2142 2001 2533 2057 rationabiliter
2560 1997 2874 2064 vindicabis,
2910 2004 2971 2051 ut
2990 1994 3196 2064 majora
3240 1991 3437 2049 mereri
3463 1991 3667 2063 possis,
3696 1990 3737 2046 si

2144 2094 2282 2150 bene
2313 2095 2407 2149 tibi
2433 2093 2679 2161 delegata
2709 2087 3088 2161 compleveris.

2244 2282 2267 2301 η,
2325 2228 2506 2286 XVIII.
2550 2243 2795 2285 malum
2835 2241 2903 2282 ne
2932 2237 3187 2280 annoso:
3215 2234 3567 2277 PACTORIBUS.

2219 2383 2512 2441 Considera
2538 2381 2683 2453 quod
2708 2377 2956 2449 suscipis,
2974 2387 3027 2433 et
3042 2376 3308 2448 intelliges
3329 2375 3508 2430 locum
3536 2381 3591 2427 te
3610 2372 3735 2427 dare

2148 2491 2258 2532 non
2304 2473 2505 2530 debere
2554 2470 2816 2543 peccatis.
2847 2470 3009 2523 Arma
3038 2466 3181 2521 enim
3229 2466 3370 2521 bene
3396 2472 3733 2525 construere,

2148 2575 2232 2623 est
2278 2566 2507 2621 salutem
2554 2562 2696 2618 velle
2742 2560 2984 2615 omnium
3022 2557 3294 2614 custodire
3338 2574 3352 2609 :
3404 2555 3533 2625 quia
3568 2554 3734 2624 prima

2148 2658 2287 2715 facie
2311 2656 2442 2727 ipsis
2471 2663 2707 2711 terretur
2728 2652 2997 2717 inimicus,
3023 2658 3079 2705 et
3101 2648 3288 2719 incipit
3307 2647 3493 2700 animo
3522 2644 3732 2708 cedere,

2150 2752 2195 2806 si
2223 2763 2284 2806 se
2310 2747 2587 2817 cognoscit
2612 2744 2806 2800 similia
2838 2758 2949 2798 non
2994 2741 3215 2796 habere.
3270 2738 3447 2807 Atque
3499 2736 3627 2791 ideo
3674 2734 3738 2789 ab

2151 2838 2564 2897 indictione'illa
2609 2834 2868 2889 militibus
2897 2841 2953 2886 te
2979 2840 3036 2887 et
3062 2828 3225 2884 fabris
3254 2842 3529 2882 armorum
3550 2866 3566 2890 ,
3603 2824 3738 2879 invi-

2151 2934 2250 2990 tati
2296 2945 2510 2987 morum
2542 2935 2755 2982 tuorum
2797 2922 3051 2994 opinione
3074 2962 3089 2986 ,
3122 2918 3491 2988 praefecimus,
3537 2923 3599 2969 ut
3637 2913 3738 2969 tale

2152 3041 2291 3098 opus
2320 3025 2388 3079 ab
2412 3020 2705 3077 artificibus
2734 3016 2939 3084 exigas,
2967 3013 3127 3083 quale
3159 3011 3310 3068 nobis
3338 3010 3559 3079 placere
3586 3021 3738 3076 posse

2153 3114 2456 3187 cognoscis.
2487 3110 2761 3167 Securitas
2783 3118 2835 3163 te
2857 3114 3055 3162 nostrae
3083 3119 3189 3159 non
3216 3100 3436 3157 inducat
3460 3100 3734 3155 absentia.

2156 3207 2426 3280 Quidquid
2451 3204 2647 3261 feceris
2675 3217 2775 3258 nos
2810 3200 3052 3256 videmus
3074 3238 3088 3263 ,
3116 3197 3207 3267 qui
3240 3211 3337 3250 usu
3363 3195 3483 3264 ipso
3510 3193 3739 3247 subtilis-

2155 3306 2305 3361 simae
2362 3294 2767 3371 perquisitionis
2812 3298 2869 3348 et
2909 3304 3123 3346 errores
3164 3285 3435 3341 artiﬁcum
3463 3295 3740 3353 pessumis

2156 3400 2329 3472 prima
2355 3396 2537 3450 fronte
2566 3385 2965 3460 reprehendere
3010 3381 3176 3455 [Cor.,
3222 3378 3399 3444 Gam.,
3446 3377 3743 3447 deprehen~

2156 3469 2338 3562 dere],
2368 3496 2425 3543 et
2469 3481 2812 3541 laudabiliter
2864 3483 3090 3545 operata
3130 3473 3397 3543 judicare.
3430 3469 3559 3523 Vide
3609 3482 3746 3536 ergo

2157 3601 2264 3657 qua
2290 3560 2571 3651 diligentia
2595 3619 2611 3645 ,
2642 3589 2750 3645 quo
2798 3570 2974 3628 studio
3028 3570 3102 3625 sit
3152 3564 3456 3622 faciendum
3511 3561 3653 3631 quod
3682 3560 3750 3615 ad

2161 3656 2407 3737 nostrum
2454 3682 2742 3729 venturum
2792 3672 3006 3722 constat
3033 3675 3281 3717 examen.
3329 3658 3443 3727 Age
3482 3656 3667 3724 itaque
3694 3662 3753 3707 ut

2160 3771 2305 3828 nulla
2359 3778 2412 3824 te
2466 3763 2729 3821 venalitas
2760 3800 2776 3827 ,
2844 3756 2990 3812 nulla
3037 3754 3193 3823 culpa
3249 3752 3569 3819 demet-gat,
3630 3747 3749 3816 quia

2160 3863 2371 3921 veniale
2422 3874 2543 3916 esse
2577 3871 2687 3911 non
2736 3860 2918 3924 potest
2952 3848 3097 3919 quod
3149 3847 3203 3901 in
3247 3845 3341 3899 tali
3387 3857 3553 3899 causa
3596 3841 3752 3895 delin-

2162 3954 2365 4025 quitur,
2423 3965 2491 4006 ne
2534 3947 2659 4003 inde
2707 3941 2948 4017 puniaris
2989 3940 3056 3995 de
3091 3954 3195 4008 qua
3244 3943 3397 4006 parte
3416 3932 3746 4005 peccaveris.

2163 4047 2308 4119 Opus
2360 4042 2507 4114 quod
2558 4047 2787 4096 mortem
2856 4041 3081 4105 generat
3137 4040 3193 4086 et
3255 4030 3525 4093 salutem,
3575 4025 3753 4081 interi-

2165 4150 2251 4196 tus
2304 4134 2649 4209 peccantium
2679 4171 2696 4199 ,
2755 4126 2997 4185 custodia
3064 4123 3373 4185 bonorum,
3432 4128 3627 4174 contra
3656 4119 3752 4171 im-

2164 4230 2366 4303 probos
2390 4224 2758 4282 necessarium
2808 4232 3023 4289 semper
3069 4213 3351 4269 auxilium.
3379 4210 3497 4266 Hoc
3523 4210 3753 4280 primum

2166 4321 2483 4377 Phoroneus
2536 4313 2734 4370 lunoni
2787 4311 2985 4366 dicitur
3034 4304 3317 4369 obtulisse,
3368 4313 3428 4356 ut
3480 4302 3755 4355 inventum

2167 4428 2317 4471 suum
2375 4407 2632 4472 numinis,
2684 4413 2743 4460 ut
2795 4401 3059 4474 putabat,
3116 4396 3359 4466 auspicio
3389 4401 3751 4449 consecraret.

2168 4506 2293 4562 Haec
2322 4505 2376 4559 in
2397 4503 2542 4559 bello
2579 4496 2880 4555 necessaria
2901 4535 2916 4559 ,
2949 4494 3002 4548 in
3044 4506 3177 4563 pace
3222 4489 3421 4544 decora
3452 4495 3603 4540 sunt.
3640 4482 3757 4538 Htec

1652 4572 2067 4694 ὲᾙίοξηῖοῗξξξ
2091 4602 2145 4663 D
2170 4598 2402 4666 denique
2430 4590 2726 4649 imbecilles
2755 4585 3080 4656 fragilesque
3117 4578 3378 4635 mortales
3407 4576 3626 4632 cunctis
3651 4572 3756 4628 bel‘

2168 4689 2270 4743 luis
2299 4686 2540 4743 elliciunt
2566 4680 2838 4737 fortiores.

2165 4819 2302 4878 XIX.
2334 4834 2583 4877 ronuuu
2621 4832 2689 4871 AD
2718 4825 3052 4868 emerserunt
3084 4810 3365 4864 rum-roum
3400 4812 3470 4860 bs
3500 4818 3686 4859 Annon
3699 4818 3756 4857 cl

2771 4894 3114 4939 FACTORIBUS.

2236 5006 2526 5062 Multorum
2578 5001 2951 5058 insinuatione
2981 4996 3344 5066 comperimus
3381 4994 3533 5048 illum
3580 4989 3756 5063 probis

2167 5100 2410 5161 moribus
2440 5097 2744 5153 institutum
2775 5091 3061 5150 commissa
3095 5088 3196 5144 sibi
3218 5100 3379 5157 posse
3412 5085 3647 5139 ﬁdeliter
3675 5097 3740 5137 ex

2166 5186 2370 5269 pedire.
2401 5190 2611 5246 Idcirco
2663 5185 2882 5241 illustris
2929 5178 3244 5251 magnitudo
3276 5185 3456 5231 vestra
3504 5190 3604 5230 nos
3634 5186 3751 5227 eum

2168 5264 2392 5358 elegisse
2422 5289 2737 5352 cognoscat,
2762 5285 2822 5331 ut
2849 5284 2905 5332 et
2940 5271 3200 5328 militibus
3239 5269 3424 5340 praesit
3461 5264 3753 5323 secundum

2168 5394 2379 5436 morem
2408 5374 2712 5447 pristinum,
2741 5377 2799 5425 et
2826 5364 3124 5422 artiﬁcibus
3158 5361 3351 5430 jubere
3381 5359 3551 5430 possit
3590 5369 3758 5409 armo-

2168 5487 2317 5537 rum;
2385 5474 2654 5538 quatenus
2700 5455 3117 5517 consuetudines
3172 5468 3297 5508 suas
3355 5451 3434 5507 sic
3488 5449 3754 5516 eleganter

2169 5535 2516 5632 adimvpleant,
2550 5564 2609 5611 ut
2636 5552 2781 5609 nulla
2806 5551 2862 5606 in
2902 5548 2981 5604 eis
3028 5544 3262 5602 inveniri
3305 5540 3479 5612 possit
3508 5535 3750 5594 otfensio.

2168 5656 2305 5724 Quia
2315 5630 2663 5718 ilicetubique
2688 5644 2845 5715 culpa
2872 5639 3049 5707 laedat,
3067 5638 3157 5693 hic
3177 5644 3355 5691 tamen
3380 5630 3617 5703 graviter
3635 5641 3752 5698 per-

550 5871 674 5948 fDe
691 5864 920 5938 Olympii
943 5862 1091 5922 Iovis
1118 5874 1257 5930 agno
1294 5868 1349 5913 et
1376 5857 1529 5925 fanis,
1553 5856 1674 5913 vide
1716 5852 1855 5911 Petr.
1891 5811 2047 5904 Fabr.
2076 5846 2264 5933 ‘Agoo.
2295 5837 2387 5895 lib.
2412 5851 2452 5890 ι.
2479 5831 2667 5887 Bnoss.
