3958 6450
199 283 307 341 721

1542 276 1898 338 VARIARUM
1938 278 2140 337 LIBER
2177 280 2288 338 VII.

3397 289 3504 345 ἠε

196 402 453 473 cutit,si
479 402 747 460 bellorum
769 403 1123 460 instrumenta
1140 400 1459 471 neglexerit.
1483 399 1811 456 Proditionis
1841 401 1889 463 Α
1916 414 2200 469 possessor
2227 414 2390 470 supra
2442 400 2660 457 modum
2715 401 3076 473 possessionis
3121 403 3385 461 exsolvat.
3434 405 3506 464 Et

196 497 414 570 quippe
442 499 619 555 instar
667 506 767 563 est,
820 497 1083 553 exercitui
1129 498 1446 553 subtrahere
1491 494 1635 567 quod
1685 510 1808 550 eum

198 598 429 647 constat
476 605 710 647 armare.
759 589 964 657 Quibus
1011 591 1429 646 consuetudines
1466 606 1591 646 suas
1622 590 1807 660 provi-

197 681 397 738 dentia
430 694 617 741 vestra
642 683 919 755 deputabit
946 699 960 750 ;
1008 689 1069 738 ut
1092 683 1227 739 dum-
1250 682 1355 739 illis
1382 683 1696 739 victualium
1723 681 1805 737 lex

197 773 377 848 [Cuj.,
408 773 569 844 Νἱυ.,
596 791 664 832 ex
691 775 1003 832 victualium
1034 774 1266 851 summa]
1295 776 1524 843 tollitur,
1558 787 1809 832 necessa-

197 867 283 922 ria
306 866 567 927 vivacius
588 869 895 940 exigantur.

194 1017 318 1076 XX.
363 1036 631 1081 ronluu
652 1037 886 1082 sinoamt
925 1040 996 1080 nr
1044 1038 1334 1083 ransom):
1365 1038 1412 1082 st
1442 1040 1545 1082 rea
1580 1040 1803 1084 JUDICEII

882 1111 1151 1152 AGANTUR.

266 1206 355 1263 Ad
385 1210 615 1281 genium
644 1210 919 1281 dignitatis
966 1217 1071 1267 tuae
1119 1210 1389 1267 credimus
1417 1211 1692 1282 pertinere
1713 1254 1728 1280 ,
1760 1211 1806 1269 si

191 1303 583 1372 competentia
622 1303 721 1359 tibi
766 1303 1044 1360 videamur
1097 1302 1426 1373 injungere:
1478 1304 1602 1373 quia
1651 1311 1807 1359 tanto

189 1393 320 1465 quis
351 1394 573 1462 gratior
597 1394 859 1462 redditur,
875 1405 1078 1464 quanto
1101 1395 1327 1467 parendi
1354 1410 1545 1451 causas
1574 1395 1809 1465 amplius

189 1486 521 1556 suscepisse
546 1494 897 1542 monstratur.
942 1485 1008 1542 Et
1049 1486 1172 1543 ideo
1203 1496 1229 1524 ι
1258 1487 1509 1542 binorum
1539 1494 1594 1542 et
1624 1494 1810 1542 terno«

188 1591 320 1631 rum
367 1576 565 1633 titulos
590 1618 605 1644 ,
632 1592 769 1647 quos
798 1593 830 1633 a
858 1579 1279 1649 provincialibus
1318 1579 1463 1650 exigi
1517 1579 1691 1649 prisca
1721 1578 1810 1635 de-

191 1667 380 1724 crevit
409 1669 711 1724 auctoritas
731 1710 747 1736 ,
781 1684 880 1741 per
906 1670 1051 1725 illam
1078 1670 1431 1727 indictionem
1456 1710 1472 1737 ,
1502 1670 1682 1726 ollicio
1713 1678 1808 1725 tuo

188 1768 562 1832 procurante,
587 1760 652 1815 ad
673 1761 873 1817 scrinia
899 1762 1115 1817 comitis
1143 1777 1420 1818 sacrarum
1458 1760 1805 1829 largitionum
1838 1794 1882 1855 Β

189 1850 583 1907 transmittere
612 1851 940 1920 maturabis;
968 1852 1045 1908 ita
1073 1861 1133 1907 ut
1165 1853 1342 1907 omnis
1365 1851 1645 1921 quantitas
1666 1851 1807 1907 intra

187 1945 302 2001 cal.
337 1943 663 2000 Martiarum
717 1944 859 2001 diem
913 1945 1231 2004 solemniter
1282 1946 1606 2017 impleatur,
1639 1959 1708 2001 ne
1737 1945 1807 2002 de

186 2038 437 2108 proprio
479 2035 709 2093 reddere
749 2038 962 2106 cogaris
989 2038 1134 2110 quod
1164 2053 1457 2109 procurare
1481 2037 1803 2106 neglexeris.

187 2127 381 2183 Tuam
409 2130 556 2185 enim
588 2130 856 2202 tetigisset
902 2129 1154 2200 injuriam
1184 2172 1200 2198 ,
1249 2132 1296 2185 si
1326 2132 1465 2186 alter
1493 2145 1587 2186 eos
1619 2129 1807 2185 titulos

185 2216 490 2273 videretur
517 2220 734 2288 exigere
760 2235 898 2291 quos
927 2221 996 2277 ad
1023 2228 1078 2277 te
1100 2229 1476 2292 praeceperunt
1501 2221 1649 2291 leges
1675 2236 1803 2276 san~

192 2310 471 2369 ctissimae
503 2312 797 2382 pertinere.

229 2435 387 2497 XXI.
433 2458 682 2500 FOBIULA
709 2459 940 2500 morum
970 2460 1039 2499 ετ
1069 2459 1359 2501 rennonmt
1382 2483 1400 2513 ,
1437 2461 1484 2502 sx
1525 2460 1629 2503 rm
1670 2461 1767 2504 or-

765 2530 945 2571 FICIUII
973 2532 1239 2572 AGANTUR.

270 2625 538 2692 Quamvis
572 2626 750 2697 prisca
787 2626 1126 2683 consuetudo
1155 2627 1408 2683 binorum
1436 2634 1492 2682 et
1520 2634 1805 2683 ternorum

193 2718 554 2775 exactionem
584 2717 652 2773 ad
682 2730 736 2773 te
771 2718 997 2788 jusserit
1024 2718 1335 2789 pertinere;
1367 2726 1551 2774 tamen
1583 2756 1599 2783 ,
1653 2733 1721 2773 ne
1750 2727 1807 2774 te

194 2810 497 2881 multiplex
542 2810 828 2881 occupatio
880 2818 1282 2879 praegravaret,
1315 2818 1372 2864 et
1417 2810 1805 2881 impedimenta

195 2901 303 2957 tibi
325 2899 536 2957 faceret
564 2899 867 2956 sollicitudo
895 2899 1190 2970 geminata,
1217 2900 1368 2955 illum
1397 2908 1453 2955 et
1481 2900 1633 2955 illum
1658 2900 1801 2955 scri-

195 2992 418 3049 niarios
446 2991 609 3048 ofﬁcii
656 2991 830 3047 nostri
878 2992 1130 3047 duximus
1179 2990 1549 3056 destinandos,
1597 2998 1657 3045 ut
1711 2990 1807 3046 tibi

196 3086 501 3155 caicioque
530 3095 625 3141 tuo
654 3085 891 3141 debeant
922 3083 1232 3151 imminere;
1264 3091 1532 3154 quatenus
1557 3099 1681 3139 cum
1704 3098 1799 3139 eo-

198 3193 332 3232 rum
383 3178 578 3234 solatio
608 3178 748 3232 intra
789 3176 892 3233 cal.
932 3175 1246 3231 Martiarum
1272 3175 1415 3231 diem
1444 3174 1513 3230 ad
1540 3175 1799 3231 illustrem
1832 3167 1878 3230 C

197 3270 388 3325 virum
420 3269 569 3324 illum
596 3269 851 3325 comitem
872 3284 1151 3324 sacrarum
1177 3268 1524 3339 largitionum
1545 3267 1803 3324 solemnis

197 3360 485 3433 quantitas
507 3359 811 3427 deferatur,
863 3374 932 3413 ne
961 3358 1233 3429 opinionis
1259 3358 1488 3429 publicae
1515 3373 1642 3413 reus
1688 3357 1805 3413 efﬁ-

200 3454 370 3508 ciaris
393 3494 409 3521 ,
441 3451 486 3507 si
514 3451 827 3520 largitiones
852 3464 1033 3507 sacras
1076 3464 1175 3521 per
1202 3465 1411 3505 moram
1440 3450 1673 3519 aliquam
1705 3465 1804 3519 pu-

201 3544 414 3603 taveris
444 3558 565 3601 esse
593 3542 907 3598 tardandas.
940 3540 1020 3596 Ita
1049 3550 1109 3596 ut
1146 3548 1202 3597 te
1257 3540 1634 3614 excipiendum
1683 3556 1803 3597 esse

200 3652 317 3692 non
359 3637 639 3702 mstimes,
677 3650 840 3706 quem
888 3650 990 3690 nos
1037 3633 1365 3691 credidimus
1418 3632 1799 3702 adjuvandum.

199 3727 341 3784 Nam
370 3728 420 3783 si
467 3725 599 3796 quid
628 3726 806 3781 minus
832 3725 995 3783 fuerit
1021 3739 1183 3796 quam
1227 3725 1521 3795 oportebat
1550 3724 1757 3781 illatum
1785 3766 1801 3794 ,

204 3819 274 3875 de
296 3820 409 3874 tuis
438 3820 545 3874 hoc
574 3818 791 3875 noveris
816 3816 1160 3874 facultatibus
1190 3814 1512 3872 eruendum.

202 3954 373 4011 XXII.
437 3970 688 4012 rosarum
729 3952 754 3994 δ
804 3966 1194 4011 conuomronn
1241 3967 1351 4008 lLLl
1391 3966 1463 4007 ετ
1514 3965 1623 4007 ιιιι
1659 3963 1805 4006 scat-

896 4039 1109 4081 NIABIIS.

274 4140 402 4197 Non
446 4138 754 4195 dubitamus
798 4150 919 4193 esse
967 4134 1370 4205 gratissimum,
1418 4132 1634 4205 quando
1681 4132 1803 4202 quis

204 4238 592 4288 commonetur
620 4228 857 4285 ofﬁcium
899 4227 1124 4297 implere
1147 4234 1483 4296 susceptum,
1516 4224 1641 4295 quia
1670 4223 1803 4280 illud

211 4334 297 4384 est
327 4326 516 4397 potius
544 4338 706 4393 grave
730 4365 747 4391 ,
777 4321 823 4377 si
866 4321 1027 4377 miles
1052 4319 1199 4375 vivat
1226 4320 1420 4384 otiose,
1451 4318 1539 4373 cui
1567 4325 1803 4386 quaestus

208 4426 291 4475 est
320 4417 471 4474 actio
490 4429 585 4470 sua
618 4431 632 4467 :
663 4413 838 4467 honor
859 4452 875 4479 ,
904 4410 1219 4482 principalis
1259 4408 1544 4477 injunctio.
1596 4405 1803 4461 Similis

207 4512 356 4566 enim
407 4506 673 4563 discincto
701 4503 932 4559 habetur
957 4545 974 4571 ,
1006 4503 1100 4571 qui
1140 4499 1366 4570 ignobili
1396 4499 1605 4569 torpori
1633 4498 1799 4554 relin-

207 4603 420 4672 quitur.
448 4598 790 4670 Quapropter
837 4612 936 4668 per
984 4594 1340 4651 indictionem
1368 4591 1515 4647 illam
1547 4590 1614 4646 ad
1651 4590 1798 4646 illam

206 4707 305 4749 vos
334 4691 675 4762 provinciam
701 4688 953 4758 jubemus
999 4685 1293 4751 accedere;
1323 4691 1387 4739 ut
1413 4697 1539 4738 cum
1580 4682 1795 4753 judice,

207 4782 295 4838 vel
343 4780 465 4851 ejus
490 4780 698 4848 ofﬁcio,
730 4780 870 4834 intra
900 4778 1054 4835 diem
1080 4778 1185 4834 cal.
1217 4776 1553 4841 Martiarum,
1578 4790 1699 4845 qua:
1728 4775 1797 4831 de

211 4874 352 4929 binis
397 4880 455 4929 et
493 4874 664 4929 ternis
691 4873 966 4944 quantitas
1006 4871 1326 4928 solemniter
1352 4869 1661 4941 postulatur
1681 4909 1697 4937 ,
1728 4860 1809 4925 ad'

208 4963 423 5020 comitis
472 4979 749 5021 sacrarum
797 4964 1145 5034 largitionum
1191 4962 1393 5019 scrinia
1421 5001 1438 5029 ,
1491 4962 1792 5034 postposita

211 5052 490 5119 dilatione,
521 5055 771 5125 dirigatis
801 5072 816 5109 :
858 5055 938 5111 sic
965 5062 1178 5121 tamen,
1210 5061 1395 5110 utnec
1418 5054 1666 5109 aerarium
1693 5067 1793 5108 no-

212 5156 381 5205 strum
429 5149 636 5220 aliquid
683 5152 862 5207 minus
885 5163 917 5205 a
944 5148 1338 5205 consuetudine
1358 5148 1665 5219 percipiat,
1694 5161 1797 5204 nec

282 5343 307 5372 ι
337 5332 417 5389 De
444 5334 729 5389 exactione
754 5332 1003 5388 binorum
1040 5338 1095 5388 et
1116 5338 1395 5386 ternorum
1416 5368 1431 5395 ,
1464 5341 1648 5397 supra,
1694 5324 1788 5382 lib.

216 5418 291 5479 ut,
318 5403 475 5479 epist.
500 5403 638 5479 8,4et
659 5403 816 5479 intra,
848 5402 1010 5479 duab.
1042 5415 1158 5479 seq.
1184 5399 1443 5479 formulis:
1475 5398 1696 5479 Formm
1718 5465 1754 5479 η

282 5474 307 5513 δ
331 5464 645 5550 Vincentius
675 5464 964 5550 Lirinensis
1005 5464 1262 5550 adversus
1310 5468 1564 5550 profanas
1599 5464 1787 5521 :Obli-

168 5580 171 5581 ν
213 5545 385 5600 vionis
410 5560 545 5600 mea:
574 5547 741 5614 gratia
781 5541 1251 5614 commonitorium
1294 5539 1536 5614 mihimet
1561 5550 1797 5614 parasse

217 5617 463 5672 suillciet.
505 5606 704 5671 Eodem
732 5616 898 5671 verbo
928 5614 1095 5668 utitur
1132 5610 1461 5682 Augustinus
1488 5606 1646 5679 epist.
1693 5606 1796 5661 129

218 5685 409 5742 ctl58.
434 5685 789 5769 Symmachus
805 5701 915 5810 pro
940 5684 1134 5741 eodem
1171 5680 1518 5738 mbnitorium
1548 5686 1789 5750 usurpat.

218 5753 340 5810 For.
372 5757 439 5810 ad
465 5758 559 5810 III).
584 5774 655 5810 tv.
684 5764 770 5810 tit.
846 5800 861 5810 .
892 5756 929 5810 1.
957 5755 1007 5810 1.

214 5753 340 5813 For.
362 5757 439 5835 _ad
465 5753 567 5835 lib.
584 5774 655 5823 tv,
684 5756 770 5835 tit.
805 5753 861 5825 4,
892 5756 929 5811 l.
957 5755 1007 5810 1.
1130 5824 1183 5835 ω
1316 5823 1328 5835 ,
1523 5830 1533 5835 _
1610 5821 1623 5835 ,

286 5837 313 5869 ο
358 5826 665 5900 Legendum
702 5824 869 5887 vitem
911 5837 1081 5885 tenes.
1130 5824 1220 5885 Sic
1243 5824 1387 5883 enim
1416 5824 1795 5884 centurionum

1914 507 2023 549 non
2072 492 2330 549 dubitetis
2376 495 2757 551 commotionis
2803 504 3005 553 nostra:
3048 512 3147 554 vos
3200 498 3503 568 periculum

1914 586 2207 655 sustinere,
2229 587 2274 641 si
2299 586 2428 657 quid
2450 595 2632 644 actum
2656 596 2845 646 contra
2875 590 3113 663 priscum
3144 591 3389 650 ordinem
3408 608 3507 668 po-

1913 676 2137 734 terimus
2164 682 2480 749 agudscere.

2119 832 2279 904 118
2312 828 2502 887 XXIII.
2541 844 2789 889 FOMULA
2826 846 3021 891 vtem
3060 850 3284 894 ron-rus.

1982 983 2254 1043 Beneﬁcia
2297 993 2484 1044 nostra
2512 988 2700 1059 gratiae
2730 994 2834 1045 tua;
2873 990 3186 1061 specialiter
3210 992 3428 1062 damus,
3456 997 3506 1055 si

1910 1085 1965 1134 te
1986 1091 2149 1148 agere
2197 1078 2484 1136 commissa
2529 1081 2927 1138 rationabiliter
2968 1085 3351 1155 approbemus.
3394 1086 3506 1145 Nec

1911 1173 2057 1231 enim
2089 1172 2514 1231 irremuneratus
2544 1173 2695 1245 jaces
2721 1214 2738 1242 ,
2770 1175 2815 1231 si
2843 1183 2899 1232 et
2926 1177 3157 1249 populos
3185 1179 3503 1249 peregrinos

1910 1264 2207 1336 prudenter
2234 1266 2493 1336 excipias,
2524 1274 2579 1322 et
2608 1275 2918 1325 nostrorum
2958 1270 3287 1326 commercia
3314 1269 3505 1326 mode-

1912 1364 2030 1411 rata
2059 1356 2366 1426 aequalitate
2390 1371 2703 1427 componas.
2738 1357 2873 1414 Nam
2918 1359 3047 1416 licet
3075 1360 3274 1431 ubique
3312 1376 3503 1417 neces-

1911 1446 2053 1502 saria
2081 1447 2153 1501 sit
2178 1446 2484 1517 prudentia,
2516 1448 2570 1502 in
2595 1447 2694 1503 hac
2727 1450 2905 1519 potius
2930 1452 3145 1508 actione
3171 1451 3384 1507 videtur
3412 1467 3504 1509 ac-

1912 1538 2215 1606 commoda,
2275 1538 2491 1607 quando
2539 1539 2682 1594 inter
2736 1540 2873 1596 duos
2929 1543 3159 1614 populos
3210 1551 3506 1600 nascuntur

1910 1645 2127 1701 semper
2152 1631 2468 1699 certamina,
2500 1631 2605 1687 nisi
2630 1631 2791 1687 fuerit
2808 1631 3019 1701 justitia
3040 1634 3327 1690 custodita.
3360 1633 3506 1702 Qua-

1912 1730 2136 1809 propter
2162 1731 2279 1777 arte
2307 1722 2553 1793 placandi
2583 1730 2707 1779 sunt
2734 1725 2827 1794 qui
2855 1740 3037 1781 mores
3073 1724 3507 1781 afferunt-simil-

1912 1813 2071 1883 limos
2098 1814 2304 1880 ventis;
2332 1828 2563 1883 quorum
2592 1815 2693 1870 nisi
2720 1817 2870 1885 prius
2891 1818 3058 1873 animi
3088 1826 3460 1889 temperentur
3484 1856 3501 1885 ,

1911 1906 1965 1983 in
1992 1914 2363 1976 contemptum
2391 1907 2683 1962 maximum
2712 1910 2893 1964 nativa
2916 1909 3172 1967 facilitate
3195 1910 3502 1982 prosiliunt.

1912 1995 2028 2064 Qua
2048 1997 2115 2052 de
2141 2012 2202 2052 re
2230 1996 2509 2056 modestiae
2537 2006 2642 2053 tuae
2668 1999 2811 2054 fama
2841 2003 3143 2071 provocati,
3175 2017 3335 2058 curas
3363 2003 3504 2059 illius

1911 2093 2099 2157 portus
2125 2101 2224 2156 per
2251 2084 2397 2140 illam
2428 2085 2778 2143 indictionem
2803 2096 2857 2144 te
2884 2089 3087 2147 habere
3115 2106 3419 2156 censemus,
3445 2096 3506 2144 ut

1908 2179 2090 2235 omnia
2116 2178 2185 2234 ad
2214 2185 2365 2233 tuum
2391 2179 2606 2234 titulum
2626 2181 2955 2251 pertinentia
2968 2183 3046 2237 sic
3072 2197 3218 2252 agas,
3242 2182 3500 2253 quemad-

1907 2268 2127 2324 modum
2173 2266 2242 2323 ad
2270 2268 2495 2324 meliora
2520 2270 2824 2339 pervenias.
2859 2270 2917 2326 In
2943 2272 3125 2344 parvis
3152 2273 3299 2328 enim
3338 2271 3504 2329 disci-

1907 2368 2026 2431 tur,
2055 2362 2143 2418 cui
2164 2360 2379 2433 potiora
2407 2369 2755 2432 praestentur.

2097 2518 2288 2576 XXIV.
2319 2536 2569 2579 ποιωοω
2606 2536 2862 2578 PRINCIPIS
2897 2530 3305 2578 DALIA’I‘IARUI.

1978 2651 2171 2723 Magna
2196 2653 2337 2709 inter
2364 2654 2602 2725 collegas
2639 2670 2767 2711 suos
2796 2656 3153 2726 praerogativa
3187 2656 3502 2727 decoratur,

1905 2745 2154 2816 quisquis
2181 2746 2321 2816 gerit
2350 2748 2599 2803 militiam
2643 2748 2865 2803 nomine
2899 2748 3253 2820 principatus.
3284 2748 3502 2819 Cogno-

1906 2839 2076 2895 scitur
2102 2840 2248 2896 enim
2279 2855 2440 2911 agere
2466 2842 2645 2898 locum
2674 2843 2991 2912 primarium
3019 2862 3032 2897 :
3067 2842 3283 2912 quando
3307 2843 3362 2897 in
3407 2858 3500 2900 re-

1904 2933 2007 2989 bus
2038 2934 2287 2989 bumanis
2312 2948 2505 3004 magna
2531 2950 2659 3006 pars
2696 2936 2974 2991 nominum
3006 2935 3161 3008 [Atii,
3192 2934 3510 3007 hominum}

1907 3026 2101 3082 asserit
2139 3026 2516 3082 excellentiam
2544 3027 2887 3096 dignitatum.
2921 3024 3057 3099 Hoc
3096 3027 3270 3081 etiam
3292 3024 3367 3081 tui
3395 3027 3506 3083 loci

1905 3119 2169 3189 probatur
2199 3120 2472 3190 exemplo,
2500 3120 2620 3176 sine
2647 3135 2756 3191 quo
2785 3134 2887 3175 nec
2904 3118 3183 3176 secretarii
3211 3126 3500 3190 praestatur

1908 3232 2178 3284 accessus,
2208 3232 2309 3274 nec
2333 3216 2716 3288 postulationis
2745 3215 2917 3289 [ϐπ-ιιι.
2942 3225 2992 3271 et
3018 3216 3163 3288 Cuj.,
3192 3216 3505 3281 osculatio—

1908 3308 2019 3383 nis]
2047 3325 2247 3382 pompa
2273 3310 2579 3381 peragitur;
2607 3318 2862 3379 totusque
2890 3309 2980 3366 ille
2995 3309 3186 3378 judicii
3214 3308 3404 3379 genius
3425 3309 3504 3367 ita

1908 3402 2008 3460 tibi
2027 3403 2233 3474 legibus
2252 3402 2513 3474 probatur
2528 3400 2788 3468 creditus,
2810 3408 2870 3456 ut
2892 3401 3010 3456 sine
3036 3408 3090 3456 te
3119 3409 3355 3471 nequeat
3368 3416 3505 3459 “esse

1906 3492 2199 3568 perfectus.
2259 3494 2463 3551 Comiti
2530 3495 2750 3563 quidem
2801 3493 3206 3565 provinciarum
3258 3502 3505 3564 potestas

1905 3588 2034 3645 data
2077 3595 2193 3652 est,
2226 3587 2323 3644 sed
2369 3587 2465 3643 tibi
2491 3586 2658 3657 judex
2705 3588 2824 3657 ipse
2874 3586 3197 3643 commissus
3226 3593 3329 3641 est.
3362 3583 3443 3642 Tu
3476 3596 3503 3628 α

1903 3681 2070 3737 vitem
2127 3680 2274 3754 [Alii,
2320 3678 2509 3753 vitam]
2560 3686 2712 3735 tenes
2760 3678 3023 3750 improbis
3060 3679 3396 3743 minantem;
3442 3686 3504 3734 tu

1904 3770 2242 3842 disciplinam
2272 3771 2413 3827 inter
2431 3770 2553 3840 jura
2580 3768 2854 3836 custodis;
2883 3769 2980 3824 tibi
3002 3767 3346 3824 insolentiam
3367 3782 3499 3838 per-

1904 3862 2112 3921 Orantis
2157 3861 2240 3918 fas
2286 3869 2372 3919 est
2394 3860 2731 3931 discingere,
2780 3875 2945 3930 quam
2983 3859 3199 3929 praesuli
3226 3874 3337 3915 non
3376 3859 3505 3917 licet

1903 3954 2182 4011 vindicare
2211 3971 2224 4008 :
2254 3961 2406 4024 gesta
2451 3951 2749 4022 quinetiam
2778 3951 2947 4007 totius
2991 3958 3146 4006 actus
3174 3956 3231 4005 te
3260 3948 3500 4005 subscri-

1903 4044 2068 4102 bente
2095 4044 2462 4115 complentur;
2487 4050 2543 4098 et
2567 4057 2863 4098 consensus
2894 4048 3018 4097 tuus
3045 4040 3325 4111 quaeritur,
3359 4047 3503 4110 post-

1905 4150 2069 4207 quam
2089 4135 2341 4191 voluntas
2362 4132 2558 4204 judicis
2580 4132 2901 4201 explicatur.
2934 4128 3069 4199 Age,
3100 4137 3161 4185 ut
3185 4128 3277 4199 qui
3302 4128 3501 4185 talibus

1904 4229 2238 4303 pracponeris
2260 4269 2275 4295 ,
2300 4243 2366 4286 ea
2386 4227 2643 4297 implesse
2668 4226 2866 4281 merito
2888 4224 3161 4281 sentiaris.
3185 4223 3373 4295 Itaque
3400 4240 3499 4295 per

1907 4324 2262 4380 indictionem
2293 4323 2440 4379 illam
2463 4360 2481 4387 ,
2507 4322 2575 4378 ad
2604 4322 2752 4378 illam
2792 4330 2849 4379 te
2877 4321 3209 4393 provinciam
3242 4308 3497 4393 jubemus

1905 4428 2228 4481 excurrere;
2246 4422 2307 4470 ut
2326 4415 2531 4472 mixtus
2552 4413 2748 4483 judicis
2770 4412 2952 4470 omcio
2978 4415 3347 4486 competentia
3373 4414 3498 4471 loco

1905 4514 2000 4563 tuo
2023 4520 2280 4578 peragas;
2313 4515 2368 4563 et
2391 4505 2481 4577 qui
2502 4506 2755 4577 princeps
2785 4521 2816 4563 a
2856 4506 3021 4562 nobis
3043 4506 3350 4577 egrederis,
3377 4507 3497 4562 nul-

1902 4599 1969 4655 lis
1995 4598 2293 4654 vilitatibus
2333 4598 2622 4655 accuseris.
2671 4596 3190 4654 Reverentissimum
3240 4598 3385 4653 enim
3438 4604 3494 4651 te

1899 4692 2150 4748 omnibus
2176 4691 2314 4748 facis
2335 4731 2352 4758 ,
2379 4692 2423 4747 si
2449 4691 2596 4763 quod
2624 4691 2693 4748 de
2720 4692 2940 4748 nomine
2970 4700 3063 4748 tuo
3097 4690 3339 4749 creditur
3358 4691 3493 4749 etin

1904 4783 2145 4841 moribus
2173 4784 2457 4841 sentiatur.

1905 4937 2072 4997 XXV.
2126 4955 2377 4998 FORIULA
2416 4955 2483 4996 an
2514 4954 2936 4997 conuannmnos
2980 4953 3165 4997 conm
3202 4949 3489 4993 ramerrss.

1974 5055 2172 5112 Invitat
2200 5071 2300 5112 nos
2329 5055 2668 5112 consuetudo
2696 5055 2975 5122 solemnis,
2998 5052 3226 5110 etvobis
3240 5059 3495 5108 ornatum

1902 5146 2064 5205 ofﬁcii
2103 5146 2334 5218 dirigere
2363 5187 2382 5218 ,
2421 5154 2477 5204 et
2522 5148 2779 5219 pristinos
2824 5146 3042 5204 ordines
3096 5143 3485 5227 excubantium

1899 5326 2231 5383 militarium.
2256 5325 2395 5381 Vitis
2423 5324 2618 5395 legitur
2640 5340 2740 5395 pro
2764 5323 2961 5379 indicio
2988 5321 3490 5395 potestatis‘Leam-

1938 5413 2006 5453 ue
2033 5397 2111 5452 illi
2139 5397 2423 5467 gestabant
2442 5435 2457 5459 ,
2483 5391 2559 5467 'de
2582 5391 2687 5465 qua
2716 5395 2780 5467 D_.
2796 5398 2860 5467 ln
2885 5394 3025 5448 titul.
3050 5393 3117 5447 de
3147 5406 3205 5467 re
3233 5391 3489 5467 militari;

1930 5460 2168 5539 uvenal;
2192 5476 2365 5539 satyr.
2406 5460 2709 5539 ἹΞᾉΡΙὶηἷιιε,
2740 5465 2842 5539 _l_i_b.
2864 5481 2985 5539 xiv,
3009 5478 3130 5539 cap.
3162 5464 3215 5517 1.
3246 5460 3491 5539 Spartia-

1906 5552 2007 5592 nus
2034 5538 2091 5592 in
2127 5531 2364 5592 Adriano
2398 5555 2409 5591 :
2441 5531 2618 5591 Vitem
2665 5534 2795 5588 nulli
2823 5536 2924 5589 nisi
2956 5531 3180 5588 robusto
3226 5531 3298 5587 et'
3330 5531 3490 5586 bona:

1904 5608 2060 5663 famae
2085 5608 2255 5664 dedit.
2284 5607 2420 5663 Vide
2436 5606 2633 5660 Euseb.
2658 5603 2858 5660 Histor.
2889 5604 3096 5659 Eccles.
3131 5604 3225 5659 lib.
3242 5617 3334 5667 vn,
3362 5616 3485 5671 cap.

1905 5678 1993 5733 14.
2054 5677 2250 5735 Juasr.
2301 5677 2436 5735 Vide
2484 5674 2647 5733 etiam
2695 5675 2986 5745 Pitbmum,
3041 5674 3239 5733 subcis.
3294 5672 3389 5732 lib.
3444 5685 3486 5740 ι,

1903 5765 2024 5823 cap.
2058 5748 2147 5806 15.
3074 5799 3078 5805 .
3346 5768 3355 5775 ε
