  <div class='ocr_page' id='page_1' title='image "/cluster/home/n/w/nwhite01/storage/ocr_20150623/69/hvd.32044015469349/370.png"; bbox 0 0 3958 6458; ppageno 0'>
   <div class='ocr_carea' id='block_1_1' title="bbox 144 334 256 400">
    <p class='ocr_par' dir='ltr' id='par_1_1' title="bbox 144 334 256 400">
     <span class='ocr_line' id='line_1_1' title="bbox 144 334 256 400; baseline 0 0"><span class='ocrx_word' id='word_1_1' title='bbox 144 334 256 400; x_wconf 67' lang='grc' dir='ltr'><strong>ἠδ</strong></span> 
     </span>
    </p>
   </div>
   <div class='ocr_carea' id='block_1_2' title="bbox 310 445 1570 512">
    <p class='ocr_par' dir='ltr' id='par_1_2' title="bbox 310 445 1570 512">
     <span class='ocr_line' id='line_1_2' title="bbox 310 445 1570 512; baseline -0.01 0"><span class='ocrx_word' id='word_1_2' title='bbox 310 445 497 512; x_wconf 61' lang='lat' dir='ltr'><strong>XXXI.</strong></span> <span class='ocrx_word' id='word_1_3' title='bbox 537 460 787 511; x_wconf 67' lang='lat' dir='ltr'><strong>mnum</strong></span> <span class='ocrx_word' id='word_1_4' title='bbox 823 457 1169 505; x_wconf 70' lang='lat' dir='ltr'><strong>PIINGIPAWS</strong></span> <span class='ocrx_word' id='word_1_5' title='bbox 1205 457 1354 501; x_wconf 73' lang='lat' dir='ltr'><strong>uanis</strong></span> <span class='ocrx_word' id='word_1_6' title='bbox 1387 457 1570 508; x_wconf 71' lang='lat' dir='ltr'><strong>nouat.</strong></span> 
     </span>
    </p>
   </div>
   <div class='ocr_carea' id='block_1_3' title="bbox 219 557 1744 630">
    <p class='ocr_par' dir='ltr' id='par_1_3' title="bbox 219 557 1744 630">
     <span class='ocr_line' id='line_1_3' title="bbox 219 557 1744 630; baseline -0.008 -8"><span class='ocrx_word' id='word_1_7' title='bbox 219 565 359 623; x_wconf 86' lang='lat' dir='ltr'><strong>Cum</strong></span> <span class='ocrx_word' id='word_1_8' title='bbox 384 563 440 619; x_wconf 89' lang='lat' dir='ltr'><strong>in</strong></span> <span class='ocrx_word' id='word_1_9' title='bbox 468 561 603 617; x_wconf 91' lang='lat' dir='ltr'><strong>urbe</strong></span> <span class='ocrx_word' id='word_1_10' title='bbox 633 559 806 616; x_wconf 79' lang='lat' dir='ltr'><strong>Roma</strong></span> <span class='ocrx_word' id='word_1_11' title='bbox 855 559 1087 630; x_wconf 89' lang='lat' dir='ltr'><strong>plurima</strong></span> <span class='ocrx_word' id='word_1_12' title='bbox 1131 557 1249 613; x_wconf 83' lang='lat' dir='ltr'><strong>ﬂeri</strong></span> <span class='ocrx_word' id='word_1_13' title='bbox 1290 569 1638 619; x_wconf 86' lang='lat' dir='ltr'><strong>censeamus,</strong></span> <span class='ocrx_word' id='word_1_14' title='bbox 1687 561 1744 610; x_wconf 88' lang='lat' dir='ltr'><strong>et</strong></span> 
     </span>
    </p>
   </div>
   <div class='ocr_carea' id='block_1_4' title="bbox 157 651 1744 726">
    <p class='ocr_par' dir='ltr' id='par_1_4' title="bbox 157 651 1744 726">
     <span class='ocr_line' id='line_1_4' title="bbox 157 651 1744 726; baseline -0.007 -7"><span class='ocrx_word' id='word_1_15' title='bbox 157 669 378 719; x_wconf 80' lang='lat' dir='ltr'><strong>necesse</strong></span> <span class='ocrx_word' id='word_1_16' title='bbox 405 657 476 714; x_wconf 99' lang='lat' dir='ltr'><strong>sit</strong></span> <span class='ocrx_word' id='word_1_17' title='bbox 502 655 577 711; x_wconf 85' lang='lat' dir='ltr'><strong>ibi</strong></span> <span class='ocrx_word' id='word_1_18' title='bbox 622 661 948 726; x_wconf 87' lang='lat' dir='ltr'><strong>potestatem</strong></span> <span class='ocrx_word' id='word_1_19' title='bbox 996 667 1118 710; x_wconf 90' lang='lat' dir='ltr'><strong>esse</strong></span> <span class='ocrx_word' id='word_1_20' title='bbox 1157 651 1427 709; x_wconf 87' lang='lat' dir='ltr'><strong>comitiaci</strong></span> <span class='ocrx_word' id='word_1_21' title='bbox 1469 651 1651 718; x_wconf 74' lang='lat' dir='ltr'><strong>ofﬁcii,</strong></span> <span class='ocrx_word' id='word_1_22' title='bbox 1683 660 1744 708; x_wconf 89' lang='lat' dir='ltr'><strong>ut</strong></span> 
     </span>
    </p>
   </div>
   <div class='ocr_carea' id='block_1_5' title="bbox 156 746 1743 820">
    <p class='ocr_par' dir='ltr' id='par_1_5' title="bbox 156 746 1743 820">
     <span class='ocr_line' id='line_1_5' title="bbox 156 746 1743 820; baseline -0.007 -10"><span class='ocrx_word' id='word_1_23' title='bbox 156 754 414 812; x_wconf 67' lang='lat' dir='ltr'><strong>utilitates</strong></span> <span class='ocrx_word' id='word_1_24' title='bbox 463 749 688 820; x_wconf 74' lang='lat' dir='ltr'><strong>publieae</strong></span> <span class='ocrx_word' id='word_1_25' title='bbox 734 747 1019 802; x_wconf 84' lang='lat' dir='ltr'><strong>videantur</strong></span> <span class='ocrx_word' id='word_1_26' title='bbox 1060 746 1295 818; x_wconf 87' lang='lat' dir='ltr'><strong>impleri,</strong></span> <span class='ocrx_word' id='word_1_27' title='bbox 1352 751 1539 800; x_wconf 91' lang='lat' dir='ltr'><strong>nostro</strong></span> <span class='ocrx_word' id='word_1_28' title='bbox 1587 757 1743 799; x_wconf 83' lang='lat' dir='ltr'><strong>more</strong></span> 
     </span>
    </p>
   </div>
   <div class='ocr_carea' id='block_1_6' title="bbox 157 835 1743 919">
    <p class='ocr_par' dir='ltr' id='par_1_6' title="bbox 157 835 1743 919">
     <span class='ocr_line' id='line_1_6' title="bbox 157 835 1743 919; baseline -0.008 -18"><span class='ocrx_word' id='word_1_29' title='bbox 157 843 549 919; x_wconf 75' lang='lat' dir='ltr'><strong>prospeximus,</strong></span> <span class='ocrx_word' id='word_1_30' title='bbox 573 849 632 894; x_wconf 91' lang='lat' dir='ltr'><strong>ut</strong></span> <span class='ocrx_word' id='word_1_31' title='bbox 653 838 779 910; x_wconf 87' lang='lat' dir='ltr'><strong>quia</strong></span> <span class='ocrx_word' id='word_1_32' title='bbox 803 839 1099 909; x_wconf 81' lang='lat' dir='ltr'><strong>principem</strong></span> <span class='ocrx_word' id='word_1_33' title='bbox 1119 835 1447 893; x_wconf 89' lang='lat' dir='ltr'><strong>cardinalem</strong></span> <span class='ocrx_word' id='word_1_34' title='bbox 1471 835 1743 904; x_wconf 81' lang='lat' dir='ltr'><strong>obsequiis</strong></span> 
     </span>
    </p>
   </div>
   <div class='ocr_carea' id='block_1_7' title="bbox 155 929 1744 1004">
    <p class='ocr_par' dir='ltr' id='par_1_7' title="bbox 155 929 1744 1004">
     <span class='ocr_line' id='line_1_7' title="bbox 155 929 1744 1004; baseline -0.006 -10"><span class='ocrx_word' id='word_1_35' title='bbox 155 937 358 996; x_wconf 87' lang='lat' dir='ltr'><strong>nostris</strong></span> <span class='ocrx_word' id='word_1_36' title='bbox 397 935 588 992; x_wconf 78' lang='lat' dir='ltr'><strong>deesse</strong></span> <span class='ocrx_word' id='word_1_37' title='bbox 629 948 736 989; x_wconf 93' lang='lat' dir='ltr'><strong>non</strong></span> <span class='ocrx_word' id='word_1_38' title='bbox 782 933 1036 1004; x_wconf 82' lang='lat' dir='ltr'><strong>patimur,</strong></span> <span class='ocrx_word' id='word_1_39' title='bbox 1083 932 1143 986; x_wconf 79' lang='lat' dir='ltr'><strong>tu</strong></span> <span class='ocrx_word' id='word_1_40' title='bbox 1187 930 1304 1001; x_wconf 86' lang='lat' dir='ltr'><strong>ejus</strong></span> <span class='ocrx_word' id='word_1_41' title='bbox 1351 930 1529 986; x_wconf 84' lang='lat' dir='ltr'><strong>locum</strong></span> <span class='ocrx_word' id='word_1_42' title='bbox 1556 929 1744 985; x_wconf 87' lang='lat' dir='ltr'><strong>vicarii</strong></span> 
     </span>
    </p>
   </div>
   <div class='ocr_carea' id='block_1_8' title="bbox 153 1017 1744 1087">
    <p class='ocr_par' dir='ltr' id='par_1_8' title="bbox 153 1017 1744 1087">
     <span class='ocr_line' id='line_1_8' title="bbox 153 1017 1744 1087; baseline -0.007 -1"><span class='ocrx_word' id='word_1_43' title='bbox 153 1029 376 1087; x_wconf 80' lang='lat' dir='ltr'><strong>nemine</strong></span> <span class='ocrx_word' id='word_1_44' title='bbox 418 1026 473 1082; x_wconf 86' lang='lat' dir='ltr'><strong>in</strong></span> <span class='ocrx_word' id='word_1_45' title='bbox 514 1026 648 1080; x_wconf 86' lang='lat' dir='ltr'><strong>urbe</strong></span> <span class='ocrx_word' id='word_1_46' title='bbox 693 1023 939 1080; x_wconf 81' lang='lat' dir='ltr'><strong>Romana</strong></span> <span class='ocrx_word' id='word_1_47' title='bbox 983 1017 1300 1079; x_wconf 67' lang='lat' dir='ltr'><strong>soiemnite&#39;r</strong></span> <span class='ocrx_word' id='word_1_48' title='bbox 1346 1021 1545 1078; x_wconf 83' lang='lat' dir='ltr'><strong>debeas</strong></span> <span class='ocrx_word' id='word_1_49' title='bbox 1569 1021 1744 1078; x_wconf 91' lang='lat' dir='ltr'><strong>conti-</strong></span> 
     </span>
    </p>
   </div>
   <div class='ocr_carea' id='block_1_9' title="bbox 153 1115 1741 1190">
    <p class='ocr_par' dir='ltr' id='par_1_9' title="bbox 153 1115 1741 1190">
     <span class='ocr_line' id='line_1_9' title="bbox 153 1115 1741 1190; baseline -0.004 -13"><span class='ocrx_word' id='word_1_50' title='bbox 153 1137 323 1189; x_wconf 87' lang='lat' dir='ltr'><strong>nere;</strong></span> <span class='ocrx_word' id='word_1_51' title='bbox 362 1126 628 1190; x_wconf 78' lang='lat' dir='ltr'><strong>quatenus</strong></span> <span class='ocrx_word' id='word_1_52' title='bbox 650 1125 708 1174; x_wconf 88' lang='lat' dir='ltr'><strong>et</strong></span> <span class='ocrx_word' id='word_1_53' title='bbox 746 1116 836 1172; x_wconf 89' lang='lat' dir='ltr'><strong>ille</strong></span> <span class='ocrx_word' id='word_1_54' title='bbox 884 1117 1147 1188; x_wconf 78' lang='lat' dir='ltr'><strong>primatus</strong></span> <span class='ocrx_word' id='word_1_55' title='bbox 1189 1117 1270 1172; x_wconf 88' lang='lat' dir='ltr'><strong>sui</strong></span> <span class='ocrx_word' id='word_1_56' title='bbox 1299 1115 1573 1173; x_wconf 87' lang='lat' dir='ltr'><strong>laboribus</strong></span> <span class='ocrx_word' id='word_1_57' title='bbox 1612 1129 1741 1186; x_wconf 87' lang='lat' dir='ltr'><strong>per-</strong></span> 
     </span>
    </p>
   </div>
   <div class='ocr_carea' id='block_1_10' title="bbox 153 1207 1742 1280">
    <p class='ocr_par' dir='ltr' id='par_1_10' title="bbox 153 1207 1742 1280">
     <span class='ocr_line' id='line_1_10' title="bbox 153 1207 1742 1280; baseline -0.001 -14"><span class='ocrx_word' id='word_1_58' title='bbox 153 1211 388 1280; x_wconf 81' lang='lat' dir='ltr'><strong>fruatur,</strong></span> <span class='ocrx_word' id='word_1_59' title='bbox 437 1217 495 1266; x_wconf 93' lang='lat' dir='ltr'><strong>et</strong></span> <span class='ocrx_word' id='word_1_60' title='bbox 543 1217 604 1264; x_wconf 90' lang='lat' dir='ltr'><strong>tu</strong></span> <span class='ocrx_word' id='word_1_61' title='bbox 657 1209 711 1264; x_wconf 88' lang='lat' dir='ltr'><strong>in</strong></span> <span class='ocrx_word' id='word_1_62' title='bbox 765 1209 985 1264; x_wconf 80' lang='lat' dir='ltr'><strong>alterius</strong></span> <span class='ocrx_word' id='word_1_63' title='bbox 1040 1209 1246 1264; x_wconf 87' lang='lat' dir='ltr'><strong>honore</strong></span> <span class='ocrx_word' id='word_1_64' title='bbox 1287 1208 1462 1278; x_wconf 85' lang='lat' dir='ltr'><strong>possis</strong></span> <span class='ocrx_word' id='word_1_65' title='bbox 1516 1207 1742 1275; x_wconf 88' lang='lat' dir='ltr'><strong>discere,</strong></span> 
     </span>
    </p>
   </div>
   <div class='ocr_carea' id='block_1_11' title="bbox 153 1299 1744 1374">
    <p class='ocr_par' dir='ltr' id='par_1_11' title="bbox 153 1299 1744 1374">
     <span class='ocr_line' id='line_1_11' title="bbox 153 1299 1744 1374; baseline -0.002 -15"><span class='ocrx_word' id='word_1_66' title='bbox 153 1305 304 1374; x_wconf 85' lang='lat' dir='ltr'><strong>quod</strong></span> <span class='ocrx_word' id='word_1_67' title='bbox 327 1304 382 1359; x_wconf 90' lang='lat' dir='ltr'><strong>in</strong></span> <span class='ocrx_word' id='word_1_68' title='bbox 411 1310 504 1359; x_wconf 91' lang='lat' dir='ltr'><strong>tuo</strong></span> <span class='ocrx_word' id='word_1_69' title='bbox 532 1301 730 1358; x_wconf 83' lang='lat' dir='ltr'><strong>debeas</strong></span> <span class='ocrx_word' id='word_1_70' title='bbox 755 1300 984 1357; x_wconf 75' lang='lat' dir='ltr'><strong>feliciter</strong></span> <span class='ocrx_word' id='word_1_71' title='bbox 1007 1299 1288 1357; x_wconf 85' lang='lat' dir='ltr'><strong>exhibere.</strong></span> <span class='ocrx_word' id='word_1_72' title='bbox 1334 1301 1392 1357; x_wconf 90' lang='lat' dir='ltr'><strong>Si</strong></span> <span class='ocrx_word' id='word_1_73' title='bbox 1420 1315 1556 1370; x_wconf 89' lang='lat' dir='ltr'><strong>quos</strong></span> <span class='ocrx_word' id='word_1_74' title='bbox 1582 1301 1744 1357; x_wconf 87' lang='lat' dir='ltr'><strong>etiam</strong></span> 
     </span>
    </p>
   </div>
   <div class='ocr_carea' id='block_1_12' title="bbox 155 1393 1745 1462">
    <p class='ocr_par' dir='ltr' id='par_1_12' title="bbox 155 1393 1745 1462">
     <span class='ocr_line' id='line_1_12' title="bbox 155 1393 1745 1462; baseline -0.002 -12"><span class='ocrx_word' id='word_1_75' title='bbox 155 1395 568 1451; x_wconf 88' lang='lat' dir='ltr'><strong>comitiacorum</strong></span> <span class='ocrx_word' id='word_1_76' title='bbox 611 1394 682 1448; x_wconf 88' lang='lat' dir='ltr'><strong>ad</strong></span> <span class='ocrx_word' id='word_1_77' title='bbox 727 1394 1040 1450; x_wconf 88' lang='lat' dir='ltr'><strong>comitatum</strong></span> <span class='ocrx_word' id='word_1_78' title='bbox 1084 1393 1410 1462; x_wconf 88' lang='lat' dir='ltr'><strong>judicaveris</strong></span> <span class='ocrx_word' id='word_1_79' title='bbox 1448 1408 1570 1449; x_wconf 90' lang='lat' dir='ltr'><strong>esse</strong></span> <span class='ocrx_word' id='word_1_80' title='bbox 1613 1393 1745 1448; x_wconf 89' lang='lat' dir='ltr'><strong>diri-</strong></span> 
     </span>
    </p>
   </div>
   <div class='ocr_carea' id='block_1_13' title="bbox 153 1481 1748 1554">
    <p class='ocr_par' dir='ltr' id='par_1_13' title="bbox 153 1481 1748 1554">
     <span class='ocr_line' id='line_1_13' title="bbox 153 1481 1748 1554; baseline -0.002 -14"><span class='ocrx_word' id='word_1_81' title='bbox 153 1485 363 1554; x_wconf 83' lang='lat' dir='ltr'><strong>gendos</strong></span> <span class='ocrx_word' id='word_1_82' title='bbox 392 1502 406 1540; x_wconf 90' lang='lat'><strong>:</strong></span> <span class='ocrx_word' id='word_1_83' title='bbox 437 1484 722 1554; x_wconf 74' lang='lat' dir='ltr'><strong>consulens</strong></span> <span class='ocrx_word' id='word_1_84' title='bbox 766 1482 1028 1554; x_wconf 85' lang='lat' dir='ltr'><strong>obsequio</strong></span> <span class='ocrx_word' id='word_1_85' title='bbox 1069 1489 1276 1552; x_wconf 84' lang='lat' dir='ltr'><strong>nostro,</strong></span> <span class='ocrx_word' id='word_1_86' title='bbox 1310 1490 1404 1548; x_wconf 83' lang='lat' dir='ltr'><strong>tuo</strong></span> <span class='ocrx_word' id='word_1_87' title='bbox 1447 1481 1748 1554; x_wconf 68' lang='lat' dir='ltr'><strong>subiacebit</strong></span> 
     </span>
    </p>
   </div>
   <div class='ocr_carea' id='block_1_14' title="bbox 153 1572 1744 1644">
    <p class='ocr_par' dir='ltr' id='par_1_14' title="bbox 153 1572 1744 1644">
     <span class='ocr_line' id='line_1_14' title="bbox 153 1572 1744 1644; baseline -0.002 -14"><span class='ocrx_word' id='word_1_88' title='bbox 153 1575 406 1632; x_wconf 86' lang='lat' dir='ltr'><strong>arbitrio.</strong></span> <span class='ocrx_word' id='word_1_89' title='bbox 438 1574 548 1632; x_wconf 88' lang='lat' dir='ltr'><strong>Eos</strong></span> <span class='ocrx_word' id='word_1_90' title='bbox 573 1582 753 1635; x_wconf 77' lang='lat' dir='ltr'><strong>autem</strong></span> <span class='ocrx_word' id='word_1_91' title='bbox 801 1589 940 1644; x_wconf 86' lang='lat' dir='ltr'><strong>quos</strong></span> <span class='ocrx_word' id='word_1_92' title='bbox 977 1573 1290 1630; x_wconf 86' lang='lat' dir='ltr'><strong>retinendos</strong></span> <span class='ocrx_word' id='word_1_93' title='bbox 1315 1572 1609 1643; x_wconf 81' lang='lat' dir='ltr'><strong>putaveris,</strong></span> <span class='ocrx_word' id='word_1_94' title='bbox 1659 1573 1744 1627; x_wconf 89' lang='lat' dir='ltr'><strong>in-</strong></span> 
     </span>
    </p>
   </div>
   <div class='ocr_carea' id='block_1_15' title="bbox 152 1664 1746 1736">
    <p class='ocr_par' dir='ltr' id='par_1_15' title="bbox 152 1664 1746 1736">
     <span class='ocr_line' id='line_1_15' title="bbox 152 1664 1746 1736; baseline -0.004 -12"><span class='ocrx_word' id='word_1_95' title='bbox 152 1668 306 1724; x_wconf 89' lang='lat' dir='ltr'><strong>dulta</strong></span> <span class='ocrx_word' id='word_1_96' title='bbox 356 1667 650 1727; x_wconf 74' lang='lat' dir='ltr'><strong>securitate</strong></span> <span class='ocrx_word' id='word_1_97' title='bbox 697 1665 994 1736; x_wconf 85' lang='lat' dir='ltr'><strong>potiantur.</strong></span> <span class='ocrx_word' id='word_1_98' title='bbox 1044 1664 1125 1724; x_wconf 84' lang='lat' dir='ltr'><strong>Ita</strong></span> <span class='ocrx_word' id='word_1_99' title='bbox 1174 1672 1376 1730; x_wconf 86' lang='lat' dir='ltr'><strong>tamen,</strong></span> <span class='ocrx_word' id='word_1_100' title='bbox 1422 1671 1485 1720; x_wconf 90' lang='lat' dir='ltr'><strong>ut</strong></span> <span class='ocrx_word' id='word_1_101' title='bbox 1511 1664 1746 1722; x_wconf 82' lang='lat' dir='ltr'><strong>vicissim</strong></span> 
     </span>
    </p>
   </div>
   <div class='ocr_carea' id='block_1_16' title="bbox 152 1759 1745 1830">
    <p class='ocr_par' dir='ltr' id='par_1_16' title="bbox 152 1759 1745 1830">
     <span class='ocr_line' id='line_1_16' title="bbox 152 1759 1745 1830; baseline -0.003 -11"><span class='ocrx_word' id='word_1_102' title='bbox 152 1762 339 1830; x_wconf 77' lang='lat' dir='ltr'><strong>omnia</strong></span> <span class='ocrx_word' id='word_1_103' title='bbox 365 1760 699 1829; x_wconf 83' lang='lat' dir='ltr'><strong>modereris;</strong></span> <span class='ocrx_word' id='word_1_104' title='bbox 743 1766 1008 1830; x_wconf 82' lang='lat' dir='ltr'><strong>quatenus</strong></span> <span class='ocrx_word' id='word_1_105' title='bbox 1052 1773 1154 1814; x_wconf 87' lang='lat' dir='ltr'><strong>nee</strong></span> <span class='ocrx_word' id='word_1_106' title='bbox 1195 1759 1525 1814; x_wconf 80' lang='lat' dir='ltr'><strong>excubantes</strong></span> <span class='ocrx_word' id='word_1_107' title='bbox 1570 1759 1745 1814; x_wconf 82' lang='lat' dir='ltr'><strong>conti-</strong></span> 
     </span>
    </p>
   </div>
   <div class='ocr_carea' id='block_1_17' title="bbox 149 1839 1823 1922">
    <p class='ocr_par' dir='ltr' id='par_1_17' title="bbox 149 1839 1823 1922">
     <span class='ocr_line' id='line_1_17' title="bbox 149 1839 1823 1922; baseline -0.004 -12"><span class='ocrx_word' id='word_1_108' title='bbox 149 1867 293 1912; x_wconf 86' lang='lat' dir='ltr'><strong>nuus</strong></span> <span class='ocrx_word' id='word_1_109' title='bbox 345 1851 502 1910; x_wconf 83' lang='lat' dir='ltr'><strong>labor</strong></span> <span class='ocrx_word' id='word_1_110' title='bbox 547 1858 766 1920; x_wconf 77' lang='lat' dir='ltr'><strong>atterat,</strong></span> <span class='ocrx_word' id='word_1_111' title='bbox 799 1865 900 1908; x_wconf 85' lang='lat' dir='ltr'><strong>nec</strong></span> <span class='ocrx_word' id='word_1_112' title='bbox 934 1864 1128 1922; x_wconf 79' lang='lat' dir='ltr'><strong>segnes</strong></span> <span class='ocrx_word' id='word_1_113' title='bbox 1173 1849 1369 1910; x_wconf 85' lang='lat' dir='ltr'><strong>iterum</strong></span> <span class='ocrx_word' id='word_1_114' title='bbox 1413 1849 1604 1921; x_wconf 80' lang='lat' dir='ltr'><strong>rubigo</strong></span> <span class='ocrx_word' id='word_1_115' title='bbox 1649 1849 1746 1908; x_wconf 91' lang='lat' dir='ltr'><strong>otii</strong></span> <span class='ocrx_word' id='word_1_116' title='bbox 1773 1839 1823 1904; x_wconf 80' lang='grc' dir='ltr'><strong>Β</strong></span> 
     </span>
    </p>
   </div>
   <div class='ocr_carea' id='block_1_18' title="bbox 149 1943 738 2016">
    <p class='ocr_par' dir='ltr' id='par_1_18' title="bbox 149 1943 738 2016">
     <span class='ocr_line' id='line_1_18' title="bbox 149 1943 738 2016; baseline -0.002 -16"><span class='ocrx_word' id='word_1_117' title='bbox 149 1943 406 2016; x_wconf 82' lang='lat' dir='ltr'><strong>fugienda</strong></span> <span class='ocrx_word' id='word_1_118' title='bbox 433 1951 738 2010; x_wconf 75' lang='lat' dir='ltr'><strong>consumat.</strong></span> 
     </span>
    </p>
   </div>
   <div class='ocr_carea' id='block_1_19' title="bbox 286 2139 1611 2207">
    <p class='ocr_par' dir='ltr' id='par_1_19' title="bbox 286 2139 1611 2207">
     <span class='ocr_line' id='line_1_19' title="bbox 286 2139 1611 2207; baseline 0 -9"><span class='ocrx_word' id='word_1_119' title='bbox 286 2139 503 2198; x_wconf 72' lang='lat' dir='ltr'><strong>XXXII.</strong></span> <span class='ocrx_word' id='word_1_120' title='bbox 539 2156 786 2199; x_wconf 70' lang='lat' dir='ltr'><strong>renatum</strong></span> <span class='ocrx_word' id='word_1_121' title='bbox 821 2155 925 2207; x_wconf 76' lang='lat' dir='ltr'><strong>ous</strong></span> <span class='ocrx_word' id='word_1_122' title='bbox 961 2157 1179 2200; x_wconf 69' lang='lat' dir='ltr'><strong>nonan</strong></span> <span class='ocrx_word' id='word_1_123' title='bbox 1216 2151 1611 2200; x_wconf 75' lang='lat' dir='ltr'><strong>conlrrtrun.</strong></span> 
     </span>
    </p>
   </div>
   <div class='ocr_carea' id='block_1_20' title="bbox 219 2279 1748 2362">
    <p class='ocr_par' dir='ltr' id='par_1_20' title="bbox 219 2279 1748 2362">
     <span class='ocr_line' id='line_1_20' title="bbox 219 2279 1748 2362; baseline 0.001 -26"><span class='ocrx_word' id='word_1_124' title='bbox 219 2279 414 2336; x_wconf 88' lang='lat' dir='ltr'><strong>Omnis</strong></span> <span class='ocrx_word' id='word_1_125' title='bbox 439 2279 656 2354; x_wconf 82' lang='lat' dir='ltr'><strong>quidem</strong></span> <span class='ocrx_word' id='word_1_126' title='bbox 688 2279 890 2345; x_wconf 81' lang='lat' dir='ltr'><strong>utilitas</strong></span> <span class='ocrx_word' id='word_1_127' title='bbox 916 2280 1133 2362; x_wconf 78' lang='lat' dir='ltr'><strong>publica</strong></span> <span class='ocrx_word' id='word_1_128' title='bbox 1160 2280 1303 2344; x_wconf 84' lang='lat' dir='ltr'><strong>ﬁdeli</strong></span> <span class='ocrx_word' id='word_1_129' title='bbox 1332 2279 1494 2348; x_wconf 82' lang='lat' dir='ltr'><strong>debet</strong></span> <span class='ocrx_word' id='word_1_130' title='bbox 1531 2280 1748 2349; x_wconf 78' lang='lat' dir='ltr'><strong>actione</strong></span> 
     </span>
    </p>
   </div>
   <div class='ocr_carea' id='block_1_21' title="bbox 147 2369 1746 2446">
    <p class='ocr_par' dir='ltr' id='par_1_21' title="bbox 147 2369 1746 2446">
     <span class='ocr_line' id='line_1_21' title="bbox 147 2369 1746 2446; baseline 0.003 -20"><span class='ocrx_word' id='word_1_131' title='bbox 147 2369 457 2446; x_wconf 87' lang='lat' dir='ltr'><strong>compleri,</strong></span> <span class='ocrx_word' id='word_1_132' title='bbox 507 2370 632 2444; x_wconf 90' lang='lat' dir='ltr'><strong>quia</strong></span> <span class='ocrx_word' id='word_1_133' title='bbox 682 2378 854 2434; x_wconf 86' lang='lat' dir='ltr'><strong>totum</strong></span> <span class='ocrx_word' id='word_1_134' title='bbox 893 2370 1146 2432; x_wconf 87' lang='lat' dir='ltr'><strong>vitiosum</strong></span> <span class='ocrx_word' id='word_1_135' title='bbox 1199 2373 1420 2446; x_wconf 76' lang='lat' dir='ltr'><strong>geritur,</strong></span> <span class='ocrx_word' id='word_1_136' title='bbox 1469 2371 1561 2430; x_wconf 88' lang='lat' dir='ltr'><strong>ubi</strong></span> <span class='ocrx_word' id='word_1_137' title='bbox 1615 2388 1746 2430; x_wconf 88' lang='lat' dir='ltr'><strong>con-</strong></span> 
     </span>
    </p>
   </div>
   <div class='ocr_carea' id='block_1_22' title="bbox 146 2463 1744 2537">
    <p class='ocr_par' dir='ltr' id='par_1_22' title="bbox 146 2463 1744 2537">
     <span class='ocr_line' id='line_1_22' title="bbox 146 2463 1744 2537; baseline 0.002 -17"><span class='ocrx_word' id='word_1_138' title='bbox 146 2463 394 2528; x_wconf 69' lang='lat' dir='ltr'><strong>scientia:</strong></span> <span class='ocrx_word' id='word_1_139' title='bbox 420 2463 627 2537; x_wconf 75' lang='lat' dir='ltr'><strong>peritas</strong></span> <span class='ocrx_word' id='word_1_140' title='bbox 667 2480 777 2528; x_wconf 85' lang='lat' dir='ltr'><strong>non</strong></span> <span class='ocrx_word' id='word_1_141' title='bbox 824 2465 1056 2528; x_wconf 85' lang='lat' dir='ltr'><strong>habetur</strong></span> <span class='ocrx_word' id='word_1_142' title='bbox 1088 2483 1104 2522; x_wconf 73' lang='grc' dir='ltr'><em>τ</em></span> <span class='ocrx_word' id='word_1_143' title='bbox 1133 2473 1314 2530; x_wconf 87' lang='lat' dir='ltr'><strong>tamen</strong></span> <span class='ocrx_word' id='word_1_144' title='bbox 1359 2469 1583 2536; x_wconf 80' lang='lat' dir='ltr'><strong>omnino</strong></span> <span class='ocrx_word' id='word_1_145' title='bbox 1621 2483 1744 2530; x_wconf 87' lang='lat' dir='ltr'><strong>mo-</strong></span> 
     </span>
    </p>
   </div>
   <div class='ocr_carea' id='block_1_23' title="bbox 147 2557 1745 2634">
    <p class='ocr_par' dir='ltr' id='par_1_23' title="bbox 147 2557 1745 2634">
     <span class='ocr_line' id='line_1_23' title="bbox 147 2557 1745 2634; baseline 0.008 -22"><span class='ocrx_word' id='word_1_146' title='bbox 147 2565 293 2612; x_wconf 67' lang='lat' dir='ltr'><strong>netae</strong></span> <span class='ocrx_word' id='word_1_147' title='bbox 322 2557 482 2614; x_wconf 85' lang='lat' dir='ltr'><strong>debet</strong></span> <span class='ocrx_word' id='word_1_148' title='bbox 501 2557 782 2628; x_wconf 78' lang='lat' dir='ltr'><strong>integritas</strong></span> <span class='ocrx_word' id='word_1_149' title='bbox 811 2561 996 2634; x_wconf 81' lang='lat' dir='ltr'><strong>quaeri,</strong></span> <span class='ocrx_word' id='word_1_150' title='bbox 1026 2559 1118 2628; x_wconf 86' lang='lat' dir='ltr'><strong>ubi</strong></span> <span class='ocrx_word' id='word_1_151' title='bbox 1144 2568 1200 2618; x_wconf 87' lang='lat' dir='ltr'><strong>et</strong></span> <span class='ocrx_word' id='word_1_152' title='bbox 1227 2562 1405 2628; x_wconf 81' lang='lat' dir='ltr'><strong>vultus</strong></span> <span class='ocrx_word' id='word_1_153' title='bbox 1433 2570 1617 2628; x_wconf 83' lang='lat' dir='ltr'><strong>noster</strong></span> <span class='ocrx_word' id='word_1_154' title='bbox 1643 2561 1745 2624; x_wconf 78' lang='lat' dir='ltr'><strong>int-</strong></span> 
     </span>
    </p>
   </div>
   <div class='ocr_carea' id='block_1_24' title="bbox 146 2647 1745 2726">
    <p class='ocr_par' dir='ltr' id='par_1_24' title="bbox 146 2647 1745 2726">
     <span class='ocr_line' id='line_1_24' title="bbox 146 2647 1745 2726; baseline 0.004 -22"><span class='ocrx_word' id='word_1_155' title='bbox 146 2647 420 2726; x_wconf 88' lang='lat' dir='ltr'><strong>primitur,</strong></span> <span class='ocrx_word' id='word_1_156' title='bbox 470 2655 527 2704; x_wconf 89' lang='lat' dir='ltr'><strong>et</strong></span> <span class='ocrx_word' id='word_1_157' title='bbox 568 2649 838 2718; x_wconf 76' lang='lat' dir='ltr'><strong>generalis</strong></span> <span class='ocrx_word' id='word_1_158' title='bbox 887 2650 1091 2710; x_wconf 86' lang='lat' dir='ltr'><strong>utilitas</strong></span> <span class='ocrx_word' id='word_1_159' title='bbox 1137 2650 1426 2718; x_wconf 78' lang='lat' dir='ltr'><strong>invenitur.</strong></span> <span class='ocrx_word' id='word_1_160' title='bbox 1476 2651 1745 2722; x_wconf 76' lang='lat' dir='ltr'><strong>Quidnam</strong></span> 
     </span>
    </p>
   </div>
   <div class='ocr_carea' id='block_1_25' title="bbox 146 2742 1745 2821">
    <p class='ocr_par' dir='ltr' id='par_1_25' title="bbox 146 2742 1745 2821">
     <span class='ocr_line' id='line_1_25' title="bbox 146 2742 1745 2821; baseline 0.001 -24"><span class='ocrx_word' id='word_1_161' title='bbox 146 2743 254 2798; x_wconf 90' lang='lat' dir='ltr'><strong>erit</strong></span> <span class='ocrx_word' id='word_1_162' title='bbox 299 2748 494 2808; x_wconf 90' lang='lat' dir='ltr'><strong>tutum,</strong></span> <span class='ocrx_word' id='word_1_163' title='bbox 534 2742 582 2801; x_wconf 88' lang='lat' dir='ltr'><strong>si</strong></span> <span class='ocrx_word' id='word_1_164' title='bbox 628 2743 684 2800; x_wconf 90' lang='lat' dir='ltr'><strong>in</strong></span> <span class='ocrx_word' id='word_1_165' title='bbox 715 2751 900 2800; x_wconf 87' lang='lat' dir='ltr'><strong>nostra</strong></span> <span class='ocrx_word' id='word_1_166' title='bbox 942 2752 1200 2821; x_wconf 83' lang='lat' dir='ltr'><strong>peccetur</strong></span> <span class='ocrx_word' id='word_1_167' title='bbox 1236 2742 1444 2818; x_wconf 74' lang='lat' dir='ltr'><strong>efﬁgie;</strong></span> <span class='ocrx_word' id='word_1_168' title='bbox 1488 2750 1545 2808; x_wconf 88' lang='lat' dir='ltr'><strong>et</strong></span> <span class='ocrx_word' id='word_1_169' title='bbox 1582 2759 1745 2818; x_wconf 82' lang='lat' dir='ltr'><strong>quam</strong></span> 
     </span>
    </p>
   </div>
   <div class='ocr_carea' id='block_1_26' title="bbox 145 2836 1745 2910">
    <p class='ocr_par' dir='ltr' id='par_1_26' title="bbox 145 2836 1745 2910">
     <span class='ocr_line' id='line_1_26' title="bbox 145 2836 1745 2910; baseline 0.003 -19"><span class='ocrx_word' id='word_1_170' title='bbox 145 2837 432 2908; x_wconf 79' lang='lat' dir='ltr'><strong>subjectus</strong></span> <span class='ocrx_word' id='word_1_171' title='bbox 452 2836 614 2901; x_wconf 85' lang='lat' dir='ltr'><strong>corde</strong></span> <span class='ocrx_word' id='word_1_172' title='bbox 651 2836 901 2896; x_wconf 84' lang='lat' dir='ltr'><strong>venerari</strong></span> <span class='ocrx_word' id='word_1_173' title='bbox 923 2837 1106 2910; x_wconf 82' lang='lat' dir='ltr'><strong>debet,</strong></span> <span class='ocrx_word' id='word_1_174' title='bbox 1149 2851 1310 2896; x_wconf 85' lang='lat' dir='ltr'><strong>manu</strong></span> <span class='ocrx_word' id='word_1_175' title='bbox 1340 2837 1598 2906; x_wconf 63' lang='lat' dir='ltr'><strong>sacrilegi!</strong></span> <span class='ocrx_word' id='word_1_176' title='bbox 1626 2837 1745 2903; x_wconf 72' lang='lat' dir='ltr'><strong>rio-</strong></span> 
     </span>
    </p>
   </div>
   <div class='ocr_carea' id='block_1_27' title="bbox 145 2925 1747 2998">
    <p class='ocr_par' dir='ltr' id='par_1_27' title="bbox 145 2925 1747 2998">
     <span class='ocr_line' id='line_1_27' title="bbox 145 2925 1747 2998; baseline 0.001 -16"><span class='ocrx_word' id='word_1_177' title='bbox 145 2928 266 2984; x_wconf 88' lang='lat' dir='ltr'><strong>lare</strong></span> <span class='ocrx_word' id='word_1_178' title='bbox 297 2928 559 2991; x_wconf 72' lang='lat' dir='ltr'><strong>festinet?</strong></span> <span class='ocrx_word' id='word_1_179' title='bbox 588 2925 815 2986; x_wconf 85' lang='lat' dir='ltr'><strong>Additur</strong></span> <span class='ocrx_word' id='word_1_180' title='bbox 836 2927 983 2998; x_wconf 86' lang='lat' dir='ltr'><strong>quod</strong></span> <span class='ocrx_word' id='word_1_181' title='bbox 1012 2928 1281 2986; x_wconf 82' lang='lat' dir='ltr'><strong>venalitas</strong></span> <span class='ocrx_word' id='word_1_182' title='bbox 1323 2938 1515 2993; x_wconf 83' lang='lat' dir='ltr'><strong>cuncta</strong></span> <span class='ocrx_word' id='word_1_183' title='bbox 1552 2928 1747 2997; x_wconf 87' lang='lat' dir='ltr'><strong>dissol-</strong></span> 
     </span>
    </p>
   </div>
   <div class='ocr_carea' id='block_1_28' title="bbox 146 3018 1744 3094">
    <p class='ocr_par' dir='ltr' id='par_1_28' title="bbox 146 3018 1744 3094">
     <span class='ocr_line' id='line_1_28' title="bbox 146 3018 1744 3094; baseline -0.001 -15"><span class='ocrx_word' id='word_1_184' title='bbox 146 3020 224 3079; x_wconf 89' lang='lat' dir='ltr'><strong>vit</strong></span> <span class='ocrx_word' id='word_1_185' title='bbox 245 3019 448 3094; x_wconf 58' lang='grc' dir='ltr'><strong>[σταίη</strong></span> <span class='ocrx_word' id='word_1_186' title='bbox 477 3020 620 3091; x_wconf 85' lang='lat' dir='ltr'><strong>Cuj.,</strong></span> <span class='ocrx_word' id='word_1_187' title='bbox 642 3019 767 3088; x_wconf 80' lang='lat' dir='ltr'><strong>Niv,</strong></span> <span class='ocrx_word' id='word_1_188' title='bbox 792 3030 841 3086; x_wconf 77' lang='lat' dir='ltr'><strong>et</strong></span> <span class='ocrx_word' id='word_1_189' title='bbox 864 3018 1042 3087; x_wconf 88' lang='lat' dir='ltr'><strong>Gam.,</strong></span> <span class='ocrx_word' id='word_1_190' title='bbox 1063 3018 1479 3092; x_wconf 77' lang='lat' dir='ltr'><strong>dissolvitur],si</strong></span> <span class='ocrx_word' id='word_1_191' title='bbox 1496 3021 1744 3080; x_wconf 86' lang='lat' dir='ltr'><strong>victualia</strong></span> 
     </span>
    </p>
   </div>
   <div class='ocr_carea' id='block_1_29' title="bbox 145 3111 1746 3184">
    <p class='ocr_par' dir='ltr' id='par_1_29' title="bbox 145 3111 1746 3184">
     <span class='ocr_line' id='line_1_29' title="bbox 145 3111 1746 3184; baseline 0.003 -17"><span class='ocrx_word' id='word_1_192' title='bbox 145 3112 376 3178; x_wconf 80' lang='lat' dir='ltr'><strong>metalla</strong></span> <span class='ocrx_word' id='word_1_193' title='bbox 399 3111 676 3184; x_wconf 81' lang='lat' dir='ltr'><strong>vitiantur,</strong></span> <span class='ocrx_word' id='word_1_194' title='bbox 717 3111 932 3184; x_wconf 83' lang='lat' dir='ltr'><strong>quando</strong></span> <span class='ocrx_word' id='word_1_195' title='bbox 958 3127 1182 3170; x_wconf 86' lang='lat' dir='ltr'><strong>necesse</strong></span> <span class='ocrx_word' id='word_1_196' title='bbox 1208 3121 1290 3170; x_wconf 88' lang='lat' dir='ltr'><strong>est</strong></span> <span class='ocrx_word' id='word_1_197' title='bbox 1311 3112 1492 3184; x_wconf 81' lang='lat' dir='ltr'><strong>respui</strong></span> <span class='ocrx_word' id='word_1_198' title='bbox 1520 3112 1666 3182; x_wconf 80' lang='lat' dir='ltr'><strong>quod</strong></span> <span class='ocrx_word' id='word_1_199' title='bbox 1690 3113 1746 3172; x_wconf 90' lang='lat' dir='ltr'><strong>in</strong></span> 
     </span>
    </p>
   </div>
   <div class='ocr_carea' id='block_1_30' title="bbox 1439 313 2186 390">
    <p class='ocr_par' dir='ltr' id='par_1_30' title="bbox 1439 313 2186 390">
     <span class='ocr_line' id='line_1_30' title="bbox 1439 313 2186 390; baseline 0.008 -8"><span class='ocrx_word' id='word_1_200' title='bbox 1439 322 1799 388; x_wconf 78' lang='lat' dir='ltr'><strong>VARIABUM</strong></span> <span class='ocrx_word' id='word_1_201' title='bbox 1835 323 2040 390; x_wconf 74' lang='lat' dir='ltr'><strong>manu</strong></span> <span class='ocrx_word' id='word_1_202' title='bbox 2078 313 2186 388; x_wconf 52' lang='lat' dir='ltr'><strong>Vit.</strong></span> 
     </span>
    </p>
   </div>
   <div class='ocr_carea' id='block_1_31' title="bbox 3319 330 3430 391">
    <p class='ocr_par' dir='ltr' id='par_1_31' title="bbox 3319 330 3430 391">
     <span class='ocr_line' id='line_1_31' title="bbox 3319 330 3430 391; baseline 0.018 -1"><span class='ocrx_word' id='word_1_203' title='bbox 3319 330 3430 391; x_wconf 69' lang='grc'><strong>7115</strong></span> 
     </span>
    </p>
   </div>
   <div class='ocr_carea' id='block_1_32' title="bbox 1766 440 3424 513">
    <p class='ocr_par' dir='ltr' id='par_1_32' title="bbox 1766 440 3424 513">
     <span class='ocr_line' id='line_1_32' title="bbox 1766 440 3424 513; baseline 0.009 -16"><span class='ocrx_word' id='word_1_204' title='bbox 1766 449 1822 509; x_wconf 72' lang='grc' dir='ltr'><strong>Α</strong></span> <span class='ocrx_word' id='word_1_205' title='bbox 1845 440 2085 498; x_wconf 81' lang='lat' dir='ltr'><strong>XXXIII.</strong></span> <span class='ocrx_word' id='word_1_206' title='bbox 2135 455 2381 503; x_wconf 66' lang='lat' dir='ltr'><strong>renuunt</strong></span> <span class='ocrx_word' id='word_1_207' title='bbox 2442 456 2761 502; x_wconf 69' lang='grc' dir='ltr'><strong>ιιελτοιυιι</strong></span> <span class='ocrx_word' id='word_1_208' title='bbox 2795 457 3034 504; x_wconf 72' lang='lat' dir='ltr'><strong>esuriant</strong></span> <span class='ocrx_word' id='word_1_209' title='bbox 3067 461 3424 513; x_wconf 69' lang='lat' dir='ltr'><strong>nmnssnuu.</strong></span> 
     </span>
    </p>
   </div>
   <div class='ocr_carea' id='block_1_33' title="bbox 1912 555 3427 639">
    <p class='ocr_par' dir='ltr' id='par_1_33' title="bbox 1912 555 3427 639">
     <span class='ocr_line' id='line_1_33' title="bbox 1912 555 3427 639; baseline 0.009 -27"><span class='ocrx_word' id='word_1_210' title='bbox 1912 558 2046 627; x_wconf 80' lang='lat' dir='ltr'><strong>Quis</strong></span> <span class='ocrx_word' id='word_1_211' title='bbox 2084 557 2294 614; x_wconf 87' lang='lat' dir='ltr'><strong>dubitet</strong></span> <span class='ocrx_word' id='word_1_212' title='bbox 2321 555 2565 616; x_wconf 85' lang='lat' dir='ltr'><strong>utilitatis</strong></span> <span class='ocrx_word' id='word_1_213' title='bbox 2609 561 2841 631; x_wconf 81' lang='lat' dir='ltr'><strong>publicae</strong></span> <span class='ocrx_word' id='word_1_214' title='bbox 2885 561 3146 620; x_wconf 86' lang='lat' dir='ltr'><strong>interesse</strong></span> <span class='ocrx_word' id='word_1_215' title='bbox 3181 568 3427 639; x_wconf 79' lang='lat' dir='ltr'><strong>rationi;</strong></span> 
     </span>
    </p>
   </div>
   <div class='ocr_carea' id='block_1_34' title="bbox 1841 653 3430 724">
    <p class='ocr_par' dir='ltr' id='par_1_34' title="bbox 1841 653 3430 724">
     <span class='ocr_line' id='line_1_34' title="bbox 1841 653 3430 724; baseline 0.008 -15"><span class='ocrx_word' id='word_1_216' title='bbox 1841 661 1904 709; x_wconf 93' lang='lat' dir='ltr'><strong>ut</strong></span> <span class='ocrx_word' id='word_1_217' title='bbox 1925 653 2119 724; x_wconf 86' lang='lat' dir='ltr'><strong>quibus</strong></span> <span class='ocrx_word' id='word_1_218' title='bbox 2148 667 2248 709; x_wconf 91' lang='lat' dir='ltr'><strong>nos</strong></span> <span class='ocrx_word' id='word_1_219' title='bbox 2274 657 2490 709; x_wconf 83' lang='lat' dir='ltr'><strong>constat</strong></span> <span class='ocrx_word' id='word_1_220' title='bbox 2507 653 2649 710; x_wconf 87' lang='lat' dir='ltr'><strong>dona</strong></span> <span class='ocrx_word' id='word_1_221' title='bbox 2689 655 2956 723; x_wconf 82' lang='lat' dir='ltr'><strong>conferre,</strong></span> <span class='ocrx_word' id='word_1_222' title='bbox 2985 658 3186 715; x_wconf 88' lang='lat' dir='ltr'><strong>nullam</strong></span> <span class='ocrx_word' id='word_1_223' title='bbox 3215 663 3430 720; x_wconf 84' lang='lat' dir='ltr'><strong>videan-</strong></span> 
     </span>
    </p>
   </div>
   <div class='ocr_carea' id='block_1_35' title="bbox 1841 743 3429 816">
    <p class='ocr_par' dir='ltr' id='par_1_35' title="bbox 1841 743 3429 816">
     <span class='ocr_line' id='line_1_35' title="bbox 1841 743 3429 816; baseline 0.006 -18"><span class='ocrx_word' id='word_1_224' title='bbox 1841 750 1931 799; x_wconf 86' lang='lat' dir='ltr'><strong>tur</strong></span> <span class='ocrx_word' id='word_1_225' title='bbox 1968 743 2176 799; x_wconf 86' lang='lat' dir='ltr'><strong>itineris</strong></span> <span class='ocrx_word' id='word_1_226' title='bbox 2211 743 2517 800; x_wconf 88' lang='lat' dir='ltr'><strong>molestiam</strong></span> <span class='ocrx_word' id='word_1_227' title='bbox 2563 745 2852 813; x_wconf 88' lang='lat' dir='ltr'><strong>sustinere,</strong></span> <span class='ocrx_word' id='word_1_228' title='bbox 2897 749 3114 816; x_wconf 85' lang='lat' dir='ltr'><strong>quando</strong></span> <span class='ocrx_word' id='word_1_229' title='bbox 3147 765 3248 806; x_wconf 89' lang='lat' dir='ltr'><strong>nec</strong></span> <span class='ocrx_word' id='word_1_230' title='bbox 3277 752 3429 808; x_wconf 85' lang='lat' dir='ltr'><strong>vobis</strong></span> 
     </span>
    </p>
   </div>
   <div class='ocr_carea' id='block_1_36' title="bbox 1843 836 3428 904">
    <p class='ocr_par' dir='ltr' id='par_1_36' title="bbox 1843 836 3428 904">
     <span class='ocr_line' id='line_1_36' title="bbox 1843 836 3428 904; baseline 0.004 -10"><span class='ocrx_word' id='word_1_231' title='bbox 1843 853 2119 894; x_wconf 87' lang='lat' dir='ltr'><strong>morarum</strong></span> <span class='ocrx_word' id='word_1_232' title='bbox 2147 837 2465 893; x_wconf 89' lang='lat' dir='ltr'><strong>detrimenta</strong></span> <span class='ocrx_word' id='word_1_233' title='bbox 2504 836 2729 904; x_wconf 80' lang='lat' dir='ltr'><strong>faciunt,</strong></span> <span class='ocrx_word' id='word_1_234' title='bbox 2757 847 2813 894; x_wconf 91' lang='lat' dir='ltr'><strong>et</strong></span> <span class='ocrx_word' id='word_1_235' title='bbox 2849 839 2926 895; x_wconf 91' lang='lat' dir='ltr'><strong>illi</strong></span> <span class='ocrx_word' id='word_1_236' title='bbox 2954 856 3012 896; x_wconf 86' lang='lat' dir='ltr'><strong>se</strong></span> <span class='ocrx_word' id='word_1_237' title='bbox 3039 842 3178 898; x_wconf 90' lang='lat' dir='ltr'><strong>bene</strong></span> <span class='ocrx_word' id='word_1_238' title='bbox 3214 843 3428 900; x_wconf 88' lang='lat' dir='ltr'><strong>habitos</strong></span> 
     </span>
    </p>
   </div>
   <div class='ocr_carea' id='block_1_37' title="bbox 1842 927 3432 998">
    <p class='ocr_par' dir='ltr' id='par_1_37' title="bbox 1842 927 3432 998">
     <span class='ocr_line' id='line_1_37' title="bbox 1842 927 3432 998; baseline 0.004 -14"><span class='ocrx_word' id='word_1_239' title='bbox 1842 927 2006 986; x_wconf 66' lang='lat' dir='ltr'><strong>luisse</strong></span> <span class='ocrx_word' id='word_1_240' title='bbox 2033 929 2402 998; x_wconf 81' lang='lat' dir='ltr'><strong>cognoscunt?</strong></span> <span class='ocrx_word' id='word_1_241' title='bbox 2430 927 2605 998; x_wconf 80' lang='lat' dir='ltr'><strong>Atque</strong></span> <span class='ocrx_word' id='word_1_242' title='bbox 2646 928 2772 984; x_wconf 88' lang='lat' dir='ltr'><strong>ideo</strong></span> <span class='ocrx_word' id='word_1_243' title='bbox 2811 929 3200 988; x_wconf 84' lang='lat' dir='ltr'><strong>humanitatem</strong></span> <span class='ocrx_word' id='word_1_244' title='bbox 3243 934 3432 992; x_wconf 86' lang='lat' dir='ltr'><strong>subter</strong></span> 
     </span>
    </p>
   </div>
   <div class='ocr_carea' id='block_1_38' title="bbox 1841 1020 3432 1095">
    <p class='ocr_par' dir='ltr' id='par_1_38' title="bbox 1841 1020 3432 1095">
     <span class='ocr_line' id='line_1_38' title="bbox 1841 1020 3432 1095; baseline 0.006 -19"><span class='ocrx_word' id='word_1_245' title='bbox 1841 1020 2233 1085; x_wconf 81' lang='lat' dir='ltr'><strong>annexam,vei</strong></span> <span class='ocrx_word' id='word_1_246' title='bbox 2259 1020 2327 1076; x_wconf 91' lang='lat' dir='ltr'><strong>ad</strong></span> <span class='ocrx_word' id='word_1_247' title='bbox 2349 1033 2518 1090; x_wconf 88' lang='lat' dir='ltr'><strong>equos</strong></span> <span class='ocrx_word' id='word_1_248' title='bbox 2543 1021 2778 1092; x_wconf 88' lang='lat' dir='ltr'><strong>capitum</strong></span> <span class='ocrx_word' id='word_1_249' title='bbox 2805 1021 3235 1081; x_wconf 47' lang='lat' dir='ltr'><strong>d‘eiinitumillius</strong></span> <span class='ocrx_word' id='word_1_250' title='bbox 3255 1028 3432 1095; x_wconf 82' lang='lat' dir='ltr'><strong>gentis</strong></span> 
     </span>
    </p>
   </div>
   <div class='ocr_carea' id='block_1_39' title="bbox 1843 1113 3434 1188">
    <p class='ocr_par' dir='ltr' id='par_1_39' title="bbox 1843 1113 3434 1188">
     <span class='ocr_line' id='line_1_39' title="bbox 1843 1113 3434 1188; baseline 0.003 -18"><span class='ocrx_word' id='word_1_251' title='bbox 1843 1113 2034 1184; x_wconf 86' lang='lat' dir='ltr'><strong>legatis</strong></span> <span class='ocrx_word' id='word_1_252' title='bbox 2060 1113 2179 1170; x_wconf 89' lang='lat' dir='ltr'><strong>sine</strong></span> <span class='ocrx_word' id='word_1_253' title='bbox 2207 1113 2387 1182; x_wconf 87' lang='lat' dir='ltr'><strong>aliqua</strong></span> <span class='ocrx_word' id='word_1_254' title='bbox 2417 1113 2668 1170; x_wconf 87' lang='lat' dir='ltr'><strong>tarditate</strong></span> <span class='ocrx_word' id='word_1_255' title='bbox 2692 1115 3032 1186; x_wconf 71' lang='lat' dir='ltr'><strong>przestabitis,</strong></span> <span class='ocrx_word' id='word_1_256' title='bbox 3069 1124 3336 1188; x_wconf 88' lang='lat' dir='ltr'><strong>quatenus</strong></span> <span class='ocrx_word' id='word_1_257' title='bbox 3364 1118 3434 1174; x_wconf 90' lang='lat' dir='ltr'><strong>ad</strong></span> 
     </span>
    </p>
   </div>
   <div class='ocr_carea' id='block_1_40' title="bbox 1841 1205 3434 1280">
    <p class='ocr_par' dir='ltr' id='par_1_40' title="bbox 1841 1205 3434 1280">
     <span class='ocr_line' id='line_1_40' title="bbox 1841 1205 3434 1280; baseline 0.003 -18"><span class='ocrx_word' id='word_1_258' title='bbox 1841 1205 2000 1262; x_wconf 87' lang='lat' dir='ltr'><strong>sedes</strong></span> <span class='ocrx_word' id='word_1_259' title='bbox 2025 1221 2150 1262; x_wconf 85' lang='lat' dir='ltr'><strong>suas</strong></span> <span class='ocrx_word' id='word_1_260' title='bbox 2172 1205 2547 1262; x_wconf 89' lang='lat' dir='ltr'><strong>irremunerati</strong></span> <span class='ocrx_word' id='word_1_261' title='bbox 2571 1221 2680 1262; x_wconf 92' lang='lat' dir='ltr'><strong>non</strong></span> <span class='ocrx_word' id='word_1_262' title='bbox 2709 1206 2941 1263; x_wconf 88' lang='lat' dir='ltr'><strong>debeant</strong></span> <span class='ocrx_word' id='word_1_263' title='bbox 2964 1211 3270 1280; x_wconf 83' lang='lat' dir='ltr'><strong>pervenire,</strong></span> <span class='ocrx_word' id='word_1_264' title='bbox 3304 1211 3434 1280; x_wconf 83' lang='lat' dir='ltr'><strong>quia</strong></span> 
     </span>
    </p>
   </div>
   <div class='ocr_carea' id='block_1_41' title="bbox 1844 1294 3434 1374">
    <p class='ocr_par' dir='ltr' id='par_1_41' title="bbox 1844 1294 3434 1374">
     <span class='ocr_line' id='line_1_41' title="bbox 1844 1294 3434 1374; baseline 0.003 -22"><span class='ocrx_word' id='word_1_265' title='bbox 1844 1294 2221 1353; x_wconf 73' lang='lat' dir='ltr'><strong>festinantibus</strong></span> <span class='ocrx_word' id='word_1_266' title='bbox 2248 1297 2452 1366; x_wconf 78' lang='lat' dir='ltr'><strong>gratior</strong></span> <span class='ocrx_word' id='word_1_267' title='bbox 2477 1305 2562 1354; x_wconf 87' lang='lat' dir='ltr'><strong>est</strong></span> <span class='ocrx_word' id='word_1_268' title='bbox 2589 1298 2838 1354; x_wconf 88' lang='lat' dir='ltr'><strong>celeritas</strong></span> <span class='ocrx_word' id='word_1_269' title='bbox 2865 1298 2921 1354; x_wconf 92' lang='lat' dir='ltr'><strong>in</strong></span> <span class='ocrx_word' id='word_1_270' title='bbox 2947 1298 3229 1357; x_wconf 86' lang='lat' dir='ltr'><strong>redeundo</strong></span> <span class='ocrx_word' id='word_1_271' title='bbox 3273 1311 3434 1374; x_wconf 87' lang='lat' dir='ltr'><strong>quam</strong></span> 
     </span>
    </p>
   </div>
   <div class='ocr_carea' id='block_1_42' title="bbox 1845 1388 2765 1461">
    <p class='ocr_par' dir='ltr' id='par_1_42' title="bbox 1845 1388 2765 1461">
     <span class='ocr_line' id='line_1_42' title="bbox 1845 1388 2765 1461; baseline 0.004 -19"><span class='ocrx_word' id='word_1_272' title='bbox 1845 1388 2099 1458; x_wconf 60' lang='lat' dir='ltr'><strong>quaslibet</strong></span> <span class='ocrx_word' id='word_1_273' title='bbox 2122 1403 2407 1446; x_wconf 89' lang='lat' dir='ltr'><strong>munerum</strong></span> <span class='ocrx_word' id='word_1_274' title='bbox 2434 1390 2765 1461; x_wconf 82' lang='lat' dir='ltr'><strong>magnitudo.</strong></span> 
     </span>
    </p>
   </div>
   <div class='ocr_carea' id='block_1_43' title="bbox 1845 1497 3433 1570">
    <p class='ocr_par' dir='ltr' id='par_1_43' title="bbox 1845 1497 3433 1570">
     <span class='ocr_line' id='line_1_43' title="bbox 1845 1497 3433 1570; baseline 0.006 -14"><span class='ocrx_word' id='word_1_275' title='bbox 1845 1497 2087 1556; x_wconf 66' lang='lat' dir='ltr'><strong>XXXIV.</strong></span> <span class='ocrx_word' id='word_1_276' title='bbox 2119 1518 2364 1558; x_wconf 73' lang='lat' dir='ltr'><strong>ronuULA</strong></span> <span class='ocrx_word' id='word_1_277' title='bbox 2390 1519 2744 1570; x_wconf 74' lang='lat' dir='ltr'><strong>EVOCA&#39;I&#39;ORIA,</strong></span> <span class='ocrx_word' id='word_1_278' title='bbox 2769 1521 2912 1569; x_wconf 74' lang='lat' dir='ltr'><strong>QUAM</strong></span> <span class='ocrx_word' id='word_1_279' title='bbox 2939 1521 3189 1563; x_wconf 71' lang='lat' dir='ltr'><strong>PRINCEPS</strong></span> <span class='ocrx_word' id='word_1_280' title='bbox 3213 1523 3433 1566; x_wconf 79' lang='lat' dir='ltr'><strong>DIRIGIT.</strong></span> 
     </span>
    </p>
   </div>
   <div class='ocr_carea' id='block_1_44' title="bbox 1917 1593 3439 1671">
    <p class='ocr_par' dir='ltr' id='par_1_44' title="bbox 1917 1593 3439 1671">
     <span class='ocr_line' id='line_1_44' title="bbox 1917 1593 3439 1671; baseline 0.007 -23"><span class='ocrx_word' id='word_1_281' title='bbox 1917 1593 2035 1649; x_wconf 86' lang='lat' dir='ltr'><strong>Non</strong></span> <span class='ocrx_word' id='word_1_282' title='bbox 2063 1594 2368 1652; x_wconf 89' lang='lat' dir='ltr'><strong>dubitamus</strong></span> <span class='ocrx_word' id='word_1_283' title='bbox 2394 1596 2642 1652; x_wconf 89' lang='lat' dir='ltr'><strong>ultronea</strong></span> <span class='ocrx_word' id='word_1_284' title='bbox 2670 1606 2821 1668; x_wconf 84' lang='lat' dir='ltr'><strong>grate</strong></span> <span class='ocrx_word' id='word_1_285' title='bbox 2854 1600 3073 1671; x_wconf 88' lang='lat' dir='ltr'><strong>suscipi,</strong></span> <span class='ocrx_word' id='word_1_286' title='bbox 3109 1617 3229 1671; x_wconf 71' lang='lat' dir='ltr'><strong>quze</strong></span> <span class='ocrx_word' id='word_1_287' title='bbox 3274 1602 3329 1658; x_wconf 90' lang='lat' dir='ltr'><strong>in</strong></span> <span class='ocrx_word' id='word_1_288' title='bbox 3359 1603 3439 1659; x_wconf 91' lang='lat' dir='ltr'><strong>lo-</strong></span> 
     </span>
    </p>
   </div>
   <div class='ocr_carea' id='block_1_45' title="bbox 1847 1686 3440 1764">
    <p class='ocr_par' dir='ltr' id='par_1_45' title="bbox 1847 1686 3440 1764">
     <span class='ocr_line' id='line_1_45' title="bbox 1847 1686 3440 1764; baseline 0.007 -25"><span class='ocrx_word' id='word_1_289' title='bbox 1847 1698 1970 1740; x_wconf 89' lang='lat' dir='ltr'><strong>cum</strong></span> <span class='ocrx_word' id='word_1_290' title='bbox 2000 1686 2240 1746; x_wconf 81' lang='lat' dir='ltr'><strong>muneris</strong></span> <span class='ocrx_word' id='word_1_291' title='bbox 2267 1687 2446 1752; x_wconf 85' lang='lat' dir='ltr'><strong>solent</strong></span> <span class='ocrx_word' id='word_1_292' title='bbox 2481 1689 2752 1764; x_wconf 77' lang='lat' dir='ltr'><strong>postulata</strong></span> <span class='ocrx_word' id='word_1_293' title='bbox 2784 1690 3018 1759; x_wconf 80' lang='lat' dir='ltr'><strong>conferri</strong></span> <span class='ocrx_word' id='word_1_294' title='bbox 3043 1709 3057 1748; x_wconf 89' lang='lat'><strong>:</strong></span> <span class='ocrx_word' id='word_1_295' title='bbox 3089 1693 3214 1762; x_wconf 81' lang='lat' dir='ltr'><strong>quia</strong></span> <span class='ocrx_word' id='word_1_296' title='bbox 3235 1693 3440 1750; x_wconf 86' lang='lat' dir='ltr'><strong>domini</strong></span> 
     </span>
    </p>
   </div>
   <div class='ocr_carea' id='block_1_46' title="bbox 1847 1777 3442 1858">
    <p class='ocr_par' dir='ltr' id='par_1_46' title="bbox 1847 1777 3442 1858">
     <span class='ocr_line' id='line_1_46' title="bbox 1847 1777 3442 1858; baseline 0.003 -22"><span class='ocrx_word' id='word_1_297' title='bbox 1847 1777 2153 1848; x_wconf 79' lang='lat' dir='ltr'><strong>recordatio</strong></span> <span class='ocrx_word' id='word_1_298' title='bbox 2182 1780 2433 1849; x_wconf 84' lang='lat' dir='ltr'><strong>concedit</strong></span> <span class='ocrx_word' id='word_1_299' title='bbox 2475 1797 2692 1854; x_wconf 85' lang='lat' dir='ltr'><strong>semper</strong></span> <span class='ocrx_word' id='word_1_300' title='bbox 2729 1793 3039 1855; x_wconf 65' lang='lat' dir='ltr'><strong>augmenta,</strong></span> <span class='ocrx_word' id='word_1_301' title='bbox 3087 1800 3189 1849; x_wconf 84' lang='lat' dir='ltr'><strong>nae</strong></span> <span class='ocrx_word' id='word_1_302' title='bbox 3213 1796 3442 1858; x_wconf 82' lang='lat' dir='ltr'><strong>possunt</strong></span> 
     </span>
    </p>
   </div>
   <div class='ocr_carea' id='block_1_47' title="bbox 1849 1875 3439 1954">
    <p class='ocr_par' dir='ltr' id='par_1_47' title="bbox 1849 1875 3439 1954">
     <span class='ocr_line' id='line_1_47' title="bbox 1849 1875 3439 1954; baseline 0.009 -25"><span class='ocrx_word' id='word_1_303' title='bbox 1849 1887 1970 1930; x_wconf 88' lang='lat' dir='ltr'><strong>esse</strong></span> <span class='ocrx_word' id='word_1_304' title='bbox 1995 1875 2253 1948; x_wconf 83' lang='lat' dir='ltr'><strong>principis</strong></span> <span class='ocrx_word' id='word_1_305' title='bbox 2281 1891 2451 1940; x_wconf 82' lang='lat' dir='ltr'><strong>vacua</strong></span> <span class='ocrx_word' id='word_1_306' title='bbox 2475 1877 2884 1947; x_wconf 77' lang='lat' dir='ltr'><strong>gratiﬁeationis</strong></span> <span class='ocrx_word' id='word_1_307' title='bbox 2925 1881 3146 1952; x_wconf 84' lang='lat' dir='ltr'><strong>judicia.</strong></span> <span class='ocrx_word' id='word_1_308' title='bbox 3187 1883 3439 1954; x_wconf 76' lang='lat' dir='ltr'><strong>Quapro-</strong></span> 
     </span>
    </p>
   </div>
   <div class='ocr_carea' id='block_1_48' title="bbox 1848 1972 3441 2049">
    <p class='ocr_par' dir='ltr' id='par_1_48' title="bbox 1848 1972 3441 2049">
     <span class='ocr_line' id='line_1_48' title="bbox 1848 1972 3441 2049; baseline 0.005 -21"><span class='ocrx_word' id='word_1_309' title='bbox 1848 1977 1972 2044; x_wconf 85' lang='lat' dir='ltr'><strong>pter</strong></span> <span class='ocrx_word' id='word_1_310' title='bbox 2017 1972 2087 2030; x_wconf 88' lang='lat' dir='ltr'><strong>ad</strong></span> <span class='ocrx_word' id='word_1_311' title='bbox 2131 1973 2450 2039; x_wconf 83' lang='lat' dir='ltr'><strong>comitatum</strong></span> <span class='ocrx_word' id='word_1_312' title='bbox 2497 1984 2739 2039; x_wconf 83' lang='lat' dir='ltr'><strong>nostrum</strong></span> <span class='ocrx_word' id='word_1_313' title='bbox 2775 1976 2940 2047; x_wconf 83' lang='lat' dir='ltr'><strong>jussis</strong></span> <span class='ocrx_word' id='word_1_314' title='bbox 2987 1985 3042 2034; x_wconf 92' lang='lat' dir='ltr'><strong>te</strong></span> <span class='ocrx_word' id='word_1_315' title='bbox 3087 1980 3441 2049; x_wconf 75' lang='lat' dir='ltr'><strong>praesentibus</strong></span> 
     </span>
    </p>
   </div>
   <div class='ocr_carea' id='block_1_49' title="bbox 1848 2066 3442 2140">
    <p class='ocr_par' dir='ltr' id='par_1_49' title="bbox 1848 2066 3442 2140">
     <span class='ocr_line' id='line_1_49' title="bbox 1848 2066 3442 2140; baseline 0.004 -22"><span class='ocrx_word' id='word_1_316' title='bbox 1848 2076 2156 2136; x_wconf 74' lang='lat' dir='ltr'><strong>evocemus,</strong></span> <span class='ocrx_word' id='word_1_317' title='bbox 2207 2072 2268 2128; x_wconf 82' lang='lat' dir='ltr'><strong>ut</strong></span> <span class='ocrx_word' id='word_1_318' title='bbox 2312 2079 2420 2122; x_wconf 89' lang='lat' dir='ltr'><strong>non</strong></span> <span class='ocrx_word' id='word_1_319' title='bbox 2465 2066 2725 2132; x_wconf 79' lang='lat' dir='ltr'><strong>mediocri</strong></span> <span class='ocrx_word' id='word_1_320' title='bbox 2769 2068 2968 2137; x_wconf 82' lang='lat' dir='ltr'><strong>gaudio</strong></span> <span class='ocrx_word' id='word_1_321' title='bbox 3012 2070 3328 2140; x_wconf 78' lang='lat' dir='ltr'><strong>perfruaris.</strong></span> <span class='ocrx_word' id='word_1_322' title='bbox 3375 2070 3442 2126; x_wconf 84' lang='lat' dir='ltr'><strong>Et</strong></span> 
     </span>
    </p>
   </div>
   <div class='ocr_carea' id='block_1_50' title="bbox 1847 2153 3440 2228">
    <p class='ocr_par' dir='ltr' id='par_1_50' title="bbox 1847 2153 3440 2228">
     <span class='ocr_line' id='line_1_50' title="bbox 1847 2153 3440 2228; baseline 0.004 -16"><span class='ocrx_word' id='word_1_323' title='bbox 1847 2153 1970 2218; x_wconf 88' lang='lat' dir='ltr'><strong>ideo</strong></span> <span class='ocrx_word' id='word_1_324' title='bbox 1998 2154 2096 2217; x_wconf 84' lang='lat' dir='ltr'><strong>otii</strong></span> <span class='ocrx_word' id='word_1_325' title='bbox 2131 2153 2491 2218; x_wconf 87' lang='lat' dir='ltr'><strong>delectatione</strong></span> <span class='ocrx_word' id='word_1_326' title='bbox 2525 2159 2844 2228; x_wconf 77' lang='lat' dir='ltr'><strong>postposita,</strong></span> <span class='ocrx_word' id='word_1_327' title='bbox 2876 2159 2945 2226; x_wconf 82' lang='lat' dir='ltr'><strong>ad</strong></span> <span class='ocrx_word' id='word_1_328' title='bbox 2987 2159 3135 2220; x_wconf 83' lang='lat' dir='ltr'><strong>illam</strong></span> <span class='ocrx_word' id='word_1_329' title='bbox 3172 2161 3337 2227; x_wconf 89' lang='lat' dir='ltr'><strong>diem,</strong></span> <span class='ocrx_word' id='word_1_330' title='bbox 3369 2163 3440 2218; x_wconf 81' lang='lat' dir='ltr'><strong>ad</strong></span> 
     </span>
    </p>
   </div>
   <div class='ocr_carea' id='block_1_51' title="bbox 1849 2243 3438 2324">
    <p class='ocr_par' dir='ltr' id='par_1_51' title="bbox 1849 2243 3438 2324">
     <span class='ocr_line' id='line_1_51' title="bbox 1849 2243 3438 2324; baseline 0.006 -23"><span class='ocrx_word' id='word_1_331' title='bbox 1849 2243 2051 2314; x_wconf 78' lang='lat' dir='ltr'><strong>Urbem</strong></span> <span class='ocrx_word' id='word_1_332' title='bbox 2077 2246 2223 2315; x_wconf 82' lang='lat' dir='ltr'><strong>illam</strong></span> <span class='ocrx_word' id='word_1_333' title='bbox 2251 2247 2506 2313; x_wconf 78' lang='lat' dir='ltr'><strong>devenire</strong></span> <span class='ocrx_word' id='word_1_334' title='bbox 2531 2265 2783 2322; x_wconf 80' lang='lat' dir='ltr'><strong>propera,</strong></span> <span class='ocrx_word' id='word_1_335' title='bbox 2831 2259 2892 2309; x_wconf 89' lang='lat' dir='ltr'><strong>ut</strong></span> <span class='ocrx_word' id='word_1_336' title='bbox 2932 2259 2989 2310; x_wconf 90' lang='lat' dir='ltr'><strong>et</strong></span> <span class='ocrx_word' id='word_1_337' title='bbox 3015 2253 3113 2309; x_wconf 90' lang='lat' dir='ltr'><strong>tibi</strong></span> <span class='ocrx_word' id='word_1_338' title='bbox 3158 2262 3438 2324; x_wconf 88' lang='lat' dir='ltr'><strong>aspectum</strong></span> 
     </span>
    </p>
   </div>
   <div class='ocr_carea' id='block_1_52' title="bbox 1846 2335 3438 2416">
    <p class='ocr_par' dir='ltr' id='par_1_52' title="bbox 1846 2335 3438 2416">
     <span class='ocr_line' id='line_1_52' title="bbox 1846 2335 3438 2416; baseline 0.004 -26"><span class='ocrx_word' id='word_1_339' title='bbox 1846 2343 2090 2406; x_wconf 71' lang='lat' dir='ltr'><strong>nostrum</strong></span> <span class='ocrx_word' id='word_1_340' title='bbox 2115 2343 2328 2407; x_wconf 82' lang='lat' dir='ltr'><strong>gratum</strong></span> <span class='ocrx_word' id='word_1_341' title='bbox 2357 2335 2520 2396; x_wconf 81' lang='lat' dir='ltr'><strong>fuisse</strong></span> <span class='ocrx_word' id='word_1_342' title='bbox 2542 2337 2868 2416; x_wconf 80' lang='lat' dir='ltr'><strong>judicemus,</strong></span> <span class='ocrx_word' id='word_1_343' title='bbox 2916 2355 3041 2400; x_wconf 84' lang='lat' dir='ltr'><strong>curn</strong></span> <span class='ocrx_word' id='word_1_344' title='bbox 3071 2349 3124 2402; x_wconf 87' lang='lat' dir='ltr'><strong>te</strong></span> <span class='ocrx_word' id='word_1_345' title='bbox 3152 2340 3438 2398; x_wconf 79' lang='lat' dir='ltr'><strong>festinasse</strong></span> 
     </span>
    </p>
   </div>
   <div class='ocr_carea' id='block_1_53' title="bbox 1846 2427 3438 2503">
    <p class='ocr_par' dir='ltr' id='par_1_53' title="bbox 1846 2427 3438 2503">
     <span class='ocr_line' id='line_1_53' title="bbox 1846 2427 3438 2503; baseline 0.001 -17"><span class='ocrx_word' id='word_1_346' title='bbox 1846 2427 2240 2499; x_wconf 71' lang='lat' dir='ltr'><strong>cognoscimus.</strong></span> <span class='ocrx_word' id='word_1_347' title='bbox 2271 2428 2549 2496; x_wconf 85' lang='lat' dir='ltr'><strong>Desiderat</strong></span> <span class='ocrx_word' id='word_1_348' title='bbox 2568 2430 2712 2494; x_wconf 84' lang='lat' dir='ltr'><strong>enim</strong></span> <span class='ocrx_word' id='word_1_349' title='bbox 2739 2430 2861 2494; x_wconf 73' lang='lat' dir='ltr'><strong>aula</strong></span> <span class='ocrx_word' id='word_1_350' title='bbox 2881 2441 3065 2489; x_wconf 82' lang='lat' dir='ltr'><strong>nostra</strong></span> <span class='ocrx_word' id='word_1_351' title='bbox 3093 2433 3438 2503; x_wconf 71' lang='lat' dir='ltr'><strong>prmsentiam</strong></span> 
     </span>
    </p>
   </div>
   <div class='ocr_carea' id='block_1_54' title="bbox 1845 2519 3439 2593">
    <p class='ocr_par' dir='ltr' id='par_1_54' title="bbox 1845 2519 3439 2593">
     <span class='ocr_line' id='line_1_54' title="bbox 1845 2519 3439 2593; baseline 0.006 -19"><span class='ocrx_word' id='word_1_352' title='bbox 1845 2519 2132 2590; x_wconf 82' lang='lat' dir='ltr'><strong>honorum,</strong></span> <span class='ocrx_word' id='word_1_353' title='bbox 2163 2520 2289 2580; x_wconf 86' lang='lat' dir='ltr'><strong>dum</strong></span> <span class='ocrx_word' id='word_1_354' title='bbox 2317 2521 2502 2578; x_wconf 89' lang='lat' dir='ltr'><strong>nescio</strong></span> <span class='ocrx_word' id='word_1_355' title='bbox 2524 2536 2634 2593; x_wconf 86' lang='lat' dir='ltr'><strong>quo</strong></span> <span class='ocrx_word' id='word_1_356' title='bbox 2662 2528 2826 2592; x_wconf 81' lang='lat' dir='ltr'><strong>pacto</strong></span> <span class='ocrx_word' id='word_1_357' title='bbox 2853 2523 3114 2593; x_wconf 84' lang='lat' dir='ltr'><strong>quidquid</strong></span> <span class='ocrx_word' id='word_1_358' title='bbox 3159 2524 3326 2593; x_wconf 74' lang='lat' dir='ltr'><strong>regali</strong></span> <span class='ocrx_word' id='word_1_359' title='bbox 3352 2539 3439 2584; x_wconf 69' lang='lat' dir='ltr'><strong>sa-</strong></span> 
     </span>
    </p>
   </div>
   <div class='ocr_carea' id='block_1_55' title="bbox 1845 2613 3440 2688">
    <p class='ocr_par' dir='ltr' id='par_1_55' title="bbox 1845 2613 3440 2688">
     <span class='ocr_line' id='line_1_55' title="bbox 1845 2613 3440 2688; baseline 0.001 -16"><span class='ocrx_word' id='word_1_360' title='bbox 1845 2613 2062 2688; x_wconf 78' lang='lat' dir='ltr'><strong>pientia:</strong></span> <span class='ocrx_word' id='word_1_361' title='bbox 2086 2621 2298 2682; x_wconf 81' lang='lat' dir='ltr'><strong>gratum</strong></span> <span class='ocrx_word' id='word_1_362' title='bbox 2335 2629 2458 2671; x_wconf 89' lang='lat' dir='ltr'><strong>esse</strong></span> <span class='ocrx_word' id='word_1_363' title='bbox 2499 2615 2864 2684; x_wconf 77' lang='lat' dir='ltr'><strong>cognoscitur,</strong></span> <span class='ocrx_word' id='word_1_364' title='bbox 2904 2624 2960 2672; x_wconf 84' lang='lat' dir='ltr'><strong>et</strong></span> <span class='ocrx_word' id='word_1_365' title='bbox 3009 2615 3192 2673; x_wconf 86' lang='lat' dir='ltr'><strong>divine</strong></span> <span class='ocrx_word' id='word_1_366' title='bbox 3231 2617 3440 2687; x_wconf 83' lang='lat' dir='ltr'><strong>judicio</strong></span> 
     </span>
    </p>
   </div>
   <div class='ocr_carea' id='block_1_56' title="bbox 1846 2705 3439 2780">
    <p class='ocr_par' dir='ltr' id='par_1_56' title="bbox 1846 2705 3439 2780">
     <span class='ocr_line' id='line_1_56' title="bbox 1846 2705 3439 2780; baseline -0.003 -10"><span class='ocrx_word' id='word_1_367' title='bbox 1846 2705 2250 2777; x_wconf 80' lang='lat' dir='ltr'><strong>comprobatur.</strong></span> <span class='ocrx_word' id='word_1_368' title='bbox 2281 2706 2407 2775; x_wconf 75' lang='lat' dir='ltr'><strong>quia</strong></span> <span class='ocrx_word' id='word_1_369' title='bbox 2451 2705 2542 2768; x_wconf 84' lang='lat' dir='ltr'><strong>ille</strong></span> <span class='ocrx_word' id='word_1_370' title='bbox 2577 2707 2670 2776; x_wconf 76' lang='lat' dir='ltr'><strong>qui</strong></span> <span class='ocrx_word' id='word_1_371' title='bbox 2708 2707 2874 2768; x_wconf 82' lang='lat' dir='ltr'><strong>corda</strong></span> <span class='ocrx_word' id='word_1_372' title='bbox 2920 2715 3106 2766; x_wconf 80' lang='lat' dir='ltr'><strong>nostra</strong></span> <span class='ocrx_word' id='word_1_373' title='bbox 3133 2708 3293 2779; x_wconf 85' lang='lat' dir='ltr'><strong>regit,</strong></span> <span class='ocrx_word' id='word_1_374' title='bbox 3321 2709 3439 2780; x_wconf 82' lang='lat' dir='ltr'><strong>ipse</strong></span> 
     </span>
    </p>
   </div>
   <div class='ocr_carea' id='block_1_57' title="bbox 1845 2799 3003 2869">
    <p class='ocr_par' dir='ltr' id='par_1_57' title="bbox 1845 2799 3003 2869">
     <span class='ocr_line' id='line_1_57' title="bbox 1845 2799 3003 2869; baseline 0.001 -10"><span class='ocrx_word' id='word_1_375' title='bbox 1845 2800 2008 2866; x_wconf 81' lang='lat' dir='ltr'><strong>etiam</strong></span> <span class='ocrx_word' id='word_1_376' title='bbox 2037 2800 2166 2869; x_wconf 88' lang='lat' dir='ltr'><strong>quid</strong></span> <span class='ocrx_word' id='word_1_377' title='bbox 2192 2799 2485 2864; x_wconf 82' lang='lat' dir='ltr'><strong>debeamus</strong></span> <span class='ocrx_word' id='word_1_378' title='bbox 2503 2802 2706 2862; x_wconf 85' lang='lat' dir='ltr'><strong>sentire</strong></span> <span class='ocrx_word' id='word_1_379' title='bbox 2734 2802 3003 2868; x_wconf 77' lang='lat' dir='ltr'><strong>concedit.</strong></span> 
     </span>
    </p>
   </div>
   <div class='ocr_carea' id='block_1_58' title="bbox 1848 2925 3434 2999">
    <p class='ocr_par' dir='ltr' id='par_1_58' title="bbox 1848 2925 3434 2999">
     <span class='ocr_line' id='line_1_58' title="bbox 1848 2925 3434 2999; baseline 0.007 -17"><span class='ocrx_word' id='word_1_380' title='bbox 1848 2925 2063 2983; x_wconf 67' lang='lat' dir='ltr'><strong>XXXV.</strong></span> <span class='ocrx_word' id='word_1_381' title='bbox 2125 2941 2374 2984; x_wconf 70' lang='lat' dir='ltr'><strong>FOBMULA</strong></span> <span class='ocrx_word' id='word_1_382' title='bbox 2425 2944 2799 2999; x_wconf 74' lang='lat' dir='ltr'><strong>EVOCATORIA,</strong></span> <span class='ocrx_word' id='word_1_383' title='bbox 2853 2945 2972 2995; x_wconf 64' lang='lat' dir='ltr'><strong>qua:</strong></span> <span class='ocrx_word' id='word_1_384' title='bbox 3027 2947 3260 2991; x_wconf 75' lang='lat' dir='ltr'><strong>PETENTI</strong></span> <span class='ocrx_word' id='word_1_385' title='bbox 3309 2950 3434 2993; x_wconf 61' lang='grc' dir='ltr'><strong>ρους</strong></span> 
     </span>
    </p>
   </div>
   <div class='ocr_carea' id='block_1_59' title="bbox 2497 3015 2748 3056">
    <p class='ocr_par' dir='ltr' id='par_1_59' title="bbox 2497 3015 2748 3056">
     <span class='ocr_line' id='line_1_59' title="bbox 2497 3015 2748 3056; baseline 0.004 -1"><span class='ocrx_word' id='word_1_386' title='bbox 2497 3015 2748 3056; x_wconf 80' lang='lat' dir='ltr'><strong>CEDITUR.</strong></span> 
     </span>
    </p>
   </div>
   <div class='ocr_carea' id='block_1_60' title="bbox 1919 3089 3441 3168">
    <p class='ocr_par' dir='ltr' id='par_1_60' title="bbox 1919 3089 3441 3168">
     <span class='ocr_line' id='line_1_60' title="bbox 1919 3089 3441 3168; baseline 0.009 -24"><span class='ocrx_word' id='word_1_387' title='bbox 1919 3089 2280 3146; x_wconf 84' lang='lat' dir='ltr'><strong>Manifestatio</strong></span> <span class='ocrx_word' id='word_1_388' title='bbox 2329 3099 2414 3160; x_wconf 83' lang='lat' dir='ltr'><strong>est</strong></span> <span class='ocrx_word' id='word_1_389' title='bbox 2463 3092 2805 3158; x_wconf 63' lang='lat' dir='ltr'><strong>conscientia:</strong></span> <span class='ocrx_word' id='word_1_390' title='bbox 2857 3095 3052 3164; x_wconf 70' lang='lat' dir='ltr'><strong>bona),</strong></span> <span class='ocrx_word' id='word_1_391' title='bbox 3098 3100 3441 3168; x_wconf 72' lang='lat' dir='ltr'><strong>prtesentiam</strong></span> 
     </span>
    </p>
   </div>
   <div class='ocr_carea' id='block_1_61' title="bbox 146 3181 3442 3283">
    <p class='ocr_par' dir='ltr' id='par_1_61' title="bbox 146 3181 3442 3283">
     <span class='ocr_line' id='line_1_61' title="bbox 146 3181 3442 3283; baseline 0.002 -21"><span class='ocrx_word' id='word_1_392' title='bbox 146 3203 523 3272; x_wconf 77' lang='lat' dir='ltr'><strong>mersimaniis</strong></span> <span class='ocrx_word' id='word_1_393' title='bbox 546 3181 858 3275; x_wconf 77' lang='lat' dir='ltr'><strong>corruptum</strong></span> <span class='ocrx_word' id='word_1_394' title='bbox 871 3204 1084 3268; x_wconf 84' lang='lat' dir='ltr'><strong>videtur</strong></span> <span class='ocrx_word' id='word_1_395' title='bbox 1111 3205 1313 3262; x_wconf 78' lang='lat' dir='ltr'><strong>oll‘erri.</strong></span> <span class='ocrx_word' id='word_1_396' title='bbox 1338 3181 1465 3272; x_wconf 79' lang='lat' dir='ltr'><strong>Quis</strong></span> <span class='ocrx_word' id='word_1_397' title='bbox 1492 3181 1623 3276; x_wconf 80' lang='lat' dir='ltr'><strong>ergo</strong></span> <span class='ocrx_word' id='word_1_398' title='bbox 1649 3221 1748 3276; x_wconf 78' lang='lat' dir='ltr'><strong>pa-</strong></span> <span class='ocrx_word' id='word_1_399' title='bbox 1773 3219 1821 3283; x_wconf 75' lang='lat' dir='ltr'><strong>C</strong></span> <span class='ocrx_word' id='word_1_400' title='bbox 1845 3181 1974 3252; x_wconf 67' lang='grc' dir='ltr'><strong>ιῙυειί</strong></span> <span class='ocrx_word' id='word_1_401' title='bbox 2003 3182 2260 3283; x_wconf 61' lang='grc' dir='ltr'><strong>ρι’ίηςῖρξε</strong></span> <span class='ocrx_word' id='word_1_402' title='bbox 2286 3183 2594 3263; x_wconf 55' lang='lat' dir='ltr'><strong>“petiisse!</strong></span> <span class='ocrx_word' id='word_1_403' title='bbox 2626 3200 2788 3283; x_wconf 61' lang='lat' dir='ltr'><strong>(iu-am</strong></span> <span class='ocrx_word' id='word_1_404' title='bbox 2826 3187 2974 3283; x_wconf 52' lang='grc' dir='ltr'><strong>ἔθηκε</strong></span> <span class='ocrx_word' id='word_1_405' title='bbox 3015 3189 3106 3254; x_wconf 68' lang='lat' dir='ltr'><strong>me</strong></span> <span class='ocrx_word' id='word_1_406' title='bbox 3131 3190 3442 3256; x_wconf 60' lang='grc' dir='ltr'><strong>άθδίάεητθ</strong></span> 
     </span>
    </p>
   </div>
   <div class='ocr_carea' id='block_1_62' title="bbox 147 3296 1751 3367">
    <p class='ocr_par' dir='ltr' id='par_1_62' title="bbox 147 3296 1751 3367">
     <span class='ocr_line' id='line_1_62' title="bbox 147 3296 1751 3367; baseline 0.006 -16"><span class='ocrx_word' id='word_1_407' title='bbox 147 3296 324 3356; x_wconf 89' lang='lat' dir='ltr'><strong>tiatur</strong></span> <span class='ocrx_word' id='word_1_408' title='bbox 343 3297 498 3358; x_wconf 83' lang='lat' dir='ltr'><strong>unius</strong></span> <span class='ocrx_word' id='word_1_409' title='bbox 534 3311 654 3354; x_wconf 88' lang='lat' dir='ltr'><strong>esse</strong></span> <span class='ocrx_word' id='word_1_410' title='bbox 679 3299 1022 3358; x_wconf 86' lang='lat' dir='ltr'><strong>commodum</strong></span> <span class='ocrx_word' id='word_1_411' title='bbox 1045 3297 1322 3367; x_wconf 81' lang='lat' dir='ltr'><strong>dispendia</strong></span> <span class='ocrx_word' id='word_1_412' title='bbox 1349 3297 1582 3363; x_wconf 79' lang='lat' dir='ltr'><strong>scelesta</strong></span> <span class='ocrx_word' id='word_1_413' title='bbox 1620 3313 1751 3362; x_wconf 78' lang='lat' dir='ltr'><strong>cun-</strong></span> 
     </span>
    </p>
   </div>
   <div class='ocr_carea' id='block_1_63' title="bbox 149 3387 1754 3460">
    <p class='ocr_par' dir='ltr' id='par_1_63' title="bbox 149 3387 1754 3460">
     <span class='ocr_line' id='line_1_63' title="bbox 149 3387 1754 3460; baseline 0.007 -20"><span class='ocrx_word' id='word_1_414' title='bbox 149 3393 371 3454; x_wconf 77' lang='lat' dir='ltr'><strong>ctorum</strong></span> <span class='ocrx_word' id='word_1_415' title='bbox 394 3429 409 3458; x_wconf 86' lang='lat'><strong>,</strong></span> <span class='ocrx_word' id='word_1_416' title='bbox 442 3394 502 3454; x_wconf 81' lang='lat' dir='ltr'><strong>ut</strong></span> <span class='ocrx_word' id='word_1_417' title='bbox 531 3387 850 3450; x_wconf 85' lang='lat' dir='ltr'><strong>detestabile</strong></span> <span class='ocrx_word' id='word_1_418' title='bbox 879 3387 1066 3454; x_wconf 81' lang='lat' dir='ltr'><strong>vitium</strong></span> <span class='ocrx_word' id='word_1_419' title='bbox 1092 3389 1282 3450; x_wconf 83' lang='lat' dir='ltr'><strong>venire</strong></span> <span class='ocrx_word' id='word_1_420' title='bbox 1327 3389 1502 3460; x_wconf 86' lang='lat' dir='ltr'><strong>possit</strong></span> <span class='ocrx_word' id='word_1_421' title='bbox 1527 3389 1596 3448; x_wconf 78' lang='lat' dir='ltr'><strong>ad</strong></span> <span class='ocrx_word' id='word_1_422' title='bbox 1634 3404 1754 3460; x_wconf 80' lang='lat' dir='ltr'><strong>pre-</strong></span> 
     </span>
    </p>
   </div>
   <div class='ocr_carea' id='block_1_64' title="bbox 153 3477 1752 3548">
    <p class='ocr_par' dir='ltr' id='par_1_64' title="bbox 153 3477 1752 3548">
     <span class='ocr_line' id='line_1_64' title="bbox 153 3477 1752 3548; baseline 0.003 -14"><span class='ocrx_word' id='word_1_423' title='bbox 153 3479 327 3534; x_wconf 86' lang='lat' dir='ltr'><strong>tium?</strong></span> <span class='ocrx_word' id='word_1_424' title='bbox 350 3477 430 3533; x_wconf 89' lang='lat' dir='ltr'><strong>Sit</strong></span> <span class='ocrx_word' id='word_1_425' title='bbox 453 3478 712 3534; x_wconf 89' lang='lat' dir='ltr'><strong>mundum</strong></span> <span class='ocrx_word' id='word_1_426' title='bbox 747 3479 892 3548; x_wconf 91' lang='lat' dir='ltr'><strong>quod</strong></span> <span class='ocrx_word' id='word_1_427' title='bbox 920 3479 989 3535; x_wconf 90' lang='lat' dir='ltr'><strong>ad</strong></span> <span class='ocrx_word' id='word_1_428' title='bbox 1027 3480 1256 3534; x_wconf 82' lang='lat' dir='ltr'><strong>formam</strong></span> <span class='ocrx_word' id='word_1_429' title='bbox 1303 3488 1503 3546; x_wconf 57' lang='lat' dir='ltr'><strong>nostra),</strong></span> <span class='ocrx_word' id='word_1_430' title='bbox 1546 3483 1752 3546; x_wconf 81' lang='lat' dir='ltr'><strong>sereni-</strong></span> 
     </span>
    </p>
   </div>
   <div class='ocr_carea' id='block_1_65' title="bbox 152 3571 1747 3642">
    <p class='ocr_par' dir='ltr' id='par_1_65' title="bbox 152 3571 1747 3642">
     <span class='ocr_line' id='line_1_65' title="bbox 152 3571 1747 3642; baseline 0.001 -14"><span class='ocrx_word' id='word_1_431' title='bbox 152 3573 290 3628; x_wconf 86' lang='lat' dir='ltr'><strong>tatis</strong></span> <span class='ocrx_word' id='word_1_432' title='bbox 318 3571 621 3638; x_wconf 86' lang='lat' dir='ltr'><strong>adducitur,</strong></span> <span class='ocrx_word' id='word_1_433' title='bbox 653 3571 882 3631; x_wconf 83' lang='lat' dir='ltr'><strong>Claritas</strong></span> <span class='ocrx_word' id='word_1_434' title='bbox 924 3573 1074 3642; x_wconf 77' lang='lat' dir='ltr'><strong>regia</strong></span> <span class='ocrx_word' id='word_1_435' title='bbox 1103 3572 1180 3632; x_wconf 88' lang='lat' dir='ltr'><strong>nil</strong></span> <span class='ocrx_word' id='word_1_436' title='bbox 1207 3572 1445 3630; x_wconf 87' lang='lat' dir='ltr'><strong>admittit</strong></span> <span class='ocrx_word' id='word_1_437' title='bbox 1470 3573 1747 3630; x_wconf 82' lang='lat' dir='ltr'><strong>iniectum.</strong></span> 
     </span>
    </p>
   </div>
   <div class='ocr_carea' id='block_1_66' title="bbox 151 3663 1750 3742">
    <p class='ocr_par' dir='ltr' id='par_1_66' title="bbox 151 3663 1750 3742">
     <span class='ocr_line' id='line_1_66' title="bbox 151 3663 1750 3742; baseline 0 -22"><span class='ocrx_word' id='word_1_438' title='bbox 151 3664 294 3728; x_wconf 85' lang='lat' dir='ltr'><strong>Nam</strong></span> <span class='ocrx_word' id='word_1_439' title='bbox 325 3664 371 3720; x_wconf 89' lang='lat' dir='ltr'><strong>si</strong></span> <span class='ocrx_word' id='word_1_440' title='bbox 399 3663 577 3719; x_wconf 85' lang='lat' dir='ltr'><strong>vultus</strong></span> <span class='ocrx_word' id='word_1_441' title='bbox 622 3663 908 3734; x_wconf 81' lang='lat' dir='ltr'><strong>cujuslibet</strong></span> <span class='ocrx_word' id='word_1_442' title='bbox 936 3664 1147 3730; x_wconf 86' lang='lat' dir='ltr'><strong>sincero</strong></span> <span class='ocrx_word' id='word_1_443' title='bbox 1188 3664 1374 3732; x_wconf 83' lang='lat' dir='ltr'><strong>colore</strong></span> <span class='ocrx_word' id='word_1_444' title='bbox 1420 3664 1750 3742; x_wconf 77' lang='lat' dir='ltr'><strong>depingitur,</strong></span> 
     </span>
    </p>
   </div>
   <div class='ocr_carea' id='block_1_67' title="bbox 151 3753 1750 3832">
    <p class='ocr_par' dir='ltr' id='par_1_67' title="bbox 151 3753 1750 3832">
     <span class='ocr_line' id='line_1_67' title="bbox 151 3753 1750 3832; baseline 0.004 -24"><span class='ocrx_word' id='word_1_445' title='bbox 151 3753 331 3809; x_wconf 88' lang='lat' dir='ltr'><strong>multo</strong></span> <span class='ocrx_word' id='word_1_446' title='bbox 359 3753 556 3824; x_wconf 89' lang='lat' dir='ltr'><strong>justius</strong></span> <span class='ocrx_word' id='word_1_447' title='bbox 582 3754 924 3822; x_wconf 80' lang='lat' dir='ltr'><strong>metallorum</strong></span> <span class='ocrx_word' id='word_1_448' title='bbox 964 3755 1201 3825; x_wconf 78' lang='lat' dir='ltr'><strong>puritate</strong></span> <span class='ocrx_word' id='word_1_449' title='bbox 1241 3755 1551 3832; x_wconf 85' lang='lat' dir='ltr'><strong>principalis</strong></span> <span class='ocrx_word' id='word_1_450' title='bbox 1576 3759 1750 3830; x_wconf 83' lang='lat' dir='ltr'><strong>gratia</strong></span> 
     </span>
    </p>
   </div>
   <div class='ocr_carea' id='block_1_68' title="bbox 151 3843 1752 3927">
    <p class='ocr_par' dir='ltr' id='par_1_68' title="bbox 151 3843 1752 3927">
     <span class='ocr_line' id='line_1_68' title="bbox 151 3843 1752 3927; baseline 0.001 -25"><span class='ocrx_word' id='word_1_451' title='bbox 151 3846 479 3914; x_wconf 88' lang='lat' dir='ltr'><strong>custoditur.</strong></span> <span class='ocrx_word' id='word_1_452' title='bbox 512 3843 642 3904; x_wconf 84' lang='lat' dir='ltr'><strong>Auri</strong></span> <span class='ocrx_word' id='word_1_453' title='bbox 683 3847 899 3903; x_wconf 82' lang='lat' dir='ltr'><strong>ﬂamma</strong></span> <span class='ocrx_word' id='word_1_454' title='bbox 940 3847 1086 3904; x_wconf 87' lang='lat' dir='ltr'><strong>nulla</strong></span> <span class='ocrx_word' id='word_1_455' title='bbox 1135 3847 1330 3922; x_wconf 83' lang='lat' dir='ltr'><strong>injuria</strong></span> <span class='ocrx_word' id='word_1_456' title='bbox 1376 3849 1752 3927; x_wconf 78' lang='lat' dir='ltr'><strong>permixtionis</strong></span> 
     </span>
    </p>
   </div>
   <div class='ocr_carea' id='block_1_69' title="bbox 155 3938 1752 4016">
    <p class='ocr_par' dir='ltr' id='par_1_69' title="bbox 155 3938 1752 4016">
     <span class='ocr_line' id='line_1_69' title="bbox 155 3938 1752 4016; baseline 0.005 -24"><span class='ocrx_word' id='word_1_457' title='bbox 155 3938 420 4008; x_wconf 78' lang='lat' dir='ltr'><strong>albescat,</strong></span> <span class='ocrx_word' id='word_1_458' title='bbox 451 3938 660 4007; x_wconf 82' lang='lat' dir='ltr'><strong>argenti</strong></span> <span class='ocrx_word' id='word_1_459' title='bbox 689 3938 842 4004; x_wconf 84' lang='lat' dir='ltr'><strong>color</strong></span> <span class='ocrx_word' id='word_1_460' title='bbox 869 3939 1040 4010; x_wconf 74' lang='lat' dir='ltr'><strong>gratia</strong></span> <span class='ocrx_word' id='word_1_461' title='bbox 1068 3939 1318 4007; x_wconf 81' lang='lat' dir='ltr'><strong>candoris</strong></span> <span class='ocrx_word' id='word_1_462' title='bbox 1342 3943 1600 4016; x_wconf 74' lang='lat' dir='ltr'><strong>arrideat,</strong></span> <span class='ocrx_word' id='word_1_463' title='bbox 1629 3943 1752 4010; x_wconf 71' lang='lat' dir='ltr'><strong>teris</strong></span> 
     </span>
    </p>
   </div>
   <div class='ocr_carea' id='block_1_70' title="bbox 153 4026 1752 4104">
    <p class='ocr_par' dir='ltr' id='par_1_70' title="bbox 153 4026 1752 4104">
     <span class='ocr_line' id='line_1_70' title="bbox 153 4026 1752 4104; baseline 0.005 -23"><span class='ocrx_word' id='word_1_464' title='bbox 153 4027 328 4088; x_wconf 83' lang='lat' dir='ltr'><strong>rubor</strong></span> <span class='ocrx_word' id='word_1_465' title='bbox 365 4026 420 4098; x_wconf 84' lang='lat' dir='ltr'><strong>in</strong></span> <span class='ocrx_word' id='word_1_466' title='bbox 461 4027 640 4095; x_wconf 81' lang='lat' dir='ltr'><strong>nativa</strong></span> <span class='ocrx_word' id='word_1_467' title='bbox 663 4027 923 4098; x_wconf 87' lang='lat' dir='ltr'><strong>qualitate</strong></span> <span class='ocrx_word' id='word_1_468' title='bbox 961 4037 1292 4104; x_wconf 81' lang='lat' dir='ltr'><strong>permaneat.</strong></span> <span class='ocrx_word' id='word_1_469' title='bbox 1337 4031 1473 4099; x_wconf 79' lang='lat' dir='ltr'><strong>Nam</strong></span> <span class='ocrx_word' id='word_1_470' title='bbox 1509 4031 1556 4099; x_wconf 82' lang='lat' dir='ltr'><strong>si</strong></span> <span class='ocrx_word' id='word_1_471' title='bbox 1587 4048 1752 4097; x_wconf 79' lang='lat' dir='ltr'><strong>unum</strong></span> 
     </span>
    </p>
   </div>
   <div class='ocr_carea' id='block_1_71' title="bbox 155 4115 1752 4202">
    <p class='ocr_par' dir='ltr' id='par_1_71' title="bbox 155 4115 1752 4202">
     <span class='ocr_line' id='line_1_71' title="bbox 155 4115 1752 4202; baseline 0.003 -28"><span class='ocrx_word' id='word_1_472' title='bbox 155 4117 363 4174; x_wconf 73' lang='lat' dir='ltr'><strong>laedere</strong></span> <span class='ocrx_word' id='word_1_473' title='bbox 407 4115 614 4200; x_wconf 76' lang='lat' dir='ltr'><strong>legibus</strong></span> <span class='ocrx_word' id='word_1_474' title='bbox 642 4126 866 4198; x_wconf 88' lang='lat' dir='ltr'><strong>putatur</strong></span> <span class='ocrx_word' id='word_1_475' title='bbox 912 4135 1030 4180; x_wconf 87' lang='lat' dir='ltr'><strong>esse</strong></span> <span class='ocrx_word' id='word_1_476' title='bbox 1073 4119 1454 4190; x_wconf 78' lang='lat' dir='ltr'><strong>damnandum,</strong></span> <span class='ocrx_word' id='word_1_477' title='bbox 1503 4122 1632 4202; x_wconf 83' lang='lat' dir='ltr'><strong>quid</strong></span> <span class='ocrx_word' id='word_1_478' title='bbox 1662 4121 1752 4188; x_wconf 82' lang='lat' dir='ltr'><strong>ille</strong></span> 
     </span>
    </p>
   </div>
   <div class='ocr_carea' id='block_1_72' title="bbox 157 4208 1756 4282">
    <p class='ocr_par' dir='ltr' id='par_1_72' title="bbox 157 4208 1756 4282">
     <span class='ocr_line' id='line_1_72' title="bbox 157 4208 1756 4282; baseline 0.002 -16"><span class='ocrx_word' id='word_1_479' title='bbox 157 4208 358 4279; x_wconf 85' lang='lat' dir='ltr'><strong>mereri</strong></span> <span class='ocrx_word' id='word_1_480' title='bbox 386 4209 608 4279; x_wconf 77' lang='lat' dir='ltr'><strong>peterit,</strong></span> <span class='ocrx_word' id='word_1_481' title='bbox 658 4209 749 4279; x_wconf 81' lang='lat' dir='ltr'><strong>qui</strong></span> <span class='ocrx_word' id='word_1_482' title='bbox 795 4209 850 4278; x_wconf 86' lang='lat' dir='ltr'><strong>in</strong></span> <span class='ocrx_word' id='word_1_483' title='bbox 886 4217 1092 4276; x_wconf 78' lang='lat' dir='ltr'><strong>tantam</strong></span> <span class='ocrx_word' id='word_1_484' title='bbox 1136 4211 1413 4281; x_wconf 76' lang='lat' dir='ltr'><strong>hominum</strong></span> <span class='ocrx_word' id='word_1_485' title='bbox 1454 4214 1756 4282; x_wconf 78' lang='lat' dir='ltr'><strong>numerosi-</strong></span> 
     </span>
    </p>
   </div>
   <div class='ocr_carea' id='block_1_73' title="bbox 159 4297 1755 4377">
    <p class='ocr_par' dir='ltr' id='par_1_73' title="bbox 159 4297 1755 4377">
     <span class='ocr_line' id='line_1_73' title="bbox 159 4297 1755 4377; baseline 0.003 -24"><span class='ocrx_word' id='word_1_486' title='bbox 159 4302 333 4354; x_wconf 79' lang='lat' dir='ltr'><strong>tatem</strong></span> <span class='ocrx_word' id='word_1_487' title='bbox 391 4298 733 4371; x_wconf 88' lang='lat' dir='ltr'><strong>peccaverit?</strong></span> <span class='ocrx_word' id='word_1_488' title='bbox 788 4297 1006 4367; x_wconf 84' lang='lat' dir='ltr'><strong>Pondus</strong></span> <span class='ocrx_word' id='word_1_489' title='bbox 1054 4300 1351 4374; x_wconf 81' lang='lat' dir='ltr'><strong>quinetiam</strong></span> <span class='ocrx_word' id='word_1_490' title='bbox 1403 4302 1755 4377; x_wconf 82' lang='lat' dir='ltr'><strong>constitutum</strong></span> 
     </span>
    </p>
   </div>
   <div class='ocr_carea' id='block_1_74' title="bbox 161 4389 1756 4472">
    <p class='ocr_par' dir='ltr' id='par_1_74' title="bbox 161 4389 1756 4472">
     <span class='ocr_line' id='line_1_74' title="bbox 161 4389 1756 4472; baseline 0.001 -27"><span class='ocrx_word' id='word_1_491' title='bbox 161 4389 400 4472; x_wconf 85' lang='lat' dir='ltr'><strong>denariis</strong></span> <span class='ocrx_word' id='word_1_492' title='bbox 440 4390 784 4462; x_wconf 78' lang='lat' dir='ltr'><strong>praecipimus</strong></span> <span class='ocrx_word' id='word_1_493' title='bbox 810 4393 968 4472; x_wconf 77' lang='lat'><strong>120</strong></span> <span class='ocrx_word' id='word_1_494' title='bbox 1005 4391 1204 4454; x_wconf 89' lang='lat' dir='ltr'><strong>debere</strong></span> <span class='ocrx_word' id='word_1_495' title='bbox 1233 4393 1475 4464; x_wconf 84' lang='lat' dir='ltr'><strong>servari,</strong></span> <span class='ocrx_word' id='word_1_496' title='bbox 1508 4393 1602 4464; x_wconf 89' lang='lat' dir='ltr'><strong>qui</strong></span> <span class='ocrx_word' id='word_1_497' title='bbox 1627 4393 1756 4450; x_wconf 89' lang='lat' dir='ltr'><strong>olim</strong></span> 
     </span>
    </p>
   </div>
   <div class='ocr_carea' id='block_1_75' title="bbox 161 4468 1758 4556">
    <p class='ocr_par' dir='ltr' id='par_1_75' title="bbox 161 4468 1758 4556">
     <span class='ocr_line' id='line_1_75' title="bbox 161 4468 1758 4556; baseline 0.004 -22"><span class='ocrx_word' id='word_1_498' title='bbox 161 4468 278 4535; x_wconf 80' lang='lat' dir='ltr'><strong>tam</strong></span> <span class='ocrx_word' id='word_1_499' title='bbox 306 4495 477 4554; x_wconf 91' lang='lat' dir='ltr'><strong>penso</strong></span> <span class='ocrx_word' id='word_1_500' title='bbox 521 4495 681 4556; x_wconf 88' lang='lat' dir='ltr'><strong>quam</strong></span> <span class='ocrx_word' id='word_1_501' title='bbox 729 4468 953 4540; x_wconf 84' lang='lat' dir='ltr'><strong>numero</strong></span> <span class='ocrx_word' id='word_1_502' title='bbox 974 4481 1346 4542; x_wconf 86' lang='lat' dir='ltr'><strong>vendebantur</strong></span> <span class='ocrx_word' id='word_1_503' title='bbox 1395 4502 1410 4540; x_wconf 89' lang='lat'><strong>:</strong></span> <span class='ocrx_word' id='word_1_504' title='bbox 1457 4484 1598 4550; x_wconf 91' lang='lat' dir='ltr'><strong>unde</strong></span> <span class='ocrx_word' id='word_1_505' title='bbox 1635 4499 1758 4550; x_wconf 85' lang='lat' dir='ltr'><strong>ver-</strong></span> 
     </span>
    </p>
   </div>
   <div class='ocr_carea' id='block_1_76' title="bbox 1850 3275 3442 3366">
    <p class='ocr_par' dir='ltr' id='par_1_76' title="bbox 1850 3275 3442 3366">
     <span class='ocr_line' id='line_1_76' title="bbox 1850 3275 3442 3366; baseline 0.011 -35"><span class='ocrx_word' id='word_1_506' title='bbox 1850 3283 2049 3360; x_wconf 85' lang='lat' dir='ltr'><strong>potest,</strong></span> <span class='ocrx_word' id='word_1_507' title='bbox 2074 3276 2163 3348; x_wconf 91' lang='lat' dir='ltr'><strong>qui</strong></span> <span class='ocrx_word' id='word_1_508' title='bbox 2192 3275 2260 3342; x_wconf 88' lang='lat' dir='ltr'><strong>de</strong></span> <span class='ocrx_word' id='word_1_509' title='bbox 2281 3291 2474 3348; x_wconf 80' lang='lat' dir='ltr'><strong>magna</strong></span> <span class='ocrx_word' id='word_1_510' title='bbox 2503 3280 2698 3344; x_wconf 84' lang='lat' dir='ltr'><strong>mentis</strong></span> <span class='ocrx_word' id='word_1_511' title='bbox 2726 3280 2958 3352; x_wconf 83' lang='lat' dir='ltr'><strong>puritate</strong></span> <span class='ocrx_word' id='word_1_512' title='bbox 2996 3283 3236 3348; x_wconf 82' lang='lat' dir='ltr'><strong>conﬁdit,</strong></span> <span class='ocrx_word' id='word_1_513' title='bbox 3267 3288 3442 3366; x_wconf 80' lang='lat' dir='ltr'><strong>Aspe-</strong></span> 
     </span>
    </p>
   </div>
   <div class='ocr_carea' id='block_1_77' title="bbox 1853 3368 3444 3450">
    <p class='ocr_par' dir='ltr' id='par_1_77' title="bbox 1853 3368 3444 3450">
     <span class='ocr_line' id='line_1_77' title="bbox 1853 3368 3444 3450; baseline 0.01 -26"><span class='ocrx_word' id='word_1_514' title='bbox 1853 3377 1998 3424; x_wconf 91' lang='lat' dir='ltr'><strong>ctum</strong></span> <span class='ocrx_word' id='word_1_515' title='bbox 2022 3368 2150 3427; x_wconf 88' lang='lat' dir='ltr'><strong>solis</strong></span> <span class='ocrx_word' id='word_1_516' title='bbox 2180 3369 2283 3428; x_wconf 88' lang='lat' dir='ltr'><strong>nisi</strong></span> <span class='ocrx_word' id='word_1_517' title='bbox 2303 3371 2450 3437; x_wconf 82' lang='lat' dir='ltr'><strong>clara</strong></span> <span class='ocrx_word' id='word_1_518' title='bbox 2478 3372 2680 3440; x_wconf 80' lang='lat' dir='ltr'><strong>lumina</strong></span> <span class='ocrx_word' id='word_1_519' title='bbox 2713 3390 2818 3438; x_wconf 84' lang='lat' dir='ltr'><strong>non</strong></span> <span class='ocrx_word' id='word_1_520' title='bbox 2862 3378 3162 3448; x_wconf 85' lang='lat' dir='ltr'><strong>requirunt,</strong></span> <span class='ocrx_word' id='word_1_521' title='bbox 3203 3383 3330 3450; x_wconf 81' lang='lat' dir='ltr'><strong>quin</strong></span> <span class='ocrx_word' id='word_1_522' title='bbox 3361 3383 3444 3442; x_wconf 87' lang='lat' dir='ltr'><strong>illi</strong></span> 
     </span>
    </p>
   </div>
   <div class='ocr_carea' id='block_1_78' title="bbox 1853 3463 3443 3543">
    <p class='ocr_par' dir='ltr' id='par_1_78' title="bbox 1853 3463 3443 3543">
     <span class='ocr_line' id='line_1_78' title="bbox 1853 3463 3443 3543; baseline 0.014 -31"><span class='ocrx_word' id='word_1_523' title='bbox 1853 3467 2059 3524; x_wconf 77' lang='lat' dir='ltr'><strong>tantum</strong></span> <span class='ocrx_word' id='word_1_524' title='bbox 2096 3471 2324 3542; x_wconf 86' lang='lat' dir='ltr'><strong>possunt</strong></span> <span class='ocrx_word' id='word_1_525' title='bbox 2367 3463 2649 3530; x_wconf 80' lang='lat' dir='ltr'><strong>rutilantes</strong></span> <span class='ocrx_word' id='word_1_526' title='bbox 2677 3466 2788 3543; x_wconf 84' lang='lat' dir='ltr'><strong>pati</strong></span> <span class='ocrx_word' id='word_1_527' title='bbox 2815 3468 3015 3534; x_wconf 81' lang='lat' dir='ltr'><strong>radios,</strong></span> <span class='ocrx_word' id='word_1_528' title='bbox 3064 3487 3202 3542; x_wconf 82' lang='lat' dir='ltr'><strong>quos</strong></span> <span class='ocrx_word' id='word_1_529' title='bbox 3226 3483 3443 3537; x_wconf 81' lang='lat' dir='ltr'><strong>constat</strong></span> 
     </span>
    </p>
   </div>
   <div class='ocr_carea' id='block_1_79' title="bbox 1851 3545 3440 3638">
    <p class='ocr_par' dir='ltr' id='par_1_79' title="bbox 1851 3545 3440 3638">
     <span class='ocr_line' id='line_1_79' title="bbox 1851 3545 3440 3638; baseline 0.01 -32"><span class='ocrx_word' id='word_1_530' title='bbox 1851 3549 2038 3606; x_wconf 88' lang='lat' dir='ltr'><strong>oculos</strong></span> <span class='ocrx_word' id='word_1_531' title='bbox 2061 3545 2260 3608; x_wconf 85' lang='lat' dir='ltr'><strong>habere</strong></span> <span class='ocrx_word' id='word_1_532' title='bbox 2297 3551 2630 3622; x_wconf 89' lang='lat' dir='ltr'><strong>purissimos.</strong></span> <span class='ocrx_word' id='word_1_533' title='bbox 2659 3554 2750 3620; x_wconf 84' lang='lat' dir='ltr'><strong>Sic</strong></span> <span class='ocrx_word' id='word_1_534' title='bbox 2797 3562 3136 3628; x_wconf 64' lang='lat' dir='ltr'><strong>praesentiam</strong></span> <span class='ocrx_word' id='word_1_535' title='bbox 3181 3566 3440 3638; x_wconf 80' lang='lat' dir='ltr'><strong>principis</strong></span> 
     </span>
    </p>
   </div>
   <div class='ocr_carea' id='block_1_80' title="bbox 1851 3643 3441 3726">
    <p class='ocr_par' dir='ltr' id='par_1_80' title="bbox 1851 3643 3441 3726">
     <span class='ocr_line' id='line_1_80' title="bbox 1851 3643 3441 3726; baseline 0.015 -29"><span class='ocrx_word' id='word_1_536' title='bbox 1851 3643 2097 3698; x_wconf 88' lang='lat' dir='ltr'><strong>ambiunt</strong></span> <span class='ocrx_word' id='word_1_537' title='bbox 2117 3645 2208 3717; x_wconf 86' lang='lat' dir='ltr'><strong>qui</strong></span> <span class='ocrx_word' id='word_1_538' title='bbox 2240 3643 2307 3702; x_wconf 89' lang='lat' dir='ltr'><strong>de</strong></span> <span class='ocrx_word' id='word_1_539' title='bbox 2349 3647 2526 3714; x_wconf 83' lang='lat' dir='ltr'><strong>cordis</strong></span> <span class='ocrx_word' id='word_1_540' title='bbox 2571 3649 2885 3722; x_wconf 81' lang='lat' dir='ltr'><strong>sinceritate</strong></span> <span class='ocrx_word' id='word_1_541' title='bbox 2911 3667 3259 3726; x_wconf 72' lang='lat' dir='ltr'><strong>praesumunt.</strong></span> <span class='ocrx_word' id='word_1_542' title='bbox 3301 3659 3441 3722; x_wconf 82' lang='lat' dir='ltr'><strong>Hinc</strong></span> 
     </span>
    </p>
   </div>
   <div class='ocr_carea' id='block_1_81' title="bbox 1852 3737 3441 3820">
    <p class='ocr_par' dir='ltr' id='par_1_81' title="bbox 1852 3737 3441 3820">
     <span class='ocr_line' id='line_1_81' title="bbox 1852 3737 3441 3820; baseline 0.013 -30"><span class='ocrx_word' id='word_1_543' title='bbox 1852 3742 1935 3791; x_wconf 90' lang='lat' dir='ltr'><strong>est</strong></span> <span class='ocrx_word' id='word_1_544' title='bbox 1959 3737 2101 3808; x_wconf 89' lang='lat' dir='ltr'><strong>quod</strong></span> <span class='ocrx_word' id='word_1_545' title='bbox 2124 3737 2373 3795; x_wconf 84' lang='lat' dir='ltr'><strong>veniendi</strong></span> <span class='ocrx_word' id='word_1_546' title='bbox 2403 3739 2502 3806; x_wconf 81' lang='lat' dir='ltr'><strong>tibi</strong></span> <span class='ocrx_word' id='word_1_547' title='bbox 2547 3737 2614 3806; x_wconf 85' lang='lat' dir='ltr'><strong>ad</strong></span> <span class='ocrx_word' id='word_1_548' title='bbox 2661 3745 2980 3810; x_wconf 76' lang='lat' dir='ltr'><strong>comitatum</strong></span> <span class='ocrx_word' id='word_1_549' title='bbox 3011 3747 3260 3814; x_wconf 67' lang='lat' dir='ltr'><strong>ﬁduciam</strong></span> <span class='ocrx_word' id='word_1_550' title='bbox 3283 3761 3441 3820; x_wconf 77' lang='lat' dir='ltr'><strong>grata</strong></span> 
     </span>
    </p>
   </div>
   <div class='ocr_carea' id='block_1_82' title="bbox 1852 3829 3442 3910">
    <p class='ocr_par' dir='ltr' id='par_1_82' title="bbox 1852 3829 3442 3910">
     <span class='ocr_line' id='line_1_82' title="bbox 1852 3829 3442 3910; baseline 0.008 -29"><span class='ocrx_word' id='word_1_551' title='bbox 1852 3836 2033 3894; x_wconf 82' lang='lat' dir='ltr'><strong>mente</strong></span> <span class='ocrx_word' id='word_1_552' title='bbox 2060 3829 2338 3910; x_wconf 73' lang='lat' dir='ltr'><strong>largimur,</strong></span> <span class='ocrx_word' id='word_1_553' title='bbox 2381 3845 2453 3910; x_wconf 83' lang='lat' dir='ltr'><strong>ne</strong></span> <span class='ocrx_word' id='word_1_554' title='bbox 2480 3831 2658 3892; x_wconf 88' lang='lat' dir='ltr'><strong>honor</strong></span> <span class='ocrx_word' id='word_1_555' title='bbox 2691 3837 3048 3906; x_wconf 84' lang='lat' dir='ltr'><strong>evocationis,</strong></span> <span class='ocrx_word' id='word_1_556' title='bbox 3077 3840 3170 3908; x_wconf 85' lang='lat' dir='ltr'><strong>qui</strong></span> <span class='ocrx_word' id='word_1_557' title='bbox 3209 3855 3312 3910; x_wconf 86' lang='lat' dir='ltr'><strong>pro</strong></span> <span class='ocrx_word' id='word_1_558' title='bbox 3340 3857 3442 3902; x_wconf 63' lang='lat' dir='ltr'><strong>no.-</strong></span> 
     </span>
    </p>
   </div>
   <div class='ocr_carea' id='block_1_83' title="bbox 1852 3915 3438 3999">
    <p class='ocr_par' dir='ltr' id='par_1_83' title="bbox 1852 3915 3438 3999">
     <span class='ocr_line' id='line_1_83' title="bbox 1852 3915 3438 3999; baseline 0.014 -30"><span class='ocrx_word' id='word_1_559' title='bbox 1852 3922 1963 3970; x_wconf 88' lang='lat' dir='ltr'><strong>stra</strong></span> <span class='ocrx_word' id='word_1_560' title='bbox 1990 3915 2158 3986; x_wconf 78' lang='lat' dir='ltr'><strong>gloria</strong></span> <span class='ocrx_word' id='word_1_561' title='bbox 2183 3927 2397 3984; x_wconf 83' lang='lat' dir='ltr'><strong>constat</strong></span> <span class='ocrx_word' id='word_1_562' title='bbox 2423 3919 2692 3992; x_wconf 73' lang='lat' dir='ltr'><strong>inventus.</strong></span> <span class='ocrx_word' id='word_1_563' title='bbox 2724 3924 2791 3986; x_wconf 81' lang='lat' dir='ltr'><strong>ad</strong></span> <span class='ocrx_word' id='word_1_564' title='bbox 2807 3925 3055 3996; x_wconf 76' lang='lat' dir='ltr'><strong>iniuriam</strong></span> <span class='ocrx_word' id='word_1_565' title='bbox 3072 3937 3438 3999; x_wconf 80' lang='lat' dir='ltr'><strong>convertatur.</strong></span> 
     </span>
    </p>
   </div>
   <div class='ocr_carea' id='block_1_84' title="bbox 1853 4007 3442 4093">
    <p class='ocr_par' dir='ltr' id='par_1_84' title="bbox 1853 4007 3442 4093">
     <span class='ocr_line' id='line_1_84' title="bbox 1853 4007 3442 4093; baseline 0.013 -29"><span class='ocrx_word' id='word_1_566' title='bbox 1853 4007 1979 4078; x_wconf 86' lang='lat' dir='ltr'><strong>dum</strong></span> <span class='ocrx_word' id='word_1_567' title='bbox 2009 4011 2186 4084; x_wconf 86' lang='lat' dir='ltr'><strong>aliqua</strong></span> <span class='ocrx_word' id='word_1_568' title='bbox 2207 4012 2368 4080; x_wconf 83' lang='lat' dir='ltr'><strong>fuerit</strong></span> <span class='ocrx_word' id='word_1_569' title='bbox 2395 4015 2654 4080; x_wconf 86' lang='lat' dir='ltr'><strong>dilatione</strong></span> <span class='ocrx_word' id='word_1_570' title='bbox 2681 4018 2944 4082; x_wconf 75' lang='lat' dir='ltr'><strong>tardatus.</strong></span> <span class='ocrx_word' id='word_1_571' title='bbox 2967 4019 3256 4087; x_wconf 71' lang='lat' dir='ltr'><strong>invitemus</strong></span> <span class='ocrx_word' id='word_1_572' title='bbox 3283 4025 3442 4093; x_wconf 82' lang='lat' dir='ltr'><strong>quin—</strong></span> 
     </span>
    </p>
   </div>
   <div class='ocr_carea' id='block_1_85' title="bbox 1854 4101 3440 4186">
    <p class='ocr_par' dir='ltr' id='par_1_85' title="bbox 1854 4101 3440 4186">
     <span class='ocr_line' id='line_1_85' title="bbox 1854 4101 3440 4186; baseline 0.009 -29"><span class='ocrx_word' id='word_1_573' title='bbox 1854 4101 1962 4158; x_wconf 90' lang='lat' dir='ltr'><strong>imo</strong></span> <span class='ocrx_word' id='word_1_574' title='bbox 1990 4101 2255 4170; x_wconf 87' lang='lat' dir='ltr'><strong>desideria</strong></span> <span class='ocrx_word' id='word_1_575' title='bbox 2269 4107 2618 4177; x_wconf 75' lang='lat' dir='ltr'><strong>venientium.</strong></span> <span class='ocrx_word' id='word_1_576' title='bbox 2637 4111 2764 4180; x_wconf 68' lang='lat' dir='ltr'><strong>Quia</strong></span> <span class='ocrx_word' id='word_1_577' title='bbox 2791 4110 2916 4176; x_wconf 77' lang='lat' dir='ltr'><strong>inde</strong></span> <span class='ocrx_word' id='word_1_578' title='bbox 2941 4114 3440 4186; x_wconf 76' lang='lat' dir='ltr'><strong>magiscrescimus,</strong></span> 
     </span>
    </p>
   </div>
   <div class='ocr_carea' id='block_1_86' title="bbox 1853 4193 3217 4275">
    <p class='ocr_par' dir='ltr' id='par_1_86' title="bbox 1853 4193 3217 4275">
     <span class='ocr_line' id='line_1_86' title="bbox 1853 4193 3217 4275; baseline 0.001 -10"><span class='ocrx_word' id='word_1_579' title='bbox 1853 4193 1900 4265; x_wconf 77' lang='lat' dir='ltr'><strong>si</strong></span> <span class='ocrx_word' id='word_1_580' title='bbox 1927 4195 2073 4264; x_wconf 79' lang='lat' dir='ltr'><strong>viros</strong></span> <span class='ocrx_word' id='word_1_581' title='bbox 2092 4195 2299 4264; x_wconf 82' lang='lat' dir='ltr'><strong>nobiles</strong></span> <span class='ocrx_word' id='word_1_582' title='bbox 2324 4199 2524 4268; x_wconf 70' lang='lat' dir='ltr'><strong>nostris</strong></span> <span class='ocrx_word' id='word_1_583' title='bbox 2551 4200 2823 4273; x_wconf 73' lang='lat' dir='ltr'><strong>obsequiis</strong></span> <span class='ocrx_word' id='word_1_584' title='bbox 2849 4211 3217 4275; x_wconf 61' lang='lat' dir='ltr'><strong>alimonium</strong></span> 
     </span>
    </p>
   </div>
   <div class='ocr_carea' id='block_1_87' title="bbox 2169 4305 3130 4376">
    <p class='ocr_par' dir='ltr' id='par_1_87' title="bbox 2169 4305 3130 4376">
     <span class='ocr_line' id='line_1_87' title="bbox 2169 4305 3130 4376; baseline 0.014 -14"><span class='ocrx_word' id='word_1_585' title='bbox 2169 4305 2406 4375; x_wconf 73' lang='lat' dir='ltr'><strong>XXXVI.</strong></span> <span class='ocrx_word' id='word_1_586' title='bbox 2446 4323 2696 4370; x_wconf 69' lang='lat' dir='ltr'><strong>renitens</strong></span> <span class='ocrx_word' id='word_1_587' title='bbox 2733 4314 3130 4376; x_wconf 69' lang='lat' dir='ltr'><strong>ODIIEAIAIJI.</strong></span> 
     </span>
    </p>
   </div>
   <div class='ocr_carea' id='block_1_88' title="bbox 1926 4398 3445 4488">
    <p class='ocr_par' dir='ltr' id='par_1_88' title="bbox 1926 4398 3445 4488">
     <span class='ocr_line' id='line_1_88' title="bbox 1926 4398 3445 4488; baseline 0.012 -34"><span class='ocrx_word' id='word_1_588' title='bbox 1926 4398 2096 4460; x_wconf 74' lang='lat' dir='ltr'><strong>Nemo</strong></span> <span class='ocrx_word' id='word_1_589' title='bbox 2117 4399 2326 4464; x_wconf 81' lang='lat' dir='ltr'><strong>dubitat</strong></span> <span class='ocrx_word' id='word_1_590' title='bbox 2352 4403 2599 4462; x_wconf 79' lang='lat' dir='ltr'><strong>homines</strong></span> <span class='ocrx_word' id='word_1_591' title='bbox 2625 4420 2722 4460; x_wconf 82' lang='lat' dir='ltr'><strong>sua</strong></span> <span class='ocrx_word' id='word_1_592' title='bbox 2747 4407 3010 4470; x_wconf 78' lang='lat' dir='ltr'><strong>varietate</strong></span> <span class='ocrx_word' id='word_1_593' title='bbox 3037 4412 3292 4479; x_wconf 84' lang='lat' dir='ltr'><strong>recreari,</strong></span> <span class='ocrx_word' id='word_1_594' title='bbox 3317 4415 3445 4488; x_wconf 83' lang='lat' dir='ltr'><strong>quia</strong></span> 
     </span>
    </p>
   </div>
   <div class='ocr_carea' id='block_1_89' title="bbox 1859 4490 3451 4567">
    <p class='ocr_par' dir='ltr' id='par_1_89' title="bbox 1859 4490 3451 4567">
     <span class='ocr_line' id='line_1_89' title="bbox 1859 4490 3451 4567; baseline 0.007 -15"><span class='ocrx_word' id='word_1_595' title='bbox 1859 4490 1914 4556; x_wconf 79' lang='lat' dir='ltr'><strong>in</strong></span> <span class='ocrx_word' id='word_1_596' title='bbox 1941 4491 2350 4556; x_wconf 69' lang='lat' dir='ltr'><strong>continuatione</strong></span> <span class='ocrx_word' id='word_1_597' title='bbox 2396 4509 2580 4553; x_wconf 83' lang='lat' dir='ltr'><strong>rerum</strong></span> <span class='ocrx_word' id='word_1_598' title='bbox 2623 4507 2880 4567; x_wconf 79' lang='lat' dir='ltr'><strong>magnum</strong></span> <span class='ocrx_word' id='word_1_599' title='bbox 2923 4501 3196 4558; x_wconf 82' lang='lat' dir='ltr'><strong>mentibus</strong></span> <span class='ocrx_word' id='word_1_600' title='bbox 3232 4515 3451 4563; x_wconf 85' lang='lat' dir='ltr'><strong>constat</strong></span> 
     </span>
    </p>
   </div>
   <div class='ocr_carea' id='block_1_90' title="bbox 162 4571 3450 4670">
    <p class='ocr_par' dir='ltr' id='par_1_90' title="bbox 162 4571 3450 4670">
     <span class='ocr_line' id='line_1_90' title="bbox 162 4571 3450 4670; baseline 0.008 -41"><span class='ocrx_word' id='word_1_601' title='bbox 162 4573 360 4642; x_wconf 86' lang='lat' dir='ltr'><strong>borum</strong></span> <span class='ocrx_word' id='word_1_602' title='bbox 401 4571 664 4670; x_wconf 76' lang='lat' dir='ltr'><strong>vocabula</strong></span> <span class='ocrx_word' id='word_1_603' title='bbox 719 4583 1096 4670; x_wconf 80' lang='lat' dir='ltr'><strong>competenter</strong></span> <span class='ocrx_word' id='word_1_604' title='bbox 1145 4576 1214 4670; x_wconf 77' lang='lat' dir='ltr'><strong>ab</strong></span> <span class='ocrx_word' id='word_1_605' title='bbox 1262 4577 1471 4648; x_wconf 89' lang='lat' dir='ltr'><strong>origine</strong></span> <span class='ocrx_word' id='word_1_606' title='bbox 1513 4578 1751 4670; x_wconf 82' lang='lat' dir='ltr'><strong>trahens,</strong></span> <span class='ocrx_word' id='word_1_607' title='bbox 1781 4597 1978 4670; x_wconf 68' lang='lat' dir='ltr'><strong>nesse</strong></span> <span class='ocrx_word' id='word_1_608' title='bbox 2005 4583 2298 4652; x_wconf 74' lang='lat' dir='ltr'><strong>fastidium.</strong></span> <span class='ocrx_word' id='word_1_609' title='bbox 2328 4585 2564 4646; x_wconf 84' lang='lat' dir='ltr'><strong>Dulcedo</strong></span> <span class='ocrx_word' id='word_1_610' title='bbox 2603 4586 2804 4659; x_wconf 81' lang='lat' dir='ltr'><strong>mellis,</strong></span> <span class='ocrx_word' id='word_1_611' title='bbox 2845 4591 2897 4647; x_wconf 89' lang='lat' dir='ltr'><strong>si</strong></span> <span class='ocrx_word' id='word_1_612' title='bbox 2942 4593 3157 4650; x_wconf 85' lang='lat' dir='ltr'><strong>assidue</strong></span> <span class='ocrx_word' id='word_1_613' title='bbox 3183 4601 3450 4669; x_wconf 82' lang='lat' dir='ltr'><strong>suniatur,</strong></span> 
     </span>
    </p>
   </div>
   <div class='ocr_carea' id='block_1_91' title="bbox 167 4661 1756 4752">
    <p class='ocr_par' dir='ltr' id='par_1_91' title="bbox 167 4661 1756 4752">
     <span class='ocr_line' id='line_1_91' title="bbox 167 4661 1756 4752; baseline 0.006 -34"><span class='ocrx_word' id='word_1_614' title='bbox 167 4661 551 4752; x_wconf 85' lang='lat' dir='ltr'><strong>compendium</strong></span> <span class='ocrx_word' id='word_1_615' title='bbox 583 4671 641 4732; x_wconf 74' lang='lat' dir='ltr'><strong>et</strong></span> <span class='ocrx_word' id='word_1_616' title='bbox 685 4663 1025 4744; x_wconf 85' lang='lat' dir='ltr'><strong>dispendium</strong></span> <span class='ocrx_word' id='word_1_617' title='bbox 1073 4665 1298 4747; x_wconf 85' lang='lat' dir='ltr'><strong>pulchre</strong></span> <span class='ocrx_word' id='word_1_618' title='bbox 1325 4668 1581 4729; x_wconf 88' lang='lat' dir='ltr'><strong>vocitavit</strong></span> <span class='ocrx_word' id='word_1_619' title='bbox 1618 4667 1756 4732; x_wconf 85' lang='lat' dir='ltr'><strong>anti-</strong></span> 
     </span>
    </p>
   </div>
   <div class='ocr_carea' id='block_1_92' title="bbox 166 4754 1756 4841">
    <p class='ocr_par' dir='ltr' id='par_1_92' title="bbox 166 4754 1756 4841">
     <span class='ocr_line' id='line_1_92' title="bbox 166 4754 1756 4841; baseline 0.005 -32"><span class='ocrx_word' id='word_1_620' title='bbox 166 4755 364 4824; x_wconf 85' lang='lat' dir='ltr'><strong>quitas.</strong></span> <span class='ocrx_word' id='word_1_621' title='bbox 416 4754 647 4811; x_wconf 90' lang='lat' dir='ltr'><strong>Pecunia</strong></span> <span class='ocrx_word' id='word_1_622' title='bbox 702 4755 846 4824; x_wconf 74' lang='lat' dir='ltr'><strong>enim</strong></span> <span class='ocrx_word' id='word_1_623' title='bbox 898 4772 929 4813; x_wconf 91' lang='lat' dir='ltr'><strong>a</strong></span> <span class='ocrx_word' id='word_1_624' title='bbox 983 4759 1204 4841; x_wconf 80' lang='lat' dir='ltr'><strong>pecudis</strong></span> <span class='ocrx_word' id='word_1_625' title='bbox 1253 4767 1406 4841; x_wconf 81' lang='lat' dir='ltr'><strong>tergo</strong></span> <span class='ocrx_word' id='word_1_626' title='bbox 1458 4760 1756 4837; x_wconf 77' lang='lat' dir='ltr'><strong>nominata,</strong></span> 
     </span>
    </p>
   </div>
   <div class='ocr_carea' id='block_1_93' title="bbox 168 4839 1761 4923">
    <p class='ocr_par' dir='ltr' id='par_1_93' title="bbox 168 4839 1761 4923">
     <span class='ocr_line' id='line_1_93' title="bbox 168 4839 1761 4923; baseline 0.004 -20"><span class='ocrx_word' id='word_1_627' title='bbox 168 4845 334 4905; x_wconf 79' lang='lat' dir='ltr'><strong>Gallis</strong></span> <span class='ocrx_word' id='word_1_628' title='bbox 362 4850 690 4916; x_wconf 89' lang='lat' dir='ltr'><strong>auctoribus,</strong></span> <span class='ocrx_word' id='word_1_629' title='bbox 718 4850 836 4906; x_wconf 90' lang='lat' dir='ltr'><strong>sine</strong></span> <span class='ocrx_word' id='word_1_630' title='bbox 864 4839 1044 4922; x_wconf 81' lang='lat' dir='ltr'><strong>aliquo</strong></span> <span class='ocrx_word' id='word_1_631' title='bbox 1069 4852 1245 4909; x_wconf 88' lang='lat' dir='ltr'><strong>adhuc</strong></span> <span class='ocrx_word' id='word_1_632' title='bbox 1271 4839 1424 4923; x_wconf 87' lang='lat' dir='ltr'><strong>signo</strong></span> <span class='ocrx_word' id='word_1_633' title='bbox 1451 4853 1521 4909; x_wconf 89' lang='lat' dir='ltr'><strong>ad</strong></span> <span class='ocrx_word' id='word_1_634' title='bbox 1542 4855 1761 4910; x_wconf 86' lang='lat' dir='ltr'><strong>metalla</strong></span> 
     </span>
    </p>
   </div>
   <div class='ocr_carea' id='block_1_94' title="bbox 172 4940 1760 5019">
    <p class='ocr_par' dir='ltr' id='par_1_94' title="bbox 172 4940 1760 5019">
     <span class='ocr_line' id='line_1_94' title="bbox 172 4940 1760 5019; baseline 0.005 -25"><span class='ocrx_word' id='word_1_635' title='bbox 172 4940 429 5008; x_wconf 83' lang='lat' dir='ltr'><strong>translata</strong></span> <span class='ocrx_word' id='word_1_636' title='bbox 473 4947 576 4998; x_wconf 90' lang='lat' dir='ltr'><strong>est.</strong></span> <span class='ocrx_word' id='word_1_637' title='bbox 633 4942 805 5017; x_wconf 80' lang='lat' dir='ltr'><strong>Quam</strong></span> <span class='ocrx_word' id='word_1_638' title='bbox 860 4959 970 5000; x_wconf 89' lang='lat' dir='ltr'><strong>non</strong></span> <span class='ocrx_word' id='word_1_639' title='bbox 1019 4944 1249 5004; x_wconf 83' lang='lat' dir='ltr'><strong>sinimus</strong></span> <span class='ocrx_word' id='word_1_640' title='bbox 1297 4945 1579 5012; x_wconf 69' lang='lat' dir='ltr'><strong>[aeculenta</strong></span> <span class='ocrx_word' id='word_1_641' title='bbox 1631 4961 1760 5019; x_wconf 85' lang='lat' dir='ltr'><strong>per-</strong></span> 
     </span>
    </p>
   </div>
   <div class='ocr_carea' id='block_1_95' title="bbox 171 5029 1767 5104">
    <p class='ocr_par' dir='ltr' id='par_1_95' title="bbox 171 5029 1767 5104">
     <span class='ocr_line' id='line_1_95' title="bbox 171 5029 1767 5104; baseline 0.004 -16"><span class='ocrx_word' id='word_1_642' title='bbox 171 5029 433 5098; x_wconf 75' lang='lat' dir='ltr'><strong>mixtione</strong></span> <span class='ocrx_word' id='word_1_643' title='bbox 472 5031 590 5098; x_wconf 77' lang='lat' dir='ltr'><strong>iicri</strong></span> <span class='ocrx_word' id='word_1_644' title='bbox 635 5034 1135 5104; x_wconf 82' lang='lat' dir='ltr'><strong>contemptibilem,</strong></span> <span class='ocrx_word' id='word_1_645' title='bbox 1182 5051 1251 5092; x_wconf 89' lang='lat' dir='ltr'><strong>ne</strong></span> <span class='ocrx_word' id='word_1_646' title='bbox 1294 5037 1487 5093; x_wconf 89' lang='lat' dir='ltr'><strong>iterum</strong></span> <span class='ocrx_word' id='word_1_647' title='bbox 1534 5039 1588 5094; x_wconf 91' lang='lat' dir='ltr'><strong>in</strong></span> <span class='ocrx_word' id='word_1_648' title='bbox 1628 5038 1767 5094; x_wconf 89' lang='lat' dir='ltr'><strong>anti-</strong></span> 
     </span>
    </p>
   </div>
   <div class='ocr_carea' id='block_1_96' title="bbox 171 5108 1764 5206">
    <p class='ocr_par' dir='ltr' id='par_1_96' title="bbox 171 5108 1764 5206">
     <span class='ocr_line' id='line_1_96' title="bbox 171 5108 1764 5206; baseline 0.004 -29"><span class='ocrx_word' id='word_1_649' title='bbox 171 5136 333 5191; x_wconf 85' lang='lat' dir='ltr'><strong>quam</strong></span> <span class='ocrx_word' id='word_1_650' title='bbox 358 5108 717 5193; x_wconf 70' lang='lat' dir='ltr'><strong>cognoscatur</strong></span> <span class='ocrx_word' id='word_1_651' title='bbox 743 5124 919 5180; x_wconf 89' lang='lat' dir='ltr'><strong>redire</strong></span> <span class='ocrx_word' id='word_1_652' title='bbox 940 5125 1223 5182; x_wconf 87' lang='lat' dir='ltr'><strong>vilitatem.</strong></span> <span class='ocrx_word' id='word_1_653' title='bbox 1252 5126 1487 5184; x_wconf 87' lang='lat' dir='ltr'><strong>Proinde</strong></span> <span class='ocrx_word' id='word_1_654' title='bbox 1509 5135 1584 5206; x_wconf 88' lang='lat' dir='ltr'><strong>te,</strong></span> <span class='ocrx_word' id='word_1_655' title='bbox 1607 5127 1764 5200; x_wconf 86' lang='lat' dir='ltr'><strong>cujus</strong></span> 
     </span>
    </p>
   </div>
   <div class='ocr_carea' id='block_1_97' title="bbox 176 5212 1767 5289">
    <p class='ocr_par' dir='ltr' id='par_1_97' title="bbox 176 5212 1767 5289">
     <span class='ocr_line' id='line_1_97' title="bbox 176 5212 1767 5289; baseline 0.004 -20"><span class='ocrx_word' id='word_1_656' title='bbox 176 5213 334 5270; x_wconf 87' lang='lat' dir='ltr'><strong>nobis</strong></span> <span class='ocrx_word' id='word_1_657' title='bbox 379 5212 597 5284; x_wconf 77' lang='lat' dir='ltr'><strong>laudata</strong></span> <span class='ocrx_word' id='word_1_658' title='bbox 636 5224 720 5272; x_wconf 89' lang='lat' dir='ltr'><strong>est</strong></span> <span class='ocrx_word' id='word_1_659' title='bbox 759 5215 1039 5286; x_wconf 86' lang='lat' dir='ltr'><strong>integritas</strong></span> <span class='ocrx_word' id='word_1_660' title='bbox 1086 5219 1336 5289; x_wconf 88' lang='lat' dir='ltr'><strong>actionis,</strong></span> <span class='ocrx_word' id='word_1_661' title='bbox 1385 5221 1453 5284; x_wconf 84' lang='lat' dir='ltr'><strong>ab</strong></span> <span class='ocrx_word' id='word_1_662' title='bbox 1498 5219 1590 5288; x_wconf 80' lang='lat' dir='ltr'><strong>illa</strong></span> <span class='ocrx_word' id='word_1_663' title='bbox 1627 5219 1767 5279; x_wconf 85' lang='lat' dir='ltr'><strong>indi-</strong></span> 
     </span>
    </p>
   </div>
   <div class='ocr_carea' id='block_1_98' title="bbox 176 5308 1764 5384">
    <p class='ocr_par' dir='ltr' id='par_1_98' title="bbox 176 5308 1764 5384">
     <span class='ocr_line' id='line_1_98' title="bbox 176 5308 1764 5384; baseline 0.004 -22"><span class='ocrx_word' id='word_1_664' title='bbox 176 5308 356 5363; x_wconf 88' lang='lat' dir='ltr'><strong>ctione</strong></span> <span class='ocrx_word' id='word_1_665' title='bbox 383 5323 479 5379; x_wconf 86' lang='lat' dir='ltr'><strong>per</strong></span> <span class='ocrx_word' id='word_1_666' title='bbox 511 5309 642 5384; x_wconf 73' lang='lat' dir='ltr'><strong>iuge</strong></span> <span class='ocrx_word' id='word_1_667' title='bbox 687 5309 1116 5380; x_wconf 82' lang='lat' dir='ltr'><strong>quinquennium</strong></span> <span class='ocrx_word' id='word_1_668' title='bbox 1159 5322 1392 5371; x_wconf 72' lang='lat' dir='ltr'><strong>monetae</strong></span> <span class='ocrx_word' id='word_1_669' title='bbox 1437 5328 1622 5369; x_wconf 82' lang='lat' dir='ltr'><strong>curam</strong></span> <span class='ocrx_word' id='word_1_670' title='bbox 1647 5313 1764 5383; x_wconf 40' lang='lat' dir='ltr'><strong>.ha-</strong></span> 
     </span>
    </p>
   </div>
   <div class='ocr_carea' id='block_1_99' title="bbox 175 5399 1764 5482">
    <p class='ocr_par' dir='ltr' id='par_1_99' title="bbox 175 5399 1764 5482">
     <span class='ocr_line' id='line_1_99' title="bbox 175 5399 1764 5482; baseline 0.003 -25"><span class='ocrx_word' id='word_1_671' title='bbox 175 5399 306 5458; x_wconf 88' lang='lat' dir='ltr'><strong>bere</strong></span> <span class='ocrx_word' id='word_1_672' title='bbox 326 5403 686 5473; x_wconf 64' lang='lat' dir='ltr'><strong>praecipimus,</strong></span> <span class='ocrx_word' id='word_1_673' title='bbox 729 5417 889 5474; x_wconf 87' lang='lat' dir='ltr'><strong>quam</strong></span> <span class='ocrx_word' id='word_1_674' title='bbox 928 5404 1150 5462; x_wconf 83' lang='lat' dir='ltr'><strong>Servius</strong></span> <span class='ocrx_word' id='word_1_675' title='bbox 1187 5411 1285 5464; x_wconf 85' lang='lat' dir='ltr'><strong>rex</strong></span> <span class='ocrx_word' id='word_1_676' title='bbox 1309 5407 1360 5462; x_wconf 86' lang='lat' dir='ltr'><strong>in</strong></span> <span class='ocrx_word' id='word_1_677' title='bbox 1388 5423 1496 5463; x_wconf 83' lang='lat' dir='ltr'><strong>aere</strong></span> <span class='ocrx_word' id='word_1_678' title='bbox 1532 5405 1764 5482; x_wconf 82' lang='lat' dir='ltr'><strong>primum</strong></span> 
     </span>
    </p>
   </div>
   <div class='ocr_carea' id='block_1_100' title="bbox 176 5493 1764 5576">
    <p class='ocr_par' dir='ltr' id='par_1_100' title="bbox 176 5493 1764 5576">
     <span class='ocr_line' id='line_1_100' title="bbox 176 5493 1764 5576; baseline 0.008 -29"><span class='ocrx_word' id='word_1_679' title='bbox 176 5493 512 5565; x_wconf 89' lang='lat' dir='ltr'><strong>impressisse</strong></span> <span class='ocrx_word' id='word_1_680' title='bbox 538 5497 886 5570; x_wconf 87' lang='lat' dir='ltr'><strong>perhibetur;</strong></span> <span class='ocrx_word' id='word_1_681' title='bbox 916 5500 990 5563; x_wconf 86' lang='lat' dir='ltr'><strong>ita</strong></span> <span class='ocrx_word' id='word_1_682' title='bbox 1023 5505 1083 5562; x_wconf 84' lang='lat' dir='ltr'><strong>ut</strong></span> <span class='ocrx_word' id='word_1_683' title='bbox 1112 5495 1204 5567; x_wconf 67' lang='lat' dir='ltr'><strong>tuo</strong></span> <span class='ocrx_word' id='word_1_684' title='bbox 1252 5503 1495 5576; x_wconf 86' lang='lat' dir='ltr'><strong>periculo</strong></span> <span class='ocrx_word' id='word_1_685' title='bbox 1525 5519 1632 5562; x_wconf 85' lang='lat' dir='ltr'><strong>non</strong></span> <span class='ocrx_word' id='word_1_686' title='bbox 1662 5501 1764 5562; x_wconf 87' lang='lat' dir='ltr'><strong>du-</strong></span> 
     </span>
    </p>
   </div>
   <div class='ocr_carea' id='block_1_101' title="bbox 177 5586 1764 5666">
    <p class='ocr_par' dir='ltr' id='par_1_101' title="bbox 177 5586 1764 5666">
     <span class='ocr_line' id='line_1_101' title="bbox 177 5586 1764 5666; baseline 0.009 -27"><span class='ocrx_word' id='word_1_687' title='bbox 177 5586 314 5644; x_wconf 90' lang='lat' dir='ltr'><strong>bites</strong></span> <span class='ocrx_word' id='word_1_688' title='bbox 342 5586 529 5658; x_wconf 60' lang='lat' dir='ltr'><strong>quaeri,</strong></span> <span class='ocrx_word' id='word_1_689' title='bbox 556 5588 603 5646; x_wconf 89' lang='lat' dir='ltr'><strong>si</strong></span> <span class='ocrx_word' id='word_1_690' title='bbox 649 5589 775 5661; x_wconf 84' lang='lat' dir='ltr'><strong>quid</strong></span> <span class='ocrx_word' id='word_1_691' title='bbox 805 5591 860 5650; x_wconf 90' lang='lat' dir='ltr'><strong>in</strong></span> <span class='ocrx_word' id='word_1_692' title='bbox 889 5592 980 5652; x_wconf 82' lang='lat' dir='ltr'><strong>illa</strong></span> <span class='ocrx_word' id='word_1_693' title='bbox 1009 5591 1213 5656; x_wconf 72' lang='lat' dir='ltr'><strong>fraudis</strong></span> <span class='ocrx_word' id='word_1_694' title='bbox 1249 5597 1487 5666; x_wconf 90' lang='lat' dir='ltr'><strong>potuerit</strong></span> <span class='ocrx_word' id='word_1_695' title='bbox 1514 5595 1764 5653; x_wconf 87' lang='lat' dir='ltr'><strong>inveniri.</strong></span> 
     </span>
    </p>
   </div>
   <div class='ocr_carea' id='block_1_102' title="bbox 177 5676 1766 5765">
    <p class='ocr_par' dir='ltr' id='par_1_102' title="bbox 177 5676 1766 5765">
     <span class='ocr_line' id='line_1_102' title="bbox 177 5676 1766 5765; baseline 0.011 -35"><span class='ocrx_word' id='word_1_696' title='bbox 177 5676 310 5733; x_wconf 85' lang='lat' dir='ltr'><strong>Nam</strong></span> <span class='ocrx_word' id='word_1_697' title='bbox 333 5680 474 5736; x_wconf 91' lang='lat' dir='ltr'><strong>sicut</strong></span> <span class='ocrx_word' id='word_1_698' title='bbox 497 5696 654 5737; x_wconf 88' lang='lat' dir='ltr'><strong>casus</strong></span> <span class='ocrx_word' id='word_1_699' title='bbox 682 5697 903 5755; x_wconf 87' lang='lat' dir='ltr'><strong>asperos</strong></span> <span class='ocrx_word' id='word_1_700' title='bbox 931 5687 1156 5755; x_wconf 89' lang='lat' dir='ltr'><strong>subibis,</strong></span> <span class='ocrx_word' id='word_1_701' title='bbox 1191 5689 1236 5744; x_wconf 91' lang='lat' dir='ltr'><strong>si</strong></span> <span class='ocrx_word' id='word_1_702' title='bbox 1257 5685 1386 5765; x_wconf 87' lang='lat' dir='ltr'><strong>quid</strong></span> <span class='ocrx_word' id='word_1_703' title='bbox 1417 5689 1645 5747; x_wconf 82' lang='lat' dir='ltr'><strong>fortasse</strong></span> <span class='ocrx_word' id='word_1_704' title='bbox 1675 5690 1766 5747; x_wconf 49' lang='lat' dir='ltr'><strong>de.</strong></span> 
     </span>
    </p>
   </div>
   <div class='ocr_carea' id='block_1_103' title="bbox 179 5767 1766 5858">
    <p class='ocr_par' dir='ltr' id='par_1_103' title="bbox 179 5767 1766 5858">
     <span class='ocr_line' id='line_1_103' title="bbox 179 5767 1766 5858; baseline 0.017 -36"><span class='ocrx_word' id='word_1_705' title='bbox 179 5767 418 5858; x_wconf 86' lang='lat' dir='ltr'><strong>liqueris,</strong></span> <span class='ocrx_word' id='word_1_706' title='bbox 451 5773 524 5828; x_wconf 86' lang='lat' dir='ltr'><strong>ita</strong></span> <span class='ocrx_word' id='word_1_707' title='bbox 571 5774 1024 5836; x_wconf 86' lang='lat' dir='ltr'><strong>irremuneratum</strong></span> <span class='ocrx_word' id='word_1_708' title='bbox 1065 5796 1176 5840; x_wconf 88' lang='lat' dir='ltr'><strong>non</strong></span> <span class='ocrx_word' id='word_1_709' title='bbox 1221 5783 1594 5858; x_wconf 76' lang='lat' dir='ltr'><strong>relinquimus,</strong></span> <span class='ocrx_word' id='word_1_710' title='bbox 1637 5787 1686 5848; x_wconf 82' lang='lat' dir='ltr'><strong>si</strong></span> <span class='ocrx_word' id='word_1_711' title='bbox 1711 5795 1766 5856; x_wconf 85' lang='lat' dir='ltr'><strong>te</strong></span> 
     </span>
    </p>
   </div>
   <div class='ocr_carea' id='block_1_104' title="bbox 183 5857 1145 5946">
    <p class='ocr_par' dir='ltr' id='par_1_104' title="bbox 183 5857 1145 5946">
     <span class='ocr_line' id='line_1_104' title="bbox 183 5857 1145 5946; baseline 0.028 -36"><span class='ocrx_word' id='word_1_712' title='bbox 183 5857 351 5940; x_wconf 77' lang='lat' dir='ltr'><strong>egisse</strong></span> <span class='ocrx_word' id='word_1_713' title='bbox 380 5861 776 5946; x_wconf 86' lang='lat' dir='ltr'><strong>inculpabiliter</strong></span> <span class='ocrx_word' id='word_1_714' title='bbox 795 5869 1145 5940; x_wconf 75' lang='lat' dir='ltr'><strong>senserimus.</strong></span> 
     </span>
    </p>
   </div>
   <div class='ocr_carea' id='block_1_105' title="bbox 1859 4676 3452 4760">
    <p class='ocr_par' dir='ltr' id='par_1_105' title="bbox 1859 4676 3452 4760">
     <span class='ocr_line' id='line_1_105' title="bbox 1859 4676 3452 4760; baseline 0.01 -26"><span class='ocrx_word' id='word_1_715' title='bbox 1859 4676 2127 4740; x_wconf 78' lang='lat' dir='ltr'><strong>horrescit</strong></span> <span class='ocrx_word' id='word_1_716' title='bbox 2155 4695 2169 4734; x_wconf 85' lang='lat'><strong><em>:</em></strong></span> <span class='ocrx_word' id='word_1_717' title='bbox 2198 4693 2390 4738; x_wconf 81' lang='lat' dir='ltr'><strong>serena</strong></span> <span class='ocrx_word' id='word_1_718' title='bbox 2417 4680 2557 4751; x_wconf 84' lang='lat' dir='ltr'><strong>ipsa,</strong></span> <span class='ocrx_word' id='word_1_719' title='bbox 2580 4684 2826 4752; x_wconf 82' lang='lat' dir='ltr'><strong>quamvis</strong></span> <span class='ocrx_word' id='word_1_720' title='bbox 2869 4698 3201 4760; x_wconf 72' lang='lat' dir='ltr'><strong>magnopere</strong></span> <span class='ocrx_word' id='word_1_721' title='bbox 3237 4689 3452 4750; x_wconf 85' lang='lat' dir='ltr'><strong>deside-</strong></span> 
     </span>
    </p>
   </div>
   <div class='ocr_carea' id='block_1_106' title="bbox 1859 4768 3450 4850">
    <p class='ocr_par' dir='ltr' id='par_1_106' title="bbox 1859 4768 3450 4850">
     <span class='ocr_line' id='line_1_106' title="bbox 1859 4768 3450 4850; baseline 0.005 -18"><span class='ocrx_word' id='word_1_722' title='bbox 1859 4777 2066 4845; x_wconf 69' lang='lat' dir='ltr'><strong>rentur,</strong></span> <span class='ocrx_word' id='word_1_723' title='bbox 2114 4768 2316 4840; x_wconf 78' lang='lat' dir='ltr'><strong>iugiter</strong></span> <span class='ocrx_word' id='word_1_724' title='bbox 2363 4771 2561 4844; x_wconf 86' lang='lat' dir='ltr'><strong>adepta</strong></span> <span class='ocrx_word' id='word_1_725' title='bbox 2605 4775 2961 4847; x_wconf 78' lang='lat' dir='ltr'><strong>sorde&#39;sount;</strong></span> <span class='ocrx_word' id='word_1_726' title='bbox 3013 4787 3124 4837; x_wconf 80' lang='lat' dir='ltr'><strong>non</strong></span> <span class='ocrx_word' id='word_1_727' title='bbox 3155 4783 3450 4850; x_wconf 85' lang='lat' dir='ltr'><strong>immerito,</strong></span> 
     </span>
    </p>
   </div>
   <div class='ocr_carea' id='block_1_107' title="bbox 1861 4864 3449 4938">
    <p class='ocr_par' dir='ltr' id='par_1_107' title="bbox 1861 4864 3449 4938">
     <span class='ocr_line' id='line_1_107' title="bbox 1861 4864 3449 4938; baseline 0.008 -20"><span class='ocrx_word' id='word_1_728' title='bbox 1861 4864 1987 4932; x_wconf 89' lang='lat' dir='ltr'><strong>quia</strong></span> <span class='ocrx_word' id='word_1_729' title='bbox 2007 4880 2130 4920; x_wconf 91' lang='lat' dir='ltr'><strong>cum</strong></span> <span class='ocrx_word' id='word_1_730' title='bbox 2160 4866 2228 4921; x_wconf 92' lang='lat' dir='ltr'><strong>sit</strong></span> <span class='ocrx_word' id='word_1_731' title='bbox 2256 4866 2421 4923; x_wconf 90' lang='lat' dir='ltr'><strong>homo</strong></span> <span class='ocrx_word' id='word_1_732' title='bbox 2446 4868 2860 4938; x_wconf 84' lang='lat' dir='ltr'><strong>commutabilis,</strong></span> <span class='ocrx_word' id='word_1_733' title='bbox 2906 4881 3110 4929; x_wconf 88' lang='lat' dir='ltr'><strong>naturae</strong></span> <span class='ocrx_word' id='word_1_734' title='bbox 3156 4890 3263 4930; x_wconf 70' lang='lat' dir='ltr'><strong>suae</strong></span> <span class='ocrx_word' id='word_1_735' title='bbox 3305 4877 3449 4931; x_wconf 89' lang='lat' dir='ltr'><strong>desi-</strong></span> 
     </span>
    </p>
   </div>
   <div class='ocr_carea' id='block_1_108' title="bbox 1861 4954 3455 5040">
    <p class='ocr_par' dir='ltr' id='par_1_108' title="bbox 1861 4954 3455 5040">
     <span class='ocr_line' id='line_1_108' title="bbox 1861 4954 3455 5040; baseline 0.009 -30"><span class='ocrx_word' id='word_1_736' title='bbox 1861 4954 2016 5011; x_wconf 88' lang='lat' dir='ltr'><strong>derat</strong></span> <span class='ocrx_word' id='word_1_737' title='bbox 2043 4957 2242 5013; x_wconf 86' lang='lat' dir='ltr'><strong>habere</strong></span> <span class='ocrx_word' id='word_1_738' title='bbox 2275 4958 2581 5030; x_wconf 87' lang='lat' dir='ltr'><strong>qualitates.</strong></span> <span class='ocrx_word' id='word_1_739' title='bbox 2614 4957 2684 5016; x_wconf 83' lang='lat' dir='ltr'><strong>Et</strong></span> <span class='ocrx_word' id='word_1_740' title='bbox 2726 4960 2847 5018; x_wconf 83' lang='lat' dir='ltr'><strong>ideo</strong></span> <span class='ocrx_word' id='word_1_741' title='bbox 2894 4962 3170 5020; x_wconf 77' lang='lat' dir='ltr'><strong>festinanti</strong></span> <span class='ocrx_word' id='word_1_742' title='bbox 3197 4961 3290 5022; x_wconf 88' lang='lat' dir='ltr'><strong>tibi</strong></span> <span class='ocrx_word' id='word_1_743' title='bbox 3333 4983 3455 5040; x_wconf 87' lang='lat' dir='ltr'><strong>pro-</strong></span> 
     </span>
    </p>
   </div>
   <div class='ocr_carea' id='block_1_109' title="bbox 1865 5048 3455 5131">
    <p class='ocr_par' dir='ltr' id='par_1_109' title="bbox 1865 5048 3455 5131">
     <span class='ocr_line' id='line_1_109' title="bbox 1865 5048 3455 5131; baseline 0.006 -27"><span class='ocrx_word' id='word_1_744' title='bbox 1865 5048 2084 5105; x_wconf 87' lang='lat' dir='ltr'><strong>vinciali</strong></span> <span class='ocrx_word' id='word_1_745' title='bbox 2113 5049 2475 5120; x_wconf 85' lang='lat' dir='ltr'><strong>oblectatione</strong></span> <span class='ocrx_word' id='word_1_746' title='bbox 2505 5051 2738 5114; x_wconf 80' lang='lat' dir='ltr'><strong>refoveri</strong></span> <span class='ocrx_word' id='word_1_747' title='bbox 2759 5053 2968 5131; x_wconf 79' lang='lat' dir='ltr'><strong>copiam</strong></span> <span class='ocrx_word' id='word_1_748' title='bbox 3001 5063 3080 5119; x_wconf 85' lang='lat' dir='ltr'><strong>tot</strong></span> <span class='ocrx_word' id='word_1_749' title='bbox 3104 5057 3370 5118; x_wconf 85' lang='lat' dir='ltr'><strong>mensium</strong></span> <span class='ocrx_word' id='word_1_750' title='bbox 3398 5055 3455 5114; x_wconf 88' lang='lat' dir='ltr'><strong>in</strong></span> 
     </span>
    </p>
   </div>
   <div class='ocr_carea' id='block_1_110' title="bbox 1866 5141 3455 5222">
    <p class='ocr_par' dir='ltr' id='par_1_110' title="bbox 1866 5141 3455 5222">
     <span class='ocr_line' id='line_1_110' title="bbox 1866 5141 3455 5222; baseline 0.008 -27"><span class='ocrx_word' id='word_1_751' title='bbox 1866 5141 2172 5213; x_wconf 78' lang='lat' dir='ltr'><strong>supradicm</strong></span> <span class='ocrx_word' id='word_1_752' title='bbox 2219 5143 2494 5214; x_wconf 89' lang='lat' dir='ltr'><strong>provincia</strong></span> <span class='ocrx_word' id='word_1_753' title='bbox 2533 5146 2880 5212; x_wconf 80' lang='lat' dir='ltr'><strong>concedimus</strong></span> <span class='ocrx_word' id='word_1_754' title='bbox 2926 5147 3246 5209; x_wconf 88' lang='lat' dir='ltr'><strong>immorandi</strong></span> <span class='ocrx_word' id='word_1_755' title='bbox 3281 5151 3299 5222; x_wconf 93' lang='lat'><strong>(</strong></span> <span class='ocrx_word' id='word_1_756' title='bbox 3329 5152 3455 5222; x_wconf 90' lang='lat' dir='ltr'><strong>quia</strong></span> 
     </span>
    </p>
   </div>
   <div class='ocr_carea' id='block_1_111' title="bbox 1864 5231 3454 5306">
    <p class='ocr_par' dir='ltr' id='par_1_111' title="bbox 1864 5231 3454 5306">
     <span class='ocr_line' id='line_1_111' title="bbox 1864 5231 3454 5306; baseline 0.009 -21"><span class='ocrx_word' id='word_1_757' title='bbox 1864 5245 2005 5302; x_wconf 90' lang='lat' dir='ltr'><strong>pene</strong></span> <span class='ocrx_word' id='word_1_758' title='bbox 2032 5231 2272 5290; x_wconf 89' lang='lat' dir='ltr'><strong>reclusus</strong></span> <span class='ocrx_word' id='word_1_759' title='bbox 2300 5234 2620 5306; x_wconf 88' lang='lat' dir='ltr'><strong>advertitur,</strong></span> <span class='ocrx_word' id='word_1_760' title='bbox 2667 5237 2754 5294; x_wconf 86' lang='lat' dir='ltr'><strong>cui</strong></span> <span class='ocrx_word' id='word_1_761' title='bbox 2780 5244 2990 5294; x_wconf 86' lang='lat' dir='ltr'><strong>mutare</strong></span> <span class='ocrx_word' id='word_1_762' title='bbox 3016 5239 3193 5301; x_wconf 84' lang='lat' dir='ltr'><strong>solum</strong></span> <span class='ocrx_word' id='word_1_763' title='bbox 3222 5241 3454 5299; x_wconf 86' lang='lat' dir='ltr'><strong>liberum</strong></span> 
     </span>
    </p>
   </div>
   <div class='ocr_carea' id='block_1_112' title="bbox 1865 5309 3453 5404">
    <p class='ocr_par' dir='ltr' id='par_1_112' title="bbox 1865 5309 3453 5404">
     <span class='ocr_line' id='line_1_112' title="bbox 1865 5309 3453 5404; baseline 0.009 -25"><span class='ocrx_word' id='word_1_764' title='bbox 1865 5309 2255 5404; x_wconf 55' lang='lat' dir='ltr'><strong>nonzvidetur),</strong></span> <span class='ocrx_word' id='word_1_765' title='bbox 2287 5326 2360 5382; x_wconf 89' lang='lat' dir='ltr'><strong>ita</strong></span> <span class='ocrx_word' id='word_1_766' title='bbox 2389 5335 2590 5400; x_wconf 88' lang='lat' dir='ltr'><strong>tamen,</strong></span> <span class='ocrx_word' id='word_1_767' title='bbox 2613 5338 2672 5388; x_wconf 89' lang='lat' dir='ltr'><strong>ut</strong></span> <span class='ocrx_word' id='word_1_768' title='bbox 2696 5343 2817 5392; x_wconf 83' lang='lat' dir='ltr'><strong>cum</strong></span> <span class='ocrx_word' id='word_1_769' title='bbox 2845 5332 3164 5402; x_wconf 73' lang='lat' dir='ltr'><strong>promeritae</strong></span> <span class='ocrx_word' id='word_1_770' title='bbox 3190 5335 3453 5404; x_wconf 89' lang='lat' dir='ltr'><strong>inducias,</strong></span> 
     </span>
    </p>
   </div>
   <div class='ocr_carea' id='block_1_113' title="bbox 1867 5415 3460 5490">
    <p class='ocr_par' dir='ltr' id='par_1_113' title="bbox 1867 5415 3460 5490">
     <span class='ocr_line' id='line_1_113' title="bbox 1867 5415 3460 5490; baseline 0.007 -17"><span class='ocrx_word' id='word_1_771' title='bbox 1867 5415 2098 5483; x_wconf 81' lang='lat' dir='ltr'><strong>Domino</strong></span> <span class='ocrx_word' id='word_1_772' title='bbox 2122 5415 2364 5488; x_wconf 88' lang='lat' dir='ltr'><strong>juvante,</strong></span> <span class='ocrx_word' id='word_1_773' title='bbox 2391 5422 2734 5490; x_wconf 88' lang='lat' dir='ltr'><strong>transegeris,</strong></span> <span class='ocrx_word' id='word_1_774' title='bbox 2752 5423 2818 5485; x_wconf 80' lang='lat' dir='ltr'><strong>ad</strong></span> <span class='ocrx_word' id='word_1_775' title='bbox 2841 5424 3074 5484; x_wconf 84' lang='lat' dir='ltr'><strong>urbanas</strong></span> <span class='ocrx_word' id='word_1_776' title='bbox 3101 5425 3258 5482; x_wconf 85' lang='lat' dir='ltr'><strong>sedes</strong></span> <span class='ocrx_word' id='word_1_777' title='bbox 3276 5427 3460 5484; x_wconf 88' lang='lat' dir='ltr'><strong>redire</strong></span> 
     </span>
    </p>
   </div>
   <div class='ocr_carea' id='block_1_114' title="bbox 1864 5510 3461 5574">
    <p class='ocr_par' dir='ltr' id='par_1_114' title="bbox 1864 5510 3461 5574">
     <span class='ocr_line' id='line_1_114' title="bbox 1864 5510 3461 5574; baseline 0.004 -6"><span class='ocrx_word' id='word_1_778' title='bbox 1864 5510 2105 5574; x_wconf 78' lang='lat' dir='ltr'><strong>festines.</strong></span> <span class='ocrx_word' id='word_1_779' title='bbox 2145 5511 2278 5569; x_wconf 82' lang='lat' dir='ltr'><strong>Nam</strong></span> <span class='ocrx_word' id='word_1_780' title='bbox 2321 5514 2368 5570; x_wconf 88' lang='lat' dir='ltr'><strong>si</strong></span> <span class='ocrx_word' id='word_1_781' title='bbox 2414 5515 2630 5572; x_wconf 64' lang='lat' dir='ltr'><strong>taedium</strong></span> <span class='ocrx_word' id='word_1_782' title='bbox 2673 5517 2757 5572; x_wconf 83' lang='lat' dir='ltr'><strong>est</strong></span> <span class='ocrx_word' id='word_1_783' title='bbox 2796 5517 3148 5573; x_wconf 90' lang='lat' dir='ltr'><strong>continuatim</strong></span> <span class='ocrx_word' id='word_1_784' title='bbox 3177 5518 3360 5574; x_wconf 84' lang='lat' dir='ltr'><strong>vivere</strong></span> <span class='ocrx_word' id='word_1_785' title='bbox 3402 5521 3461 5574; x_wconf 90' lang='lat' dir='ltr'><strong>in</strong></span> 
     </span>
    </p>
   </div>
   <div class='ocr_carea' id='block_1_115' title="bbox 1867 5602 3460 5678">
    <p class='ocr_par' dir='ltr' id='par_1_115' title="bbox 1867 5602 3460 5678">
     <span class='ocr_line' id='line_1_115' title="bbox 1867 5602 3460 5678; baseline 0.004 -20"><span class='ocrx_word' id='word_1_786' title='bbox 1867 5603 2015 5658; x_wconf 89' lang='lat' dir='ltr'><strong>urbis</strong></span> <span class='ocrx_word' id='word_1_787' title='bbox 2035 5602 2368 5674; x_wconf 87' lang='lat' dir='ltr'><strong>celebritate,</strong></span> <span class='ocrx_word' id='word_1_788' title='bbox 2396 5616 2600 5676; x_wconf 86' lang='lat' dir='ltr'><strong>quanto</strong></span> <span class='ocrx_word' id='word_1_789' title='bbox 2628 5607 2800 5678; x_wconf 76' lang='lat' dir='ltr'><strong>magis</strong></span> <span class='ocrx_word' id='word_1_790' title='bbox 2835 5609 2887 5664; x_wconf 92' lang='lat' dir='ltr'><strong>in</strong></span> <span class='ocrx_word' id='word_1_791' title='bbox 2917 5609 3059 5677; x_wconf 83' lang='lat' dir='ltr'><strong>agris</strong></span> <span class='ocrx_word' id='word_1_792' title='bbox 3088 5609 3296 5666; x_wconf 87' lang='lat' dir='ltr'><strong>diutina</strong></span> <span class='ocrx_word' id='word_1_793' title='bbox 3321 5618 3460 5674; x_wconf 87' lang='lat' dir='ltr'><strong>tem-</strong></span> 
     </span>
    </p>
   </div>
   <div class='ocr_carea' id='block_1_116' title="bbox 1868 5697 3460 5772">
    <p class='ocr_par' dir='ltr' id='par_1_116' title="bbox 1868 5697 3460 5772">
     <span class='ocr_line' id='line_1_116' title="bbox 1868 5697 3460 5772; baseline 0.006 -21"><span class='ocrx_word' id='word_1_794' title='bbox 1868 5711 2000 5768; x_wconf 90' lang='lat' dir='ltr'><strong>pora</strong></span> <span class='ocrx_word' id='word_1_795' title='bbox 2024 5697 2330 5768; x_wconf 83' lang='lat' dir='ltr'><strong>peregisse?</strong></span> <span class='ocrx_word' id='word_1_796' title='bbox 2361 5697 2616 5758; x_wconf 88' lang='lat' dir='ltr'><strong>Libenter</strong></span> <span class='ocrx_word' id='word_1_797' title='bbox 2648 5715 2776 5772; x_wconf 88' lang='lat' dir='ltr'><strong>ergo</strong></span> <span class='ocrx_word' id='word_1_798' title='bbox 2804 5701 2993 5764; x_wconf 88' lang='lat' dir='ltr'><strong>damus</strong></span> <span class='ocrx_word' id='word_1_799' title='bbox 3021 5701 3264 5760; x_wconf 84' lang='lat' dir='ltr'><strong>inducias</strong></span> <span class='ocrx_word' id='word_1_800' title='bbox 3290 5701 3460 5760; x_wconf 81' lang='lat' dir='ltr'><strong>disce-</strong></span> 
     </span>
    </p>
   </div>
   <div class='ocr_carea' id='block_1_117' title="bbox 1868 5785 3462 5874">
    <p class='ocr_par' dir='ltr' id='par_1_117' title="bbox 1868 5785 3462 5874">
     <span class='ocr_line' id='line_1_117' title="bbox 1868 5785 3462 5874; baseline 0.001 -24"><span class='ocrx_word' id='word_1_801' title='bbox 1868 5787 2050 5857; x_wconf 86' lang='lat' dir='ltr'><strong>dendi,</strong></span> <span class='ocrx_word' id='word_1_802' title='bbox 2082 5804 2191 5848; x_wconf 89' lang='lat' dir='ltr'><strong>non</strong></span> <span class='ocrx_word' id='word_1_803' title='bbox 2233 5799 2296 5847; x_wconf 88' lang='lat' dir='ltr'><strong>ut</strong></span> <span class='ocrx_word' id='word_1_804' title='bbox 2339 5791 2536 5851; x_wconf 84' lang='lat' dir='ltr'><strong>debeat</strong></span> <span class='ocrx_word' id='word_1_805' title='bbox 2581 5795 2756 5855; x_wconf 78' lang='lat' dir='ltr'><strong>Roma</strong></span> <span class='ocrx_word' id='word_1_806' title='bbox 2802 5794 3002 5865; x_wconf 86' lang='lat' dir='ltr'><strong>deseri,</strong></span> <span class='ocrx_word' id='word_1_807' title='bbox 3050 5794 3149 5855; x_wconf 87' lang='lat' dir='ltr'><strong>sed</strong></span> <span class='ocrx_word' id='word_1_808' title='bbox 3190 5801 3253 5855; x_wconf 89' lang='lat' dir='ltr'><strong>ut</strong></span> <span class='ocrx_word' id='word_1_809' title='bbox 3287 5785 3462 5874; x_wconf 71' lang='lat' dir='ltr'><strong>magis</strong></span> 
     </span>
    </p>
   </div>
   <div class='ocr_carea' id='block_1_118' title="bbox 1870 5880 2533 5942">
    <p class='ocr_par' dir='ltr' id='par_1_118' title="bbox 1870 5880 2533 5942">
     <span class='ocr_line' id='line_1_118' title="bbox 1870 5880 2533 5942; baseline 0.006 -6"><span class='ocrx_word' id='word_1_810' title='bbox 1870 5880 2278 5940; x_wconf 85' lang='lat' dir='ltr'><strong>commendetur</strong></span> <span class='ocrx_word' id='word_1_811' title='bbox 2303 5881 2533 5942; x_wconf 84' lang='lat' dir='ltr'><strong>absenti.</strong></span> 
     </span>
    </p>
   </div>
  </div>
