3958 6464
480 350 583 407 ῚΞΊ

731 459 994 517 XXXVII.
1035 470 1282 513 POBIULA
1321 463 1806 508 SPECTABILITA‘I’IS.

544 554 808 626 Optamus
853 550 1025 613 nobis,
1079 548 1190 602 Deo
1240 544 1553 603 auxiliante,
1601 537 1874 605 subjectos
1919 532 2067 587 varia

475 649 795 717 dignitatum
824 641 1178 715 prmrogaliva
1208 637 1428 707 gloriari
1455 654 1468 687 :
1494 633 1860 688 desideramus
1883 628 2072 699 proba-

473 741 584 798 bile
612 755 781 809 genus
830 737 1108 791 hominum
1141 735 1398 802 impressa
1446 727 1617 796 gratia
1667 722 1939 792 dignitatis
1982 735 2072 773 or-

474 847 631 898 nare,
657 838 716 884 ut
746 825 1065 883 laudabilius
1107 822 1474 891 unusquisque
1519 816 1689 887 possit
1720 812 1917 879 vivere,
1948 824 2071 864 cum

474 938 537 980 se
566 923 801 977 honores
822 915 1148 973 reverendos
1169 910 1482 982 cognoverit
1502 907 1795 978 accepisse.
1820 904 1910 958 Sic
1930 901 2073 957 enim

480 1021 535 1069 et
560 1012 625 1066 ad
653 1010 868 1066 virtutis
896 1007 1071 1062 studia
1100 1006 1358 1061 decenter
1399 1000 1727 1062 ascenditur,
1776 1004 1831 1052 et
1859 1011 1888 1049 a
1920 994 2075 1048 bonis

480 1107 689 1163 civibus
717 1102 1019 1173 respublica
1040 1100 1159 1170 plus
1181 1106 1409 1151 amatur.
1444 1095 1617 1163 Atque
1644 1092 1763 1146 ideo
1790 1098 1841 1144 te
1862 1095 2075 1158 specta-

481 1197 707 1253 bilitatis
750 1196 926 1249 nitore
968 1192 1306 1253 decoramus,
1359 1195 1415 1240 ut
1462 1184 1783 1239 sententiam
1834 1190 1980 1234 tuam
2024 1178 2077 1231 in

485 1288 846 1346 conventibus
896 1283 1125 1355 publicis
1180 1280 1529 1351 spectandam
1583 1292 1701 1332 esse
1756 1286 2075 1343 cognoscas,

488 1397 612 1437 cum
644 1381 781 1433 inter
809 1376 1018 1431 nobiles
1046 1375 1275 1429 decorus
1300 1369 1592 1453 assederis,
1626 1376 1682 1421 ut
1725 1366 1769 1421 si
1796 1366 1911 1419 hate
1940 1378 2077 1434 prac-

489 1472 705 1528 dicabili
726 1470 1139 1527 conversatione
1160 1466 1493 1529 tractaveris,
1510 1464 1562 1517 in
1587 1461 1823 1516 futurum
1848 1457 2082 1529 prtemiis

489 1563 804 1619 melioribus
826 1560 1088 1630 augearis.
2014 1540 2019 1547 ’

764 1719 1047 1774 XXXVIII.
1092 1733 1338 1773 romanum
1380 1726 1813 1770 CLARISSIIIATUS.

1719 336 1789 391 Μ.
1832 325 2107 388 AURELII
2145 315 2543 380 CASSIODORI

2095 444 2146 502 Α
2170 451 2331 504 quem
2355 432 2603 502 primitus
2625 428 2937 485 detestanda
2968 431 3247 499 premebat
3272 430 3522 487 audacia.
3553 427 3627 483 Et
3655 430 3777 499 quia

3672 306 3775 367 τῇ

2174 528 2447 583 ministros
2494 523 2741 579 efﬁcaces
2784 532 2966 577 nostra
3009 523 3171 577 debet
3212 523 3413 578 habere
3454 521 3775 592 przeceptio.

2175 636 2276 675 nec
2310 619 2464 673 decet
2503 617 2799 687 principem
2847 615 2993 684 loqui
3022 615 3167 685 quod
3203 633 3307 671 non
3337 616 3594 670 videatur
3623 629 3779 684 posse

2174 712 2453 781 compleri,
2487 711 2765 780 prazsentis
2794 708 3043 763 beneﬁcii
3082 710 3345 777 jussione,
3373 708 3645 762 adversus
3673 704 3779 761 Go-

2176 806 2301 860 thos
2340 804 2453 871 illa,
2501 802 2761 857 adversus
2805 801 3079 857 Romanos
3123 801 3234 868 illa,
3274 800 3429 856 facile
3469 808 3527 855 te
3563 799 3707 853 ﬁdes
3732 809 3781 853 et

2176 896 2453 967 diligentia
2483 894 2775 951 custodivit
2806 910 2820 945 :
2855 894 2981 964 quia
3018 907 3175 947 nemo
3215 891 3429 946 laborat
3466 888 3782 953 defendere,

2178 988 2280 1044 nisi
2307 988 2399 1056 qui
2430 986 2649 1041 timetur
2674 982 2893 1049 offendi,
2923 983 3050 1039 dum
3079 991 3341 1054 prmstans
3369 982 3637 1038 dominus
3675 978 3785 1036 ﬁeri

2178 1079 2498 1135 formidatur
2525 1078 2782 1146 ingratus.
2827 1076 3029 1131 Fruere
3058 1075 3218 1143 igitur
3242 1083 3425 1129 nostra
3455 1072 3781 1137 clementia;

2178 1172 2441 1229 beneﬁcio
2465 1172 2648 1225 laetare
2672 1177 2945 1239 suscepto.
2970 1166 3103 1221 Nam
3130 1167 3176 1221 si
3206 1165 3433 1220 ulterius
3456 1180 3489 1217 a
3513 1178 3785 1234 quoquam

2180 1267 2280 1321 sub
2308 1262 2625 1320 incivilitate
2654 1261 2904 1330 testaris,
2935 1268 3026 1314 tua
3071 1258 3140 1315 de
3184 1256 3412 1313 inimicis
3441 1256 3637 1327 potius
3668 1262 3785 1308 vota

2184 1356 2502 1429 complebis.

2182 1488 2296 1545 XL.
2328 1504 2576 1545 ronuuut
2605 1505 2671 1543 ne
2702 1502 3034 1542 unutnomo
3062 1500 3432 1541 CONFIRIANDO
3463 1500 3537 1539 ET
3570 1482 3599 1523 ι’
3652 1500 3789 1539 us:-

2567 1576 2650 1616 RIS
2678 1574 2935 1614 ιεςιτιιιε
2966 1573 3402 1613 εοκετιτυιςιιιιιε.

2258 1659 2544 1715 Eternum
2576 1664 2661 1710 est
2701 1652 3045 1716 beneficium,
3078 1650 3221 1721 quod
3263 1648 3607 1719 posteritatis
3640 1646 3791 1701 fuerit

2189 1750 2375 1805 favore
2400 1746 2685 1809 collatum;
2716 1758 2817 1797 nec
2856 1742 2975 1812 plus
3003 1750 3087 1795 est
3114 1740 3442 1795 conveniens
3472 1738 3612 1804 regi,
3639 1753 3793 1805 quam

568 1813 796 1869 consul
820 1811 1265 1905 jucl'pdumpss?
1294 1823 1473 1905 rem"?
1504 1806 1767 1905 “malum
1810 1814 2082 1871 saporem'
2117 1828 2162 1887 Β
2192 1850 2251 1895 ιιι
2278 1840 2526 1893 humanae
2546 1806 2768 1905 praestet
2788 1806 3001 1902 origini.
3029 1831 3087 1886 In
3117 1832 3293 1885 lucem
3314 1831 3520 1899 quippe
3540 1838 3796 1884 venturus

494 1911 553 1962 et
597 1905 783 1960 utilem
823 1903 1081 1957 ambitum
1126 1901 1331 1965 laudis,
1363 1900 1454 1967 qui
1501 1897 1775 1967 appetitur
1815 1909 1913 1964 per
1956 1908 2087 1961 aug-

495 2006 677 2051 menta
705 1995 937 2048 virtutis.
969 1993 1085 2047 Hoc
1112 2009 1210 2048 nos
1235 1992 1468 2047 studium
1498 1989 1730 2059 provida:
1754 1987 2091 2042 liberalitatis

496 2088 849 2153 infundimus,
899 2096 960 2141 ut
983 2087 1157 2154 major
1203 2086 1273 2140 sit
1313 2085 1489 2139 cultus
1534 2097 1765 2147 morum,
1794 2080 1921 2133 dum
1968 2094 2090 2134 cre-

497 2189 654 2237 scunt
682 2178 946 2235 desideria
971 2180 1332 2248 przemiorum.
1363 2176 1760 2230 Clarissiinatus
1802 2173 1963 2241 igitur
1989 2172 2092 2226 bo-

500 2285 715 2333 norem,
745 2276 1063 2323 ornamenta
1106 2267 1291 2336 judicii
1323 2265 1514 2330 nostri,
1554 2264 1701 2331 regia
1732 2262 1826 2315 tibi
1869 2260 2095 2330 largitur

502 2361 829 2424 auctoritas;
872 2358 1016 2425 quod
1056 2358 1294 2427 przebeat
1341 2366 1397 2411 et
1430 2364 1633 2410 exacta:
1679 2355 1802 2409 vita:
1849 2354 2097 2410 testimo-

504 2450 675 2515 nium,
699 2458 754 2501 et
784 2448 971 2501 futura:
998 2448 1369 2518 prosperitatis
1392 2448 1706 2517 polliceatur
1723 2454 2093 2513 augmentum.

504 2540 853 2609 Quapropter
882 2540 1009 2594 nihil
1053 2539 1166 2608 jam
1198 2540 1486 2595 obscurum
1529 2554 1691 2607 agere
1721 2539 1965 2609 patiaris,
2005 2538 2098 2607 qui

505 2632 892 2687 clarissimatus
921 2631 1181 2701 dignitate
1211 2631 1542 2701 resplendes.
1575 2630 1791 2685 Grande
1832 2629 2099 2701 siquidem

504 2724 628 2778 vita:
660 2723 1027 2778 testimonium
1054 2730 1158 2791 est,
1186 2738 1293 2778 non
1320 2731 1429 2777 tam
1457 2724 1662 2778 clarum
1702 2736 1864 2791 quam
1913 2721 2102 2776 claris-

504 2814 702 2869 simum
750 2814 874 2879 dici,
924 2815 1142 2884 quando
1182 2831 1322 2886 pene
1370 2823 1543 2871 totum
1590 2815 1657 2869 de
1699 2816 1791 2869 illo
1837 2814 2101 2883 optimum

506 2904 743 2961 creditur
778 2906 868 2977 qui
913 2909 1047 2962 tanti
1096 2905 1321 2975 fulgoris
1362 2907 1694 2978 superlativo
1743 2906 1965 2963 nomine
2010 2920 2104 2961 vo-

505 2997 723 3053 citatur.

781 3138 932 3207 121
964 3134 1204 3191 XXXIX.
1251 3151 1498 3192 ronuuu
1543 3151 1827 3193 'rumoms.

2193 1944 2350 1985 casus
2376 1926 2651 1995 suscipere
2690 1939 2797 1978 non
2840 1931 3075 1977 meretur
3102 1922 3379 1986 adversos,
3413 1935 3481 1974 ne
3520 1928 3653 1973 ante
3676 1933 3791 1986 gra-

2193 2035 2385 2075 vamen
2436 2016 2788 2073 districtionis
2836 2014 3073 2073 incurrat
3117 2028 3278 2082 quam
3316 2012 3513 2079 gaudia
3553 2027 3793 2080 superna:

2196 2115 2333 2169 lucis
2363 2114 2619 2168 inveniat.
2651 2109 2842 2163 Oblata
2872 2108 3053 2176 itaque
3094 2105 3490 2175 supplicatione
3532 2104 3795 2173 depromis

2197 2207 2482 2262 mulierem
2527 2218 2688 2273 quam
2737 2201 2833 2255 tibi
2883 2200 3111 2270 placitus
3158 2197 3327 2271 [Cor.,
3371 2196 3499 2262 0a.,
3543 2196 3793 2267 placidus!

2200 2302 2428 2369 illigavit
2466 2300 2767 2369 amplexus,
2802 2293 3068 2350 beneﬁcio
3099 2302 3284 2349 nostro
3320 2291 3489 2363 jugali
3522 2292 3795 2346 honestate

2202 2392 2404 2447 debere
2450 2389 2668 2453 sociari,
2700 2397 2758 2441 ut
2797 2402 2865 2441 ex
2914 2400 2977 2439 ea
3019 2384 3173 2438 liberi
3215 2383 3326 2437 nati
3372 2398 3577 2435 nomen
3626 2382 3796 2435 nand-

2203 2491 2421 2538 scantur
2458 2477 2752 2533 hteredum.
2804 2476 2936 2530 Nam
2976 2490 3096 2531 cum
3136 2482 3437 2543 spontanea
3464 2473 3658 2541 copula
3688 2473 3797 2525 ani-

2203 2573 2407 2629 mantia
2453 2579 2644 2625 cuncta
2682 2568 2977 2633 consociet,
3022 2567 3349 2636 dignumque
3393 2564 3651 2619 videatur
3692 2580 3800 2619 esse

2204 2663 2349 2733 quod
2379 2661 2599 2732 placuit,
2631 2660 2824 2714 durum
2855 2666 2939 2713 est
2968 2658 3271 2712 libertatem
3301 2656 3535 2711 liberam
3576 2671 3684 2710 non
3712 2656 3799 2709 ha-

2204 2757 2357 2823 bere,
2404 2756 2546 2810 unde
2586 2753 2739 2808 liberi
2787 2760 3157 2822 procreantur.
3198 2749 3267 2803 Et
3312 2747 3437 2804 ideo
3480 2750 3629 2803 illam
3670 2765 3797 2818 qua,

2207 2850 2345 2904 sicut
2388 2848 2509 2915 jure
2540 2846 2866 2915 prcecipitur,
2899 2842 3185 2898 honestate
3213 2858 3320 2897 non
3353 2842 3519 2898 fuisse
3551 2843 3803 2912 probatur

2208 2940 2449 3009 :equalis,
2502 2937 2793 3005 legitimam
2837 2935 2928 2988 tibi
2979 2934 3092 2988 ﬁeri
3124 2949 3406 2987 censemus
3458 2950 3721 2997 uxorem;
3758 2945 3806 2988 et

2208 3029 2349 3084 ﬁlios
2374 3044 2441 3084 ex
2471 3028 2663 3083 eadem
2694 3025 2941 3093 conjuge,
2975 3024 3088 3078 sive
3127 3024 3217 3093 qui
3258 3025 3495 3091 suscepti
3528 3034 3677 3091 sunt,
3701 3025 3803 3079 sive

2210 3122 2302 3191 qui
2351 3117 2697 3187 suscipiendi,
2740 3114 3010 3168 hazrcdum
3054 3113 3299 3168 volumus
3339 3112 3463 3179 jura
3508 3114 3713 3177 sortiri,
3754 3124 3807 3165 ut

577 3203 932 3297 Superﬂijgn:
958 3228 1175 3296 quidem
1215 3228 1425 3283 videtur
1469 3228 1752 3282 tuitionem
1796 3225 2105 3299 specialiter
2132 3209 2177 3271 C
2210 3212 2310 3267 θιὼ
2339 3211 2486 3266 nulla
2516 3208 2793 3263 dubietate
2819 3205 3010 3274 diligas
3036 3219 3171 3274 quos
3201 3204 3296 3258 ιίὶιί
3326 3203 3580 3259 absolute
3602 3218 3808 3259 succes-

508 3331 541 3371 ι
574 3317 815 3387 principe
844 3326 1051 3386 petere,
1075 3319 1227 3379 cuius
1255 3327 1337 3373 est
1363 3319 1621 3389 propositi
1651 3319 1932 3373 universos
1954 3333 2103 3373 com-

509 3410 746 3463 muniter
773 3407 1068 3462 vindicare.
1109 3408 1215 3462 Sed
1256 3409 1382 3476 quia
1415 3409 1759 3463 securitatem
1792 3418 1936 3463 tuam
1966 3424 2105 3477 quo-

507 3499 755 3555 rumdam
784 3498 1146 3554 violentorum
1176 3499 1506 3555 exsecranda
1527 3499 1801 3555 temeritas
1822 3500 2103 3569 inquietat,

510 3607 622 3648 non
650 3592 797 3661 piget
822 3591 1119 3645 dolentium
1146 3591 1378 3661 querelis
1400 3591 1467 3644 ad
1487 3591 1628 3645 hanc
1658 3598 1868 3661 partem
1893 3591 2109 3662 pietatis

514 3683 739 3750 adduci;
772 3691 833 3737 ut
856 3684 1003 3751 quod
1032 3683 1280 3738 omnibus
1322 3694 1578 3753 praestare
1604 3684 1868 3754 cupimus,
1901 3684 2107 3753 suppli-

512 3776 661 3832 canti
683 3774 1020 3846 potissimum
1045 3776 1405 3830 conferamus.
1430 3775 1607 3845 Atque
1630 3776 1751 3829 ideo
1773 3777 2108 3831 diversorum

510 3874 588 3931 te,
623 3866 1071 3937 quemadmodum
1109 3868 1369 3937 quereris,
1396 3866 1688 3937 dispendiis
1712 3868 2027 3932 sauciatum,
2056 3866 2109 3920 in

509 3966 692 4016 castra
739 3957 1068 4012 defensionis
1117 3967 1317 4012 nostra:
1363 3959 1657 4014 clementer
1694 3959 2013 4027 excipimus,
2052 3967 2112 4013 ut

450 4048 457 4055 ’
514 4066 638 4106 cum
685 4049 1007 4106 adversariis
1054 4051 1180 4115 tuis,
1220 4066 1353 4117 non,
1396 4058 1456 4104 ut
1502 4051 1782 4114 hactenus,
1824 4051 2110 4119 campestri

514 4143 831 4210 certamine,
876 4143 971 4198 sed
1023 4143 1215 4197 murali
1256 4142 1485 4197 videaris
1515 4143 1852 4212 protectione
1887 4150 2112 4196 conten-

516 4234 667 4291 dere.
690 4234 769 4289 Ita
796 4235 888 4291 ﬁet
916 4242 997 4303 ut,
1026 4234 1343 4290 truculentis
1366 4234 1570 4288 viribus
1596 4248 1838 4303 pressus,
1869 4231 2113 4287 reddaris

519 4326 730 4381 auxiliis
751 4326 1019 4394 regalibus
1047 4333 1375 4395 exaequatus.
1407 4325 1748 4396 Quapropter
1772 4334 1798 4362 ει
1830 4324 2112 4379 tuitionem

521 4416 621 4470 tibi
649 4416 817 4469 nostri
846 4416 1098 4484 nominis,
1129 4417 1283 4485 quasi
1322 4415 1707 4471 validissimam
1745 4422 1945 4469 turrem
1976 4429 2113 4468 con-

521 4512 607 4560 tra
638 4506 879 4562 inciviles
923 4506 1154 4576 impetus
1202 4515 1257 4562 et
1302 4508 1737 4563 conventionalia
1767 4507 2112 4570 detrimenta,

2208 3319 2364 3361 sores
2392 3303 2600 3357 futuros
2629 3315 2747 3355 esse
2778 3312 3093 3368 cognoscas.
3140 3296 3341 3351 Natura
3380 3296 3524 3352 enim
3562 3296 3655 3351 tibi
3678 3312 3811 3367 pra:-

2209 3395 2349 3452 stitit
2372 3394 2530 3459 ﬁlios,
2557 3391 2655 3449 sed
2685 3407 2782 3446 nos
2821 3390 2913 3445 tali
2946 3390 3239 3445 securitate
3273 3389 3497 3446 facimus
3523 3404 3643 3447 esse
3669 3390 3809 3445 cha-

2212 3502 2479 3543 I‘ISSImOS.

2570 3592 2705 3647 XLI.
2738 3606 2984 3647 ronuuu
3016 3608 3221 3647 λετΑτις
3246 3608 3446 3647 νιεκιιε.

2284 3685 2533 3742 Gloriosa
2547 3684 2868 3755 supplicatio
2889 3691 2991 3745 est,
3012 3697 3130 3752 qua:
3151 3684 3358 3737 veniam
3381 3682 3578 3753 quaerit
3604 3683 3805 3737 aetatis:

2215 3778 2435 3851 quando
2458 3793 2517 3832 se
2538 3776 2851 3846 gravitatem
2873 3774 2940 3828 de
2963 3774 3201 3828 moribus
3226 3773 3521 3828 conﬁtetur
3545 3776 3808 3845 accipere,

2214 3886 2377 3941 quam
2401 3868 2766 3924 maturitatem
2792 3864 2911 3919 vitae
2940 3863 3114 3919 adhuc
3140 3880 3247 3918 non
3285 3865 3517 3933 contigit
3545 3866 3805 3921 intulisse.

2215 3962 2392 4017 Minor
2422 3958 2711 4022 nascendo,
2742 3955 3058 4025 grandtevus
3089 3957 3238 4026 cupis
3280 3972 3399 4011 esse
3428 3958 3683 4013 consilio.
3714 3958 3806 4023 Ita,

2216 4052 2360 4122 quod
2388 4054 2442 4107 in
2469 4050 2717 4105 humanis
2747 4048 2907 4103 rebus
2936 4046 3349 4103 audacissimum
3382 4057 3487 4115 est,
3522 4050 3591 4104 ad
3621 4051 3815 4106 erroris

2216 4144 2472 4198 auxilium
2498 4142 2817 4197 beneﬁcium
2838 4140 3138 4195 contemnis
3160 4156 3445 4196 annorum.
3471 4143 3811 4213 Quapropter

2218 4235 2398 4291 oblata
2433 4232 2821 4304 supplicatione
2866 4232 3158 4301 depromis,
3191 4240 3251 4288 ut
3278 4249 3401 4289 cum
3434 4233 3531 4287 tibi
3568 4235 3641 4288 sit
3685 4234 3818 4289 ratio

2217 4324 2371 4379 ﬁrma
2398 4323 2713 4394 prudentiae,
2742 4322 2985 4377 actiones
3016 4330 3121 4376 tuae
3160 4338 3267 4376 non
3298 4324 3679 4394 relinquantur
3711 4340 3818 4377 am-

2217 4417 2410 4485 biguae,
2442 4432 2510 4471 ne
2539 4415 2837 4469 inﬁrmetur
2870 4413 2991 4483 jure
3029 4415 3173 4483 quod
3224 4432 3329 4472 non
3368 4426 3551 4487 potest
3597 4419 3819 4471 utilitate

2220 4506 2471 4561 titubare.
2523 4503 2638 4560 Hoc
2684 4520 2802 4570 nos,
2833 4505 3027 4573 quibus
3066 4506 3215 4561 cordi
3258 4516 3341 4561 est
3389 4508 3533 4561 bona
3562 4507 3817 4562 desideria

525 4609 712 4651 nosua
742 4599 991 4652 concedit
1028 4599 1354 4661 auctoritas;
1397 4599 1473 4652 ita
1505 4607 1704 4665 tamen,
1737 4614 1822 4664 ne,
1863 4598 1947 4653 his
1975 4612 2116 4667 prze-
2147 4594 2198 4655 D
2225 4596 2506 4670 perﬁcere,
2540 4594 2769 4649 libenter
2800 4595 3093 4664 accipimus
3126 4614 3137 4648 :
3171 4597 3293 4665 quia
3321 4597 3492 4652 nullas
3521 4613 3580 4653 se
3610 4607 3820 4669 captare

525 4687 919 4757 sumptionibus
946 4688 1272 4754 sublevatus,
1308 4687 1466 4742 civile
1509 4702 1733 4757 respuas
1761 4687 2001 4758 praebere
2028 4701 2117 4740 re-

526 4793 814 4851 sponsum;
841 4787 897 4833 et
918 4787 974 4834 tu
1002 4778 1232 4835 videaris
1253 4778 1493 4834 insolens
1512 4778 1721 4833 calcare
1738 4778 1858 4847 jura
1879 4777 2113 4849 publica,

601 4963 627 4990 ιι
659 4950 786 5006 Hmc
833 4958 916 5006 est
962 4950 1191 5006 formula
1236 4950 1496 5015 tuitionis,
1554 4950 1606 5005 id
1663 4959 1744 5007 est
1796 4952 2124 5015 securitatis,
2200 4972 2205 4977 ’

527 5025 838 5091 ἀσφαλείας,
870 5021 936 5076 de
976 5037 1084 5091 qua
1114 5035 1260 5090 sup.,
1290 5020 1384 5075 lib.
1417 5036 1486 5085 ιν,
1522 5022 1680 5091 epist.
1722 5022 1809 5082 27,
1840 5022 1893 5077 in
1924 5024 2039 5087 ﬁn.,
2073 5031 2130 5077 et

526 5094 566 5151 l.
594 5082 648 5161 ti,
677 5082 932 5175 Illicitos,
954 5082 1108 5215 Ιξ’Νε
1135 5082 1481 5161 potentiores,
1506 5082 1571 5145 D:
1601 5092 1680 5146 De
1710 5095 1840 5164 offic.
1874 5082 2122 5164 prwsi'd.';

527 5165 568 5215 I.
603 5166 652 5215 I.
690 5164 716 5215 8
745 5162 921 5215 Outea.
1004 5203 1017 5215 .
1047 5162 1129 5215 De
1155 5162 1249 5215 θήν.
1294 5165 1445 5215 nrwf.
1475 5162 1588 5215 urb.
1621 5163 1941 5215 Exemolum
1982 5162 2122 5215 auud

527 5165 652 5247 l_..I,
690 5164 716 5235 §
745 5162 921 5247 Quies,
1047 5162 1129 5247 Qe-
1155 5162 1249 5230 o/f.
1278 5162 1588 5247 Ippwhyrb.
1621 5162 1941 5235 Exemplum
1982 5162 2125 5232 apud

532 5232 764 5303 Livium,
796 5233 889 5303 lib.
917 5249 952 5287 ιι
974 5233 1041 5287 de
1066 5232 1422 5303 Thrasybulo,
1453 5232 1621 5288 Fons.

606 5306 631 5342 δ
661 5302 793 5374 Vide
836 5301 897 5355 D.
934 5301 1295 5369 Ambrosium,
1330 5305 1422 5358 lib.
1457 5304 1565 5359 ide
1596 5304 1883 5369 Abraham,
1916 5319 2037 5374 cap.
2062 5302 2124 5374 ὅ.

533 5374 634 5431 Jun
650 5416 658 5427 .
674 5373 895 5444 ——Erg_o
910 5374 1021 5427 base
1034 5374 1261 5427 formula
1281 5374 1502 5444 derogat
1525 5376 1629 5437 LI,
1648 5377 1709 5429 C.
1732 5376 1807 5430 De
1823 5372 1997 5429 natur.
2012 5372 2126 5438 (5b.,

534 5462 641 5518 qua
668 5452 818 5499 vetat
844 5442 1228 5523 Constantinus
1256 5446 1304 5498 id
1330 5442 1435 5515 per
1453 5450 1773 5514 rescriptum
1838 5447 1929 5501 eti.
1955 5444 2125 5499 FonN.

612 5528 633 5555 ε
663 5515 820 5571 Sun..
853 5514 943 5567 Ιιι).
977 5530 1047 5571 1v.
1080 5517 1233 5571 epist.
1261 5514 1311 5569 9.
1337 5518 1561 5571 Insidias
1593 5518 1677 5570 hic
1702 5525 1761 5568 ut
1783 5464 1891 5570 illic
1917 5530 2125 5571 auoane

780 5555 820 5580 .,
853 5530 943 5567 nu.
977 5530 1047 5580 ιν,
1080 5530 1233 5580 epist.
1261 5530 1561 5571 3.1nsiuias
1593 5530 1677 5570 me
1702 5530 1761 5568 ut
1783 5530 1891 5570 nnc
1917 5530 2131 5580 quoque

612 5530 633 5555 ε
663 5530 820 5584 bup.,
853 5530 943 5567 ιιυ.
977 5530 1047 5580 1v,
1080 5530 1233 5585 epist.
1261 5530 1311 5569 υ.
1337 5530 1561 5571 Insidias
1593 5530 1677 5570 me
1702 5530 1761 5568 ut
1783 5530 1891 5570 nnc
1917 5530 2129 5583 quoque

536 5587 719 5641 dolum
752 5593 927 5639 vocat.
961 5584 1020 5637 L.
1054 5602 1201 5653 pen.,
1235 5587 1296 5641 C.
1329 5589 1408 5640 De
1433 5587 1579 5647 dolo;
1614 5587 1647 5638 l.
1682 5586 1735 5650 8,
1764 5587 1821 5639 Si
1852 5586 2129 5651 voluntate,

537 5656 601 5712 C.
650 5656 725 5708 De
773 5671 901 5708 rese.
936 5656 1081 5708 rend.
1116 5656 1281 5711 Dolus
1319 5675 1386 5711 ex
1416 5656 1703 5711 calliditate
1735 5666 1894 5725 atque
1926 5656 2130 5709 insidiis

538 5727 801 5795 emptoris
841 5726 990 5792 argui
1019 5726 1195 5780 debet.
1245 5728 1435 5781 Delum
1478 5743 1541 5780 ex
1584 5726 1792 5796 insidiis
1834 5726 2131 5796 perspicuis

539 5797 758 5869 probari
785 5796 1059 5869 convenit,
1086 5798 1137 5869 _I_._
1156 5796 1399 5869 pen.,_C.
1446 5796 1526 5851 De
1555 5795 1693 5851 doto.
1723 5795 1914 5853 Sedet
1942 5797 2043 5855 hac
2063 5798 2130 5854 dc

544 5864 607 5925 i‘e
635 5882 779 5937 sup.,
810 5866 969 5935 epist.
991 5864 1062 5919 35
1084 5864 1179 5921 lib.
1209 5882 1280 5922 IV.
1306 5866 1475 5922 Fons.

2226 4687 2367 4742 velle
2408 4684 2691 4756 proﬁtetur
2737 4685 2976 4752 insidias,
3028 4687 3270 4757 quisquis
3318 4688 3520 4744 habere
3562 4700 3585 4729 ο
3632 4690 3821 4745 liberos

2227 4786 2539 4838 contractus
2580 4785 2891 4835 constanter
2930 4779 3165 4837 allectat.
3216 4781 3392 4851 Atque
3435 4782 3576 4848 ideo,
3628 4784 3675 4839 si
3709 4782 3734 4820 ἀ
3773 4782 3820 4837 id

2303 4952 2329 4991 ά
2362 4953 2429 5035 ζα
2458 4963 2675 5035 tempus,
2707 4969 2901 5035 nempe
2931 4955 2983 5035 in
2998 4957 3253 5035 _maribu_s
3288 4958 3540 5035 vigesimi
3562 4961 3688 5014 anni
3716 4974 3823 5035 me-

2235 5034 2334 5087 tae;
2365 5025 2417 5078 in
2454 5025 2667 5078 feminis
2690 5027 2869 5080 octavi
2897 5034 2952 5080 et
2980 5026 3170 5081 decimi
3202 5029 3542 5084 Constantini
3572 5034 3825 5086 constitu-

2238 5097 2383 5172 tione
2440 5094 2788 5163 deﬁniuntur,
2830 5095 2865 5149 l.
2906 5096 2959 5161 2,
3129 5098 3208 5151 De
3254 5099 3319 5172 iis
3374 5104 3459 5172 qui
3519 5118 3635 5155 ven.
3687 5110 3821 5155 rem.

2233 5168 2475 5236 impetu,
2530 5180 2691 5236 quam
2749 5174 2962 5221 attatem
3018 5167 3104 5222 hic
3158 5167 3405 5224 acerbam
3459 5173 3818 5225 maturitatem

2234 5238 2511 5305 eleganter
2553 5243 2732 5305 vocat,
2781 5243 2840 5289 ut
2880 5236 3089 5304 Ulpian.
3124 5238 3175 5291 in
3206 5239 3241 5290 l.
3273 5239 3328 5304 2,
3363 5257 3502 5295 vers.
3548 5241 3822 5305 Maturius,

2235 5252 2511 5360 eleganter
2553 5252 2732 5299 vocat,
2781 5252 2840 5289 ut
2883 5252 3089 5304 Ulpian.
3124 5255 3175 5291 ιιι
3206 5252 3241 5290 ι.
3273 5252 3328 5304 2,
3363 5257 3502 5295 vers.
3548 5252 3822 5305 Maturius,

2235 5306 2273 5361 I.
2346 5348 2359 5372 ,
2391 5323 2532 5362 vers.
2576 5304 2741 5376 Quasi
2776 5306 3071 5376 ambitiosa,
3108 5309 3167 5361 D.
3211 5308 3291 5362 De
3317 5314 3534 5376 minam;
3566 5322 3618 5366 et
3652 5313 3824 5365 Philo-

2237 5386 2412 5451 s_trat.,
2440 5377 2578 5451 lib._r
2606 5376 2672 5430 de
2698 5375 2818 5451 Yita
2844 5372 3113 5446 Apollonii
3135 5378 3338 5449 Tyanei
3360 5372 3575 5436 videtur
3594 5383 3825 5451 aliquan-

2238 5446 2307 5501 do
2355 5448 2617 5502 maturius
2664 5445 3038 5503 adolescentes
3084 5445 3197 5503 suaé
3245 5451 3425 5505 tutelae
3480 5451 3597 5507 ﬁeri
3647 5445 3825 5507 solitos

2238 5518 2483 5591 innuere.
2513 5518 2876 5591 Quamobrem
2906 5519 3227 5588 praediorum
3276 5521 3532 5577 alienatio
3571 5538 3678 5577 non
3711 5537 3827 5591 per:

2237 5590 2703 5661 mittiturtacuue
2729 5590 3031 5659 hypotheca
3078 5591 3292 5661 quidem
3322 5590 3767 5658 immobilium,’l.
3795 5590 3826 5643 5

2239 5658 2369 5740 βοά.
2390 5659 2537 5740 ⁸(ιιιιὶ.
2593 5656 2883 5740 Πηιξᾳιιειι
2916 5656 3131 5729 quoque
3165 5656 3823 5740 Gallorum_clausnla_so-

2238 5728 2431 5783 lemnis
2462 5730 2512 5783 in
2553 5729 2915 5799 concipiendis
2958 5728 3216 5798 ejusinodi
3246 5734 3505 5789 codicillis
3538 5734 3823 5787 venialibus

2240 5800 2442 5880 (vulgo,
2479 5799 2581 5880 bail
2609 5800 2638 5852 ὰ
2657 5804 3078 5880 _gouver_n_emen’l)
3100 5803 3378 5880 adjicitur,
3412 5808 3443 5858 ὰ
3473 5806 3523 5859 la
3555 5807 3741 5877 charge
3767 5802 3821 5853 de

2239 5868 2489 5925 n’aliéner
2537 5872 2606 5926 les
2651 5868 2966 5929 iinmeubles.
3016 5868 3190 5944 Cujus
3222 5868 3555 5949 exceptionis
3600 5868 3706 5934 vis'
3722 5876 3817 5931 hac
