3958 6446
0 5655 573 6395 ι

185 281 334 340 σηθ
1589 284 1954 345 numnum

1986 288 2192 344 LIBER
2235 291 2348 348 VII.
3482 301 3584 358 150

187 408 487 472 tempus
517 410 751 460 constat
781 401 1040 473 elapsum,
1069 415 1178 472 quo
1206 401 1273 458 ad
1302 403 1443 458 hanc
1469 401 1682 458 veniam
1711 401 1893 458 accedi
1919 406 1970 466 Α
1997 401 2488 473 splendidissimum
2522 404 2758 462 ofﬁcium
2787 409 3032 464 censoria
3069 409 3299 481 quadam
3326 411 3589 480 gravitate

189 490 355 564 jura
409 496 762 563 voluerunt,
805 510 904 550 nos
943 505 1160 565 quoque
1205 495 1574 566 probabilibus
1615 495 1895 551 desideriis

196 585 575 644 licentiam
630 605 737 644 non
784 603 1068 657 negamus;
1114 597 1171 642 ut
1217 589 1271 643 in
1318 588 1434 642 foro
1475 589 1802 660 competenti
1830 603 1892 643 ea

202 693 362 748 qua:
401 679 472 732 in
513 679 613 734 his
641 679 818 736 causis
849 678 1143 734 reverenda
1179 679 1354 747 legum
1387 679 1554 733 dictat
1580 679 1892 746 antiquitas,

199 769 612 828 solemniter
639 772 949 828 actitentur.
973 771 1049 827 lta
1080 781 1138 827 ut
1167 771 1222 826 in
1250 771 1551 828 alienandis
1576 772 1788 827 rusticis
1811 773 1895 828 vel

208 859 501 917 urbanis
561 862 778 933 praediis
815 863 1262 918 constitutionum
1293 871 1537 919 servetur
1564 864 1890 918 auctoritas:

211 963 304 1006 ne
340 966 500 1006 cum
542 952 794 1023 Opinioni
827 960 1084 1023 prtestare
1114 953 1378 1019 volumus,
1403 952 1685 1007 utilitatem
1713 951 1892 1022 publi-

218 1057 369 1098 cam
406 1043 641 1101 Imdere
671 1045 966 1100 videamur.
1007 1045 1154 1116 Cape
1202 1047 1362 1116 igitur
1401 1055 1588 1101 nostro
1629 1045 1892 1102 beneﬁcio

216 1135 565 1206 potiorem
609 1138 764 1191 annis
809 1145 1052 1204 :etatem;
1091 1145 1146 1192 et
1192 1135 1336 1205 quod
1379 1137 1517 1208 petis
1550 1137 1618 1191 ab
1646 1137 1890 1205 oraculo,

220 1224 534 1280 moribus
565 1227 840 1283 exhibeto.
872 1226 1005 1281 Nam
1035 1226 1300 1298 professio
1329 1227 1650 1282 maturitatis
1681 1226 1891 1282 acerba:

223 1314 454 1380 locum
503 1318 743 1388 denegat
783 1320 1036 1385 actionis,
1077 1319 1293 1388 quando
1335 1320 1506 1374 multo
1552 1319 1767 1388 gravior
1809 1325 1893 1374 est

226 1407 427 1478 culpa
461 1423 642 1480 quam
669 1425 778 1464 sua:
800 1409 1176 1481 promissionis
1196 1410 1472 1481 impugnat
1501 1409 1813 1466 auctoritas.

238 1561 434 1635 122
480 1562 649 1619 XLII.
693 1579 940 1620 PORIULA
982 1581 1158 1624 EDICTI
1195 1582 1263 1620 AD
1290 1579 1641 1631 ouzs'roneu,
1673 1579 1743 1620 υτ
1774 1579 1888 1620 IPSE

499 1650 778 1691 SPONDERE
805 1652 1013 1691 DEBEAT
1035 1652 1124 1700 ουι
1150 1651 1382 1693 διιοιεειι
1410 1651 1683 1691 ιεητυιι.

320 1766 698 1840 Frequenter
743 1770 980 1841 sajones,
1010 1786 1147 1842 quos
1189 1787 1222 1826 a
1263 1771 1418 1827 nobis
1448 1770 1772 1826 credidimus
1799 1773 1885 1842 pia
1916 1798 1964 1858 Β

239 1859 574 1917 Voluntate
603 1863 853 1929 concedi,
886 1864 1120 1934 querelis
1151 1864 1402 1918 maximis
1428 1864 1777 1933 cognovimus
1804 1864 1886 1919 in-

239 1962 560 2023 gravatos.
608 1954 935 2025 Corruptum
980 1964 1063 2011 est
1098 1957 1272 2029 (prob
1297 1956 1523 2028 dolor!)
1571 1956 1888 2013 beneﬁcium

245 2053 552 2111 nostrum,
598 2047 875 2116 crevitque
925 2047 1106 2118 potius
1152 2047 1220 2103 de
1273 2049 1541 2104 medicina
1586 2049 1886 2118 calamitas,

245 2137 399 2191 dum
428 2137 506 2192 ad
527 2138 662 2193 alios
678 2155 804 2195 usus
825 2141 1125 2210 potentium
1153 2139 1485 2209 malignitate
1502 2141 1744 2195 translati
1765 2149 1891 2196 sunt

250 2241 445 2298 quam
480 2245 576 2285 eos
607 2239 792 2286 nostra
823 2232 1058 2286 remedia
1102 2233 1513 2287 transtulerunt.
1548 2230 1702 2286 Unde
1731 2232 1886 2288 nobis

251 2334 510 2376 necesse
538 2321 637 2376 fuit
664 2323 906 2378 remedio
936 2323 1134 2378 salubri
1164 2325 1305 2379 votis
1332 2323 1602 2393 pestiferis
1628 2324 1884 2394 obviare,

257 2428 336 2468 ne
369 2413 511 2468 dum
543 2415 758 2494 pietatis
795 2416 1030 2472 studium
1060 2417 1128 2472 ad
1156 2418 1385 2488 :equalia
1430 2417 1691 2473 beneﬁcia
1723 2419 1888 2474 trahi-

262 2513 389 2572 tur,
426 2506 834 2578 surreptionum
876 2507 1210 2578 iniquissima
1238 2508 1529 2580 patiamur.
1561 2508 1738 2580 Atque
1766 2509 1888 2566 ideo

262 2594 499 2651 edictali
527 2607 926 2669 programmate
954 2598 1238 2655 deﬁnimus
1267 2609 1327 2654 ut
1353 2602 1660 2670 quicunque
1699 2610 1887 2656 contra

263 2684 555 2741 violentas
598 2687 815 2742 insidias
857 2697 1080 2758 propter
1127 2688 1501 2744 ineluctabilcs
1541 2691 1890 2748 necessitates

263 2789 411 2832 suas
442 2778 639 2832 mereri
669 2778 942 2834 desiderat
973 2779 1168 2835 fortem
1194 2779 1458 2849 sajonem,
1489 2780 1669 2836 ofﬁcio
1699 2789 1888 2838 nostro

265 2871 488 2941 pcenali
516 2887 575 2927 se
601 2873 816 2928 vinculo
845 2873 1113 2928 cautionis
1141 2873 1432 2942 astringat;
1459 2880 1519 2927 ut
1546 2873 1591 2927 si
1620 2881 1888 2944 prmcepta

269 2970 486 3017 nostra:
524 2962 782 3032 jussionis
826 2963 1160 3019 immissione
1215 2963 1475 3033 plectibili
1523 2964 1668 3033 sajus
1716 2980 1882 3036 quem

272 3064 530 3112 meretur
565 3056 883 3123 excesserit,
934 3064 991 3111 et
1035 3057 1150 3127 ipse
1189 3071 1363 3126 poena:
1401 3057 1618 3112 nomine
1646 3057 1740 3112 det
1767 3057 1883 3112 auri

272 3145 452 3201 libras
485 3155 586 3212 tot,
627 3156 683 3203 et
727 3146 1039 3203 satisfacere
1081 3147 1364 3217 promittat
1401 3161 1737 3217 quaecunque
1764 3146 1882 3216 ejus
1909 3166 1958 3232 ο

281 3243 633 3298 adversarius
654 3243 894 3312 potuerit
924 3251 1030 3297 tam
1055 3243 1324 3298 commodi
1348 3242 1737 3312 quamitineris
1765 3257 1884 3298 sus-

273 3338 459 3395 tinere
489 3339 832 3394 detrimenta.
879 3338 990 3394 Nos
1015 3339 1158 3395 enim
1179 3355 1302 3394 cum
1323 3339 1618 3410 reprimere
1645 3338 1886 3395 inciviles

275 3433 498 3488 animos
527 3432 794 3497 volumus,
827 3446 1167 3502 prmgravare
1193 3431 1557 3486 innocentiam
1584 3446 1693 3486 non
1721 3431 1884 3487 debe-

277 3537 425 3578 mus.
459 3522 618 3592 Sajus
645 3531 850 3592 autem,
876 3525 969 3593 qui
997 3539 1094 3579 sua
1124 3523 1403 3578 voluntate
1429 3523 1646 3578 modum
1675 3538 1897 3594 praece-.

279 3612 490 3684 ptionis
519 3613 833 3678 excesserit,
859 3613 1129 3669 donativis
1154 3628 1214 3668 se
1239 3614 1452 3669 noverit
1476 3613 1800 3678 exuendum,
1829 3621 1884 3668 et

281 3703 472 3774 gratiae
516 3712 714 3760 nostra:
762 3703 930 3776 (quod
972 3713 1056 3760 est
1099 3704 1310 3760 damnis
1354 3704 1605 3760 omnibus
1641 3705 1879 3774 gravius)

281 3794 562 3852 incurrere
605 3810 766 3866 posse
810 3796 1139 3866 periculum;
1187 3811 1288 3852 nec
1339 3796 1440 3851 sibi
1488 3796 1714 3851 ulterius
1762 3810 1882 3851 esse

283 3887 636 3952 credendum,
665 3886 711 3942 si
730 3885 987 3956 jussionis
1015 3895 1230 3953 nostrae,
1265 3886 1418 3957 cujus
1447 3893 1735 3943 exsecutor
1761 3901 1881 3942 esse

283 3979 492 4048 debuit,
527 3987 823 4036 temerator
849 3981 1136 4037 exstiterit.

430 4127 614 4194 XLIII.
645 4153 893 4196 FORIULA
917 4153 1264 4195 PROBATOBIE
1291 4151 1728 4193 cumnmonuu.

356 4249 588 4306 Constat
621 4250 866 4306 militiam
894 4251 1037 4306 bene
1079 4250 1215 4318 geri,
1244 4263 1364 4317 qua:
1402 4247 1641 4318 probatis
1668 4245 1882 4302 videtur

287 4343 516 4412 imponi,
557 4342 774 4412 quando
821 4343 938 4412 ipse
983 4357 1165 4396 secum
1205 4347 1385 4410 potest
1424 4339 1707 4395 revolvere
1735 4337 1881 4408 quod

263 4435 452 4506 _judex
482 4448 604 4489 eum
632 4433 810 4505 potuit
853 4432 1177 4497 admonere;
1209 4432 1442 4484 maxime
1467 4445 1587 4485 cum
1619 4427 1686 4482 ad
1716 4427 1880 4497 patri-

287 4526 470 4583 monia
515 4527 709 4582 divinae
755 4525 877 4581 talis
924 4525 1115 4580 domus
1160 4529 1434 4577 mereatur
1485 4519 1777 4588 accedere,
1821 4527 1882 4574 ut

288 4618 586 4692 cupiditate
603 4617 910 4675 detestabili
933 4631 1042 4672 non
1068 4615 1242 4687 possit
1267 4612 1508 4670 accendi.
1535 4610 1738 4668 Deinde
1758 4623 1883 4666 cum

289 4861 510 4921 quoque
555 4845 786 4921 formula
831 4844 1118 4921 excipitur,
1146 4858 1290 4921 vers.
1332 4839 1419 4921 Ita
1463 4849 1520 4921 tu
1562 4839 1888 4921 iuoalienan-

291 4910 394 4986 dis,
421 4910 535 4973 etc.
574 4917 800 4972 Athenis
840 4910 1211 4971 adolescentes
1260 4913 1312 4967 in
1362 4910 1710 4986 Lexiarehico
1738 4924 1888 4965 com-

291 4980 565 5062 mentario
582 4987 765 5062 _re_l_ati
803 5002 867 5041 ac
909 4986 1099 5062 censi_t_i
1145 4983 1468 5062 snectutem
1495 4980 1884 5062 efficiebantur,

292 5070 355 5116 ut
371 5059 557 5114 scribit
580 5057 790 5120 Pollux,
816 5065 1038 5126 tumque
1058 5056 1122 5110 iis
1147 5053 1555 5109 administrandi
1577 5053 1885 5126 patrimonii

291 5130 379 5200 jus
407 5137 542 5185 erat.
567 5127 758 5201 Suidas
785 5146 799 5180 :
830 5121 1135 5201 Οἷςέξῆγςτά
1155 5135 1375 5201 πατρῷα
1395 5129 1702 5201 ονὶκονομεζνς
1727 5121 1886 5190 hujus

299 5193 465 5256 inoris
507 5198 750 5273 meminit
799 5196 1178 5273 et_Eschi_nes
1207 5215 1220 5250 :
1257 5193 1346 5273 ficii
1371 5199 1542 5273 nupta;
1565 5193 1764 5273 ’ἐγένεςτο
1787 5201 1884 5272 γῆς

299 5275 496 5332 οὐσίας.
528 5268 636 5324 Sed
664 5270 732 5322 de
757 5267 1188 5341 adolescentibus
1207 5267 1379 5321 aetatis
1397 5265 1610 5341 veniam
1631 5265 1886 5341 principis

301 5341 630 5410 indulgentia
660 5338 986 5403 consecutis,
1018 5338 1124 5392 alio
1152 5336 1274 5393 loco
1299 5344 1506 5392 certum
1536 5340 1618 5388 est
1645 5332 1886 5402 pluribus

302 5428 480 5482 agere.
515 5410 693 5491 Fomv...
889 5479 900 5491 .
946 5479 958 5490 .
1063 5477 1073 5489 ι
1380 5477 1392 5489 .
1699 5473 1712 5484 ⁸

302 5491 400 5556 ι·
430 5481 694 5556 Cartbarn
742 5487 986 5556 meminit
1039 5477 1150 5556 lib._
1178 5493 1254 5544 ιχ,
1287 5484 1464 5556 _eplst.
1515 5475 1570 5544 5,
1621 5475 1886 5556 ijusque

433 5554 510 5618 tio
535 5552 596 5606 ﬁt
622 5551 675 5606 in
713 5551 881 5607 veteri
911 5549 1259 5618 inscriptione
1287 5543 1664 5618 Nemausensi.
1682 5543 1802 5618 Jun.

501 5620 650 5688 ‘2,C.
682 5622 756 5676 [)e
781 5622 924 5692 petit.
956 5614 1266 5692 bonfsubL,
1291 5619 1382 5671 lib.
1409 5635 1468 5692 x,
1495 5619 1576 5670 tit.
1607 5614 1881 5692 12._Fomv.

529 5686 902 5767 Blligitauictor
929 5707 1092 5761 opera
1124 5689 1358 5767 publica,
1387 5689 1620 5767 vel_quae
1649 5686 1727 5767 ad
1745 5699 1887 5767 retu-

509 5755 713 5831 irn,'vel
741 5755 1008 5819 civitatein
1039 5755 1327 5831 pertinent,
1362 5768 1417 5814 ut
1445 5755 1625 5814 videre
1653 5764 1736 5813 est
1763 5756 1817 5811 in
1846 5755 1884 5810 l.

537 5836 626 5903 do,
655 5833 714 5892 C.
745 5834 827 5891 De
851 5850 992 5906 oper.
1021 5833 1143 5904 pub.
1173 5831 1364 5890 Bnoss.

1994 495 2256 560 reluceat,
2287 505 2342 552 et
2372 506 2526 568 turpe
2554 499 2625 552 sit
2653 500 2756 554 illis
2784 500 2996 556 misceri
3026 501 3118 570 qui
3151 501 3324 571 dignis
3351 503 3590 560 moribus

1995 602 2102 641 non
2130 595 2354 657 possunt
2385 589 2693 658 approbari,
2718 605 3012 661 congruum
3042 593 3253 648 videtur
3281 594 3416 649 tales
3443 609 3591 666 qute-

1993 691 2115 730 rere
2138 677 2229 746 qui
2273 678 2326 732 in
2362 679 2510 733 nullo
2538 677 2773 734 debeant
2801 680 3110 750 displicere.
3145 683 3321 752 Atque
3351 684 3472 740 ideo
3495 687 3591 741 tri-

1993 768 2122 824 buni
2167 779 2192 806 ο·
2243 769 2634 826 chartariorum
2681 774 3027 840 suggestione
3071 785 3368 846 comperta,
3425 794 3591 848 penes

1994 873 2155 930 quem
2182 858 2346 915 ofﬁcii
2376 867 2458 916 est
2481 860 2640 929 digna
2668 863 2993 928 reverentia,
3017 863 3084 918 ab
3109 865 3200 920 illo
3221 866 3310 922 die
3333 868 3588 924 cbartarii

1993 960 2048 1008 te
2074 953 2321 1008 volumus
2349 968 2548 1009 nomen
2575 953 2821 1024 adipisci;
2852 963 2911 1010 ut
2947 955 3037 1024 qui
3077 957 3234 1012 nobis
3261 957 3403 1014 bene
3429 968 3585 1016 actu~

1993 1058 2086 1098 rus
2112 1043 2464 1113 promitteris,
2490 1044 2828 1100 documentis
2865 1045 3222 1102 Iaudabilibus
3254 1051 3588 1119 approberis.

1992 1135 2287 1191 Avaritiam
2337 1137 2567 1202 declina,
2619 1137 2834 1206 longius
2864 1135 2988 1206 fuge
3032 1138 3214 1207 iniqua
3247 1141 3589 1210 compendia.

1991 1225 2161 1280 Multo
2189 1225 2382 1280 melius
2409 1224 2710 1295 proﬁcitur,
2741 1227 2787 1282 si
2813 1227 2971 1282 bonis
2996 1227 3237 1283 moribus
3267 1231 3550 1285 serviatur.

2228 1359 2411 1415 XLIV.
2445 1375 2694 1416 romwu
2723 1377 2791 1416 ne
2817 1359 2845 1399 δ
2876 1377 3358 1417 coursnromnus.

2062 1452 2256 1508 Nescio
2304 1451 2432 1522 quid
2469 1451 2673 1520 grande
2699 1450 2768 1506 de
2803 1467 2863 1507 se
2892 1452 3100 1506 videtur
3127 1453 3462 1522 promittere,
3492 1451 3586 1522 qui

1991 1547 2114 1604 loca
2152 1544 2422 1602 desiderat
2461 1544 2675 1614 publica
2715 1544 3013 1613 possidere.
3054 1543 3170 1599 Hoc
3199 1545 3342 1599 enim
3372 1547 3444 1600 ita
3476 1543 3592 1599 ﬁeri

1990 1637 2164 1702 decet,
2216 1636 2262 1692 si
2310 1645 2333 1674 ο
2384 1650 2472 1691 res
2519 1632 2763 1704 squalida
2816 1634 2869 1688 in
2917 1633 3198 1688 meliorem
3249 1634 3355 1710 loci
3398 1633 3589 1690 faciem

1992 1727 2344 1783 transferatur
2381 1734 2437 1782 et
2476 1733 2764 1782 revocetur
2799 1724 2866 1780 ad
2905 1734 3153 1781 ornatum
3182 1725 3327 1796 quod
3381 1727 3588 1797 pridem

1988 1821 2271 1876 videbatur
2310 1821 2495 1890 jacere
2541 1819 2825 1874 incultum.
2877 1819 3054 1890 Atque
3093 1819 3216 1875 ideo
3258 1819 3590 1875 desideranti

1993 1912 2092 1967 tibi
2115 1912 2262 1966 illum
2286 1912 2463 1967 locum
2487 1911 2845 1982 proprietario
2863 1910 2984 1980 jure
3008 1911 3376 1978 concedimus,
3393 1919 3590 1982 praeter

1989 2016 2084 2067 aes,
2117 2007 2209 2054 aut
2237 2000 2534 2070 plumbum,
2563 1999 2650 2054 vel
2675 2015 2968 2065 marmora,
2996 1999 3039 2055 si
3073 2007 3250 2054 tamen
3281 2000 3352 2054 ibi
3383 1998 3588 2055 fuerint

1990 2091 2162 2147 latere
2187 2099 2485 2161 comperta.
2511 2090 2623 2159 Age
2653 2091 2834 2160 itaque
2859 2098 2917 2146 ut
2947 2107 3045 2162 per
3068 2101 3118 2147 te
3140 2099 3317 2146 sumat
3338 2091 3590 2148 decorem

1990 2184 2138 2254 quod
2165 2185 2468 2252 neglectum
2499 2183 2705 2240 incuria
2729 2191 2998 2239 vetustate
3021 2183 3294 2253 jacuerat;
3323 2194 3592 2256 quatenus

1989 2273 2121 2330 boni
2163 2275 2296 2329 civis
2341 2273 2553 2330 laudem
2583 2273 2828 2330 invenire
2867 2275 3146 2340 merearis,
3183 2275 3229 2331 si
3258 2274 3456 2330 faciem
3485 2279 3595 2332 tua!

1991 2365 2228 2421 civitatis
2254 2365 2548 2432 ornaveris,
2581 2379 2806 2421 securus
2837 2364 3002 2420 etiam
3031 2365 3098 2419 ad
3127 2373 3378 2435 posteros
3408 2372 3586 2420 trans-

1990 2456 2251 2512 missurus
2297 2455 2441 2525 quod
2484 2457 2706 2526 proprio
2759 2456 2921 2512 fuerit
2966 2455 3155 2510 labore
3202 2456 3584 2526 compositum.

1990 2548 2125 2618 Quia
2169 2557 2320 2606 tanto
2362 2549 2568 2606 ﬁrmius
2604 2550 2973 2622 unusquisque
3013 2548 3334 2620 possidebit,
3382 2558 3588 2621 quanto

1987 2659 2048 2700 se
2077 2651 2430 2714 auctoresque
2457 2659 2584 2700 suos
2613 2644 2844 2714 amplius
2871 2643 3193 2715 expendisse
3218 2642 3548 2714 probaverit.

1987 2779 2148 2838 XLV.
2175 2797 2445 2850 malum,
2475 2799 2577 2846 qua
2607 2799 2798 2839 census
2835 2783 2863 2821 ά
2899 2799 3218 2838 ιιειενετυιι
3245 2799 3297 2840 ει
3324 2797 3414 2849 om
3441 2797 3586 2839 una

2312 2861 2336 2888 °
2361 2868 2529 2910 CASAI
2566 2869 2814 2909 POSSIDET
2845 2869 3268 2910 PBEGBAVATAI.

2057 2961 2195 3018 Cum
2221 2962 2290 3019 de
2318 2963 2433 3033 agri
2460 2963 2692 3020 utilitate
2717 2965 2929 3020 vivatur
2950 2974 3005 3020 et
3033 2965 3282 3021 omnibus
3309 2963 3436 3020 inde
3464 2979 3583 3022 cer-

1988 3064 2101 3113 tum
2131 3057 2202 3112 sit
2244 3056 2450 3126 justum
2487 3057 2674 3112 venire
2712 3056 3112 3128 compendium,
3154 3057 3417 3112 tributum
3453 3055 3586 3113 illud

1986 3148 2346 3220 possessionis
2379 3148 2432 3203 in
2472 3147 2565 3202 illa
2603 3148 2881 3218 provincia
2911 3147 3218 3203 constitutae
3241 3148 3314 3203 ita
3341 3149 3586 3218 quereris

1989 3254 2304 3308 onerosum,
2335 3247 2396 3294 ut
2418 3239 2698 3296 universas
2720 3239 2816 3295 tibi
2839 3239 3109 3295 voraverit
3129 3239 3412 3296 facultates
3435 3241 3586 3297 lacus

1987 3331 2079 3387 ille
2124 3331 2458 3386 vastissimus
2496 3329 2815 3396 functionis;
2859 3340 2916 3386 et
2953 3331 3100 3401 quod
3135 3330 3354 3387 aliunde
3385 3345 3584 3401 magno

1985 3420 2174 3478 labore
2201 3427 2383 3491 potest
2410 3420 2610 3490 colligi,
2648 3434 2747 3491 per
2782 3421 2927 3476 illam
2956 3420 3204 3476 videatur
3232 3421 3454 3486 assumi,
3485 3437 3586 3478 cu-

1981 3513 2072 3584 jus
2117 3513 2406 3569 utilitatem
2458 3513 2621 3568 nimia
2669 3513 3002 3570 transcendit
3053 3513 3262 3583 illatio,
3299 3513 3427 3569 dum
3464 3513 3587 3586 plus

1984 3607 2416 3676 compulsoribus
2458 3606 2700 3661 redditur
2746 3621 2910 3676 quam
2957 3620 2988 3660 a
3032 3605 3220 3661 sedqu
3269 3613 3578 3676 praestetur.

1985 3698 2330 3768 Quapropter
2356 3696 2625 3753 credimus
2651 3705 2704 3753 te
2737 3697 2966 3753 evadere
2993 3711 3156 3768 posse
3185 3697 3505 3765 nuditatem,
3535 3699 3583 3754 si

1983 3790 2280 3846 dominium
2309 3789 2468 3858 hujus
2495 3789 2635 3844 ruris
2664 3789 2810 3862 μηδ,
2842 3787 3011 3860 urbis]
3040 3789 3304 3856 amiseris,
3331 3790 3418 3846 cui
3440 3789 3584 3861 jugis

1982 3881 2239 3938 sterilitas
2265 3879 2334 3937 de
2361 3879 2796 3950 compulsoribus
2831 3881 3010 3946 venit;
3041 3895 3110 3935 ne
3138 3879 3450 3936 conditione
3479 3879 3582 3936 mi-

1983 3974 2202 4030 serabili
2245 3973 2450 4030 servias
2496 3972 2828 4039 necessitati,
2859 3971 3013 4040 cujus
3040 3970 3289 4026 dominus
3317 3985 3440 4026 esse
3465 3985 3580 4026 me-

1983 4068 2160 4124 ruisti.
2187 4065 2296 4123 Sed
2324 4067 2448 4136 quia
2476 4065 2582 4122 hoc
2611 4080 2780 4136 genus
2824 4063 3071 4122 beneﬁcii
3105 4064 3347 4135 praestari
3374 4063 3582 4120 medio-

1982 4160 2163 4216 cribus
2214 4159 2363 4229 leges
2412 4158 2788 4213 sacratissima
2829 4164 3186 4225 censuerunt,
3237 4163 3297 4211 ut
3341 4155 3436 4226 qui
3482 4170 3614 4226 pro.

1981 4249 2141 4305 unius
2188 4247 2407 4320 cespitis
2453 4247 2776 4303 enormitate
2821 4245 3162 4317 deprimitur,
3210 4260 3314 4302 nec
3355 4245 3582 4303 alterius

1983 4338 2372 4395 commoditate
2411 4338 2742 4404 sublevatur,
2783 4337 3154 4395 moderatione
3190 4338 3376 4395 habita
3404 4337 3455 4394 ei
3483 4337 3578 4394 de-

1983 4429 2110 4484 beat
2140 4426 2436 4495 subveniri,
2487 4425 2872 4496 magnitudinis
2919 4435 3138 4496 nostrae,
3183 4429 3269 4484 cui
3306 4427 3457 4484 cordi
3494 4434 3580 4484 est

1984 4519 2223 4587 cogitare
2262 4517 2548 4587 justitiam,
2575 4517 2826 4587 praesenti
2865 4519 3188 4577 auctoritate
3216 4517 3578 4583 decernimus,

1984 4617 2064 4678 ut,
2083 4609 2130 4666 si
2146 4609 2222 4666 ita
2249 4616 2354 4680 est,
2378 4617 2461 4666 tot
2487 4609 2689 4667 solidos
2714 4609 3001 4668 tributario
3024 4610 3346 4683 supradictae
3365 4624 3580 4684 posses-

3587 4715 3598 4786 ξ

2065 4833 2094 4874 τι
2111 4833 2293 4908 _Hodie
2320 4835 2487 4908 vetita
2515 4843 2599 4891 est
2624 4835 2815 4908 petitio
2842 4833 3212 4908 relevationis,
3238 4832 3324 4908 vel
3351 4831 3579 4908 transla-

1991 4905 2171 4969 tionis,
2203 4905 2289 4961 vel
2319 4901 2676 4970 admrationis,
2719 4915 2850 4974 etc.,
2891 4906 2982 4962 lib.
3025 4921 3058 4960 x
3101 4903 3268 4974 Cod.,
3286 4902 3368 4956 tit.
3391 4901 3482 4967 28,
3511 4903 3579 4958 de

1990 4977 2174 5033 collat.
2203 4976 2526 5032 donatorum
2555 4979 2639 5033 vel
2679 4972 3059 5039 relevatorum,
3092 4983 3196 5030 etc.
3229 4972 3399 5027 Fomv.

2063 5057 2088 5086 °
2121 5045 2180 5101 L.
2212 5045 2268 5114 4,
2295 5046 2354 5100 D.
2389 5047 2469 5102 De
2497 5047 2689 5104 censib.
2720 5057 2769 5102 et
2804 5049 2908 5114 tit.,
2934 5045 2994 5100 C.
3039 5044 3118 5098 De
3152 5040 3490 5114 censitoribus
3526 5050 3580 5114 _et

1989 5110 2293 5193 perimunt},
2328 5119 2524 5193 novell.
2562 5118 2699 5193 165.
2720 5110 2931 5193 Ulpian.
2966 5114 3130 5193 _Rhet.
3163 5113 3216 5167 in
3239 5110 3493 5193 oratione
3509 5111 3578 5166 de

1989 5181 2150 5241 male
2177 5187 2321 5242 obita
2369 5189 2530 5257 legat.
2578 5189 2765 5245 scribit
2787 5181 3140 5257 'vacationem
3187 5197 3226 5257 a_
3268 5181 3579 5238 muneribus

2029 5257 2316 5332 auperibus
2346 5251 2456 5332 (qu
2503 5259 2592 5314 hic
2630 5259 2930 5332 mediocres
2965 5251 3576 5332 dicun_turj_gopcess_am

2029 5273 2316 5327 aupennus
2346 5273 2456 5332 (qui
2505 5273 2592 5314 mc
2630 5273 2930 5314 mediocres
2965 5273 3236 5322 dicuntur)
3260 5273 3576 5332 EOIICESSIIII

1991 5273 2172 5393 Fuisse,
2204 5336 2263 5402 ut
2290 5346 2405 5386 rem
2430 5331 2783 5386 domesticam
2811 5332 3087 5402 curarent;
3112 5321 3293 5402 B_aSiIII
3333 5320 3578 5402 Porphy-

1993 5390 2263 5465 rogenetis
2291 5402 2606 5456 constitutio
2647 5406 2960 5457 recensetur
2988 5410 3018 5448 a
3047 5393 3316 5465 Cedreno,
3347 5400 3406 5465 et
3431 5390 3534 5465 lib.‘_
3558 5407 3576 5447 ι

1993 5461 2132 5523 Juris
2159 5467 2464 5536 Orientalis,
2493 5487 2596 5540 qua
2642 5482 2959 5540 pauperum,
2991 5465 3082 5535 qui
3113 5463 3287 5540 minus
3317 5461 3576 5540 solvendo

1993 5547 2192 5612 essent,
2218 5530 2480 5612 tributum
2513 5530 2550 5595 'a
2599 5530 3036 5612 lo'cup'letioribu's
3077 5530 3574 5612 erigeretuquuod

1993 5608 2320 5686 allilengium
2351 5612 2658 5686 vocabatur,
2689 5601 2757 5663 de
2787 5624 2894 5677 quo
2915 5607 3053 5686 alias
3084 5601 3575 5686 pluribusn'l'otius

1994 5673 2360 5749 autem'hujus
2385 5682 2620 5751 epistolae
2647 5673 3020 5751 argumentum
3063 5673 3312 5734 convenit
3333 5673 3578 5746 disputa-

1995 5751 2148 5820 tioni,
2178 5752 2215 5807 l.
2246 5747 2300 5807 4‘.
2331 5751 2392 5806 D.
2419 5747 2501 5806 De
2528 5749 2718 5806 censib.
2746 5747 2912 5804 Fons.
