3958 6450
139 241 264 318 7?».5
1485 227 1845 304 vAmAsUM
1884 225 2081 296 tum
2125 227 2254 294 Vill.
3356 233 3469 304 πει

139 361 475 441 voluntate
503 359 778 442 delegerit,
804 359 999 413 habeat
1026 356 1296 432 licentiam
1319 351 1681 432 distrahendi;
1706 351 1781 406 ita
1808 358 1864 422 Α
1888 357 2176 422 utrumque
2215 349 2359 406 cnim
2396 357 2577 432 potest
2603 363 2724 424 esse
2751 347 3042 424 culpabile,
3070 353 3165 420 aut
3188 347 3345 422 malis
3363 363 3479 424 mo-

140 437 212 524 ui.
245 427 478 526 reddat
509 419 754 528 debitum
795 449 939 522 quod
983 419 1246 520 probatur
1273 461 1393 508 esse
1421 421 1781 520 contractum,
1809 419 1863 422 ﬁ
1889 419 2038 499 ribus
2062 419 2212 500 frena
2239 419 2443 508 laxare,
2476 419 2568 497 aut
2586 419 2759 514 justas
2795 419 2990 502 iterum
3018 441 3265 516 querelas
3287 419 3478 513 exclu-

144 561 248 626 ne,
285 545 447 618 vitio
479 525 788 620 voracitatis
816 543 1071 616 imbutus,
1118 540 1401 608 facultates
1436 555 1562 615 suas
1601 540 1787 608 absor-
1890 535 2040 594 dere.
2079 535 2419 614 Quapropter
2453 525 2678 606 provide
2705 536 2858 592 vobis
2892 533 3137 610 permisit
3182 532 3479 612 antiquitas

145 640 298 713 bere
325 637 597 712 videatur
623 652 742 702 esse
765 634 1074 708 permissus.
1106 634 1331 702 Constet
1374 632 1518 704 apud
1537 647 1636 702 vos
1663 647 1790 708 pro-
1891 629 1959 686 de
1988 629 2077 685 illa
2105 644 2266 684 causa
2288 627 2600 698 decernere,
2634 629 2717 683 cui
2754 635 2834 684 est
2875 629 3007 684 utile
3058 628 3262 685 curiam
3301 634 3481 698 custo-

151 730 376 802 babilis
399 745 574 794 causa
599 729 935 804 damnorum,
965 727 1223 807 quoniam
1249 727 1354 790 illis
1382 726 1631 795 volumus
1658 723 1789 794 sub-

152 823 350 898 veniri
393 823 498 896 .qUi
541 821 692 898 duris
729 820 1142 894 necessitatibus
1187 819 1487 898 probantur
1537 816 1789 892 astrinsl;

238 1016 268 1046 α
300 1006 588 1082 Ceriales.
644 1004 1120 1082 navicuitatum.
1177 1000 1338 1077 epist.
1369 999 1424 1070 2.

156 1049 1032 1154 regeﬁ'ridiﬁmov’éiifsfiibiiﬁi

1335 1360 1684 1447 LIBER
1761 1270 2360 1454 ocravus.

1893 723 2029 781 dire.
2083 721 2129 778 A
2166 723 2358 801 quibus
2407 721 2550 796 enim
2593 722 2776 777 munia
2812 729 3070 800 poterunt
3111 719 3384 796 sustineri,
3435 720 3481 794 si

1896 808 2229 890 civitatum“
2252 813 2404 888 nervi
2427 815 2625 888 passim
2652 812 2937 888 videantur
2963 814 3199 880 abscidi?

1472 997 1632 1072 intra,
1661 996 1758 1072 lib.
1788 1012 1863 1071 rx,
1897 1003 1954 1074 et
1995 997 2053 1074 in
2092 992 2374 1082 Maioriani
2399 991 2632 1076 NovelL,
2665 992 2758 1058 ubi
2784 1007 2892 1062 non
2921 965 3126 1070 servos,
3154 989 3251 1064 sed
3289 1007 3483 1060 nervos

605 1599 761 1682 ιιι
786 1597 1116 1660 emerem
1151 1595 1388 1654 PRIMA.

382 1716 695 1760 IUSTINIANO
724 1707 1050 1754 IMPERATORI
1073 1701 1438 1748 ΑτῐιΑιΑιιιουε
1463 1699 1593 1741 REX.

171 1798 334 1854 Petit
387 1799 510 1870 ejus
549 1795 786 1870 gratiam
820 1798 872 1845 et
923 1787 1209 1870 amigitiam
1249 1781 1432 1865 iisdem
1464 1775 1792 1862 interpositis

249 1852 658 1925 conditionibus
679 1861 1000 1936 quibuscum
1031 1854 1351 1918 Theoderico
1394 1852 1594 1924 priores
1633 1852 1796 1918 impe-

247 1950 474 1999 ratores
503 1933 800 1996 sacietatem
827 1933 1074 1994 inierant.

251 2050 428 2106 Juste
447 2060 663 2120 possem
681 2040 1026 2116 reprehendi,
1043 2039 1250 2095 clemen
1258 2035 1461 2093 tissime
1471 2031 1793 2105 principum,

171 2147 223 2202 si
257 2159 471 2216 pacem
499 2147 736 2198 vestram
765 2148 1061 2208 quaererem
1088 2131 1292 2203 tepide,
1335 2142 1501 2200 quam
1545 2131 1799 2199 parentes

175 2253 352 2293 meos
380 2239 599 2292 constat
625 2230 900 2287 ardentius
937 2221 1254 2298 expetilsse;
1295 2230 1387 2278 aut
1413 2224 1468 2276 in
1493 2235 1599 2290 qua
1643 2225 1799 2290 parte

179 2333 396 2402 dignus
424 2329 599 2385 barres
627 2326 936 2389 existerem,
961 2321 1009 2376 si
1035 2317 1347 2374 auctoribus
1375 2313 1509 2370 meis
1539 2313 1714 2383 impar
1742 2310 1798 2366 in

179 2427 347 2477 tanta
381 2419 554 2492 gloria
580 2415 882 2488 reperirer‘?
908 2411 1025 2467 Non
1050 2424 1151 2466 vos
1178 2407 1441 2476 majorum
1470 2410 1800 2475 purpuratus

184 2519 418 2568 tantum
446 2510 581 2566 ordo
609 2507 888 2570 clariﬁcat,
921 2518 1032 2558 non
1057 2501 1137 2558 sic
1167 2500 1316 2568 regia
1363 2496 1497 2553 sella
1545 2494 1800 2551 sublimat

185 2613 470 2678 quantum
495 2604 658 2673 longe
682 2602 897 2669 lateque
916 2603 1110 2669 potens
1129 2591 1302 2663 gratia
1320 2596 1503 2646 vestra
1529 2586 1797 2678 nobilitat.

190 2674 400 2752 Omnia
436 2695 580 2751 enim
614 2706 782 2761 regno
830 2694 1014 2744 nostro
1052 2682 1292 2756 perfecte
1337 2684 1590 2736 constare
1627 2674 1802 2736 credi-

191 2805 349 2860 mus,
381 2789 428 2847 si
454 2788 598 2843 hanc
628 2784 784 2840 nobis
811 2781 1032 2836 minime
1061 2779 1249 2833 deesse
1280 2773 1558 2830 sentimus.
1591 2768 1700 2826 Sed
1746 2774 1803 2822 et

193 2881 398 2954 pietati
426 2886 621 2935 vestrae
649 2872 971 2948 praeconiale
999 2877 1082 2925 est
1105 2868 1327 2937 diligere
1353 2878 1583 2935 quorum
1621 2868 1804 2932 patres

192 2951 433 3042 contigit
458 2985 556 3027 vos
583 2981 814 3024 amasse.
851 2962 1021 3018 Nemo
1048 2959 1188 3016 enim
1215 2957 1453 3014 creditur
1477 2951 1804 3023 impendisse

1896 1586 2099 1652 bnis“-
2130 1583 2348 1655 Aliquid
2375 1582 2601 1645 forsitan
2624 1589 2682 1644 et
2707 1582 2934 1654 amplius
2959 1597 3176 1644 morm
3211 1583 3492 1644 sincerita-

1824 1670 1872 1730 B
1901 1680 1990 1746 tis,
2019 1677 2171 1749 cujus
2200 1692 2302 1741 nec
2331 1684 2465 1734 tetas
2488 1675 2701 1734 videtur
2727 1689 2844 1742 esse
2873 1683 3145 1745 suspecta,
3187 1690 3290 1732 nec
3327 1690 3492 1745 gene-

1896 1773 2037 1834 ratio
2086 1771 2198 1841 jam
2249 1771 2511 1840 probatur
2563 1776 2840 1828 extranea.
2898 1766 3153 1834 Quaedam
3204 1781 3335 1824 vero
3395 1783 3493 1838 per

1895 1864 2290 1937 suprascriptos
2335 1862 2544 1932 legatos
2584 1868 2802 1920 nostros
2845 1860 3204 1919 serenissimis
3247 1859 3493 1920 sensibus

1895 1961 2064 2022 verbo
2085 1955 2382 2018 iutimanda
2408 1955 2794 2022 commisimus,
2822 1969 2944 2024 quas
2978 1952 3276 2012 clementiae
3302 1960 3494 2010 vestra:

1898 2069 2052 2115 more
2079 2053 2150 2110 ad
2175 2050 2426 2114 eii‘ectum
2447 2050 2609 2107 facite
2629 2049 2933 2123 pervenire.

2489 2219 2821 2292 EPISTOLA
2855 2219 2922 2278 II.

2136 2349 2362 2393 servaret
2390 2350 2541 2393 uanis
2568 2350 2727 2390 norim
2759 2347 3128 2390 nasumcus
3156 2339 3280 2389 itu.

1902 2447 2040 2506 Eum
2079 2448 2253 2504 reddit
2298 2451 2566 2504 certiorem
2614 2465 2669 2503 se
2722 2463 2894 2519 regem
2939 2449 3175 2500 unanimi
3218 2444 3498 2505 Gothorum

1974 2521 2426 2594 Romanorumque
2471 2536 2720 2574 consensu
2739 2526 2977 2594 creatum
3018 2521 3206 2594 fuisse,
3250 2526 3301 2594 et
3347 2521 3500 2572 mittit

1973 2594 2043 2654 ad
2080 2608 2196 2675 eum
2235 2589 2571 2675 Sigismerem
2615 2592 2852 2675 comitem
2884 2589 3168 2645 cum'aiiis
3209 2589 3297 2659 qui
3341 2590 3500 2660 ipsius

1975 2669 2182 2730 nomine
2209 2671 2537 2734 sacramenta
2563 2669 2832 2734 pt'wsleut.

1975 2775 2353 2838 Plenissimum
2368 2771 2622 2842 gaudium
2645 2778 2859 2842 constat
2879 2786 3020 2840 esse,
3057 2781 3240 2843 patres
3263 2776 3491 2831 conscri-

1904 2867 2006 2940 pti,
2035 2878 2362 2934 cognoscere
2385 2863 2713 2920 dominantis
2746 2871 3018 2932 exortum,
3053 2872 3113 2920 ut
3149 2867 3242 2934 qui
3270 2866 3501 2922 creditur

1906 2958 2189 3018 universos
2217 2969 2380 3026 posse
2397 2960 2704 3023 protegam,
2733 2952 2984 3009 audiatur
3011 2953 3079 3008 ad
3097 2955 3250 3024 regni
3273 2956 3503 3010 culmina

195 3067 484 3125 veteribus
513 3062 808 3134 puritatem
852 3058 1160 3117 innocuam,
1206 3050 1310 3104 nisi
1335 3048 1425 3120 qui
1453 3051 1643 3102 eorum
1676 3043 1802 3099 stir—
1827 3050 1872 3112 ο
1904 3049 2236 3122 pervenisse.
2259 3046 2509 3104 Mensura
2534 3044 2734 3100 laetitia:
2753 3043 2822 3100 de
2842 3043 3210 3113 magnitudine
3229 3045 3401 3102 nuntii
3413 3061 3505 3102 ve-

195 3175 336 3232 pem
365 3156 566 3212 habere
585 3153 845 3224 probatur
864 3154 1162 3216 acceptam.
1186 3141 1514 3198 Claudantur
1533 3137 1659 3195 odia
1679 3151 1803 3192 cum

200 3231 467 3321 sepultis;
499 3247 577 3302 ira
601 3245 777 3316 perire
800 3239 1012 3298 noverit
1030 3252 1152 3293 cum
1181 3234 1479 3306 protervis;
1502 3231 1673 3301 gratia
1694 3243 1804 3284 non

200 3342 376 3399 debet
405 3338 725 3395 occumbere
753 3347 875 3390 cum
912 3330 1119 3387 dilectis
1144 3346 1157 3382 :
1181 3327 1281 3384 sed
1327 3325 1498 3394 magis
1541 3321 1802 3379 aﬂectuo—

204 3433 322 3490 sius
349 3429 662 3487 tractandus
693 3433 796 3496 est,
827 3423 918 3494 qui
950 3422 1016 3477 ad
1035 3420 1187 3490 regni
1221 3431 1411 3474 causas
1443 3417 1702 3470 innocens
1731 3414 1806 3468 in-

201 3528 446 3584 venitur.
478 3517 797 3594 Perpendite
823 3516 951 3589 quid
979 3531 1011 3570 a
1037 3513 1190 3571 vobis
1217 3516 1488 3567 mereatur
1527 3521 1808 3564 successor

202 3621 499 3676 bonorum.
528 3615 640 3670 Vos
667 3623 825 3667 avum
846 3615 1091 3664 nostrum
1119 3605 1175 3660 in
1202 3607 1382 3660 vestra
1407 3601 1624 3658 civitate
1651 3599 1807 3655 celsis

207 3711 490 3769 curulibus
535 3704 820 3766 extulistis,
866 3715 964 3758 vos
992 3699 1292 3772 genitorem
1330 3710 1509 3751 meum
1556 3693 1611 3748 in
1657 3692 1808 3747 italia

206 3805 463 3878 palmam
487 3799 734 3858 claritate
763 3795 1081 3853 dccorastis.
1114 3789 1394 3847 Desiderio
1439 3802 1654 3860 quoque
1678 3801 1809 3843 con-

208 3877 411 3950 cordiae
438 3891 610 3946 factus
637 3896 720 3944 est
741 3901 840 3958 per
868 3898 1018 3940 arma
1037 3881 1196 3949 illius,
1222 3879 1468 3950 quamvis
1495 3877 1810 3949 vobispene

207 3984 500 4041 videbatur
545 3991 832 4050 tequaevus.
881 3969 1000 4030 Hoc
1045 3987 1246 4029 nomen
1294 3967 1623 4025 adolescenti
1685 3981 1811 4021 con-

212 4075 500 4146 gruentius
527 4071 742 4137 dabitis,
786 4065 967 4138 qualia
1004 4063 1204 4121 nostris
1250 4059 1552 4118 senioribus
1595 4055 1810 4128 praesti-

210 4170 377 4242 tistis.
407 4168 466 4223 ln
493 4163 787 4238 parentelm
809 4162 987 4218 locum
1014 4165 1203 4215 noster
1229 4155 1372 4230 [Ac.,
1404 4150 1670 4222 nostrum]
1699 4150 1812 4220 jam

211 4261 450 4318 transire
474 4259 634 4316 debet
661 4253 918 4321 aii‘ectus;
951 4267 1078 4307 nam
1105 4265 1174 4306 ex
1208 4248 1318 4304 tilio
1347 4254 1530 4302 vestro
1576 4245 1808 4314 genitus,

212 4361 421 4408 naturae
449 4349 654 4419 legibus
680 4347 834 4403 vobis
862 4360 972 4400 non
1016 4335 1249 4397 habetur
1283 4347 1590 4395 extraneus.
1639 4329 1814 4406 Atque

1909 3145 2011 3216 nit;
2035 3149 2248 3201 ettanta
2259 3138 2582 3208 ﬁtalaeritas
2596 3137 2778 3204 animi,
2798 3145 2998 3206 quanta
3017 3137 3242 3194 fueritet
3261 3138 3506 3194 conside-

1908 3238 2050 3297 ratio
2064 3237 2162 3293 rei.
2177 3236 2331 3308 135
2344 3233 2476 3294 Nam
2487 3232 2531 3302 si
2544 3231 2834 3303 prudentes
2843 3232 2992 3287 viros
3005 3232 3217 3301 erigant
3232 3230 3504 3305 [Ed.,Ae.,

1911 3327 2154 3401 exigunt]
2183 3326 2468 3384 commoda
2498 3324 2754 3395 praedicta
2780 3323 3077 3390 sodalium,
3121 3324 3167 3380 si
3209 3323 3506 3382 amicorum

1910 3422 2118 3478 relevat
2140 3418 2372 3488 sospitas
2398 3417 2662 3480 nuntiata,
2690 3424 2892 3486 quanta
2922 3415 3285 3474 exsultatione
3307 3415 3506 3485 suscipi

1911 3510 2096 3580 debet,
2125 3509 2365 3578 omnium
2386 3514 2655 3568 rectorem
2682 3505 2910 3561 feliciter
2965 3505 3286 3576 provenisse
3331 3511 3508 3560 terra-

1912 3617 2057 3670 rum,
2087 3614 2248 3670 quem
2276 3613 2386 3655 non
2426 3597 2654 3669 protulit
2673 3605 2946 3652 commota
2971 3597 3190 3664 seditio,
3216 3611 3325 3652 non
3365 3589 3508 3652 bella

1911 3695 2176 3755 ferventia
2203 3700 2553 3764 pepererunt,
2597 3705 2706 3746 non
2725 3690 3038 3761 reipublicae
3066 3690 3262 3748 damna
3303 3690 3506 3745 lucrata

1914 3791 2061 3854 sunt,
2090 3784 2186 3841 sed
2214 3784 2293 3840 sic
2321 3782 2494 3839 factus
2521 3790 2606 3838 est
2630 3797 2731 3852 per
2756 3781 3016 3851 quietem,
3049 3779 3505 3849 quemadmodum

1912 3879 2102 3934 venire
2129 3878 2311 3933 decuit
2337 3876 2612 3932 civilitatis
2634 3875 2958 3930 auctorem!
2986 3873 3236 3941 Magnum
3261 3870 3507 3942 profecto

1914 3970 2185 4028 felicitatis
2207 3969 2338 4042 [ed.,
2364 3965 2660 4037 ﬁdelitatis]
2688 3980 2876 4036 genus,
2934 3964 3182 4024 obtinere
3229 3964 3345 4022 sine
3372 3977 3503 4018 con-

1915 4064 2249 4120 tentionibus
2275 4062 2671 4132 principatum;
2702 4067 2757 4114 et
2786 4059 2838 4113 in
2867 4057 2958 4112 illa
2999 4054 3275 4126 republica
3321 4053 3507 4110 adole-

1915 4164 2158 4212 scentem
2205 4153 2478 4208 dominum
2531 4151 2666 4213 ﬁeri,
2701 4149 2792 4204 ubi
2822 4148 3020 4204 multos
3046 4154 3261 4203 constat
3283 4147 3508 4202 maturis

1915 4247 2157 4303 moribus
2180 4243 2426 4300 inveniri.
2451 4242 2571 4297 Non
2621 4239 2765 4296 enim
2794 4246 2976 4310 potest
3001 4239 3220 4294 cuilibet
3246 4238 3392 4293 mtati
3421 4237 3508 4294 de-

1917 4355 2036 4397 esse
2061 4337 2365 4404 consilium,
2392 4336 2486 4392 ubi
2518 4341 2596 4390 tot
2631 4339 2883 4406 parentes
2909 4331 3154 4403 publicus
3183 4339 3400 4388 constat
3424 4331 3507 4390 in-

214 4444 336 4500 idco
368 4457 558 4514 pacem
589 4456 697 4497 non
724 4440 1070 4508 longinquus,
1096 4433 1193 4490 sed
1217 4431 1494 4503 proximus
1513 4435 1663 4499 peto,
1685 4425 1811 4498 quia
1836 4455 1889 4517 υ
1914 4432 2126 4488 ventos.
2152 4425 2380 4484 Praelata
2410 4436 2493 4483 est
2521 4441 2649 4496 ergo
2671 4439 2794 4508 spes
2833 4432 3019 4480 nostra
3040 4431 3359 4490 cunctorum
3387 4431 3505 4478 me-

213 4541 346 4590 tunc
372 4533 504 4587 mihi
524 4530 746 4587 dedistis
773 4528 1004 4598 gratiam
1032 4523 1267 4595 nepotis,
1298 4519 1512 4591 quando
1541 4533 1663 4573 meo
1708 4533 1808 4588 pa-

213 4623 358 4680 renti
382 4621 688 4693 adoptionis
715 4618 911 4689 gaudia
937 4613 1282 4687 praestitistis.
1322 4610 1729 4666 lntroducamur
1757 4616 1814 4665 et

216 4717 268 4772 in
290 4722 530 4773 vestram
554 4721 813 4780 mentem,
843 4709 937 4779 qui
966 4708 1147 4778 adepti
1175 4721 1362 4763 sumus
1389 4703 1594 4774 regiam
1635 4702 1814 4758 luere-

217 4805 458 4862 ditatem.
489 4802 624 4859 illud
651 4806 734 4858 est
760 4800 892 4855 mihi
919 4808 1084 4869 supra
1110 4795 1468 4863 dominatum,
1510 4799 1718 4847 tantum
1747 4805 1812 4847 ac

216 4895 379 4964 talem
405 4903 673 4962 rectorem
704 4892 906 4958 habere
932 4889 1247 4964 propitium.
1279 4883 1580 4944 Prim’ordia
1631 4883 1812 4954 itaque

218 4998 401 5049 nostra
429 4989 625 5056 solatia
652 4992 964 5047 mereantur
1000 4982 1258 5056 principis
1297 4980 1524 5052 longaevi
1571 4979 1813 5046 habere;

219 5084 448 5157 pueritia
494 5082 780 5137 tuitionem
825 5077 1011 5148 gratias
1055 5081 1455 5145 consequatur;
1503 5079 1560 5128 et
1601 5086 1712 5126 non
1758 5069 1816 5126 in

219 5183 393 5243 totum
421 5191 454 5242 a
473 5173 786 5247 parentibus
820 5169 1179 5236 destituimur,
1212 5166 1305 5242 qui
1335 5164 1430 5220 tali
1474 5161 1816 5235 protectione

220 5266 484 5322 fulcimur.
517 5263 601 5322 Sit
625 5263 780 5322 vobis
825 5275 1051 5330 regnum
1088 5266 1332 5320 nostrum
1359 5256 1543 5327 gratim
1584 5251 1816 5314 vinculis

219 5355 531 5425 obligatum.
573 5354 701 5410 Plus
744 5353 802 5408 in
848 5351 939 5406 illa
971 5356 1126 5422 parte
1167 5348 1484 5417 regnabitis,
1514 5347 1604 5402 ubi
1634 5344 1815 5400 omnia

219 5443 476 5502 charitate
495 5446 716 5517 iubetis.
747 5443 1090 5516 Quapropter
1110 5441 1177 5504 ad
1202 5436 1548 5497 serenitatem
1577 5445 1813 5494 vestram

218 5538 365 5598 illum
395 5549 452 5597 et
481 5540 632 5596 illum
660 5538 872 5610 legatos
913 5543 1129 5606 nostros
1155 5535 1540 5594 aestimavimus
1585 5548 1704 5590 esse
1732 5531 1815 5600 di-

219 5632 487 5701 rigendos,
520 5640 580 5687 ut
609 5630 901 5686 amicitiam
927 5629 1084 5686 nobis
1123 5628 1226 5683 illis
1254 5627 1448 5698 pactis,
1486 5625 1592 5682 illis
1620 5622 1813 5681 condi-

220 5724 450 5784 tionibus
482 5720 813 5785 concedatis,
845 5734 982 5789 quas
1008 5735 1130 5774 cum
1157 5719 1291 5775 diva:
1318 5718 1590 5773 memoriae
1614 5716 1814 5772 domno

221 5829 317 5878 avo
353 5823 542 5882 nostro
571 5814 805 5887 inclytos
845 5813 1159 5890 decessores
1205 5821 1416 5874 vestros
1461 5816 1674 5885 constat
1718 5810 1816 5882 lte-

1913 4523 2032 4580 ritis
2052 4541 2066 4591 ;
2086 4531 2140 4578 et
2161 4521 2360 4577 certius
2388 4520 2486 4574 fuit
2502 4518 2570 4574 de
2597 4519 2752 4573 nobis
2772 4516 2919 4573 credi
2938 4531 3100 4586 quam
3127 4516 3274 4586 quod
3298 4516 3365 4571 de
3387 4515 3506 4572 aliis

1913 4617 2092 4689 potuit
2120 4614 2429 4686 approbari,
2457 4627 2567 4668 non
2589 4611 2783 4682 injuria
2809 4629 2822 4665 :
2854 4609 3110 4681 quoniam
3149 4609 3353 4680 quaevis
3401 4609 3508 4665 cla-

1913 4709 2046 4766 ritas
2073 4706 2287 4777 generis
2317 4702 2735 4770 Amalis-cedit;
2765 4711 2821 4758 et
2846 4702 2986 4757 sicut
3013 4701 3106 4773 qui
3134 4715 3204 4755 ex
3225 4700 3382 4757 vobis
3405 4715 3506 4754 na-

1913 4799 2102 4866 scitur,
2133 4799 2284 4867 origo
2311 4796 2586 4853 senatoria
2617 4793 3069 4866 nuncupatur,ita
3091 4793 3182 4864 qui
3205 4808 3272 4854 ex
3299 4793 3402 4847 hac
3430 4789 3508 4846 fa-

1915 4891 2064 4968 milia
2117 4889 2478 4963 progreditur,
2532 4902 2703 4960 regno
2752 4885 3094 4956 dignissimus
3151 4882 3502 4957 approbatur.

1917 4981 2150 5048 Probata
2178 4988 2304 5039 sunt
2322 4978 2576 5051 praesenti
2596 4976 2742 5036 facto
2769 4993 2890 5048 qum
2912 4977 3203 5047 loquimur.
3224 4973 3358 5029 Nam
3385 4987 3506 5027 cum

1917 5073 2102 5130 domni
2131 5073 2217 5128 avi
2239 5071 2406 5128 nostri
2430 5086 2529 5144 pro
2551 5069 2936 5126 beneﬁciorum
2975 5067 3276 5139 quantitate
3305 5063 3507 5120 dulcis-

1918 5167 2053 5234 sima
2107 5167 2263 5224 nobis
2290 5163 2596 5232 recordatio
2625 5170 2911 5234 urgeretur
2937 5160 3212 5236 extremis,
3243 5157 3509 5227 magnitu-

1918 5259 2100 5316 dinem
2129 5256 2513 5318 dominationis
2539 5271 2650 5314 sua:
2671 5264 2820 5312 tanta
2835 5255 2890 5311 in
2920 5269 3018 5310 nos
3037 5251 3314 5308 celeritate
3344 5258 3510 5305 trans-

1917 5348 2073 5415 fudit,
2105 5356 2164 5404 ut
2191 5363 2299 5404 non
2321 5355 2430 5403 tam
2452 5359 2674 5416 regnum
2706 5359 2866 5417 quam
2887 5353 3094 5400 vestem
3118 5342 3369 5398 crederes
3391 5355 3511 5398 esse

1920 5448 2201 5497 mutatam.
2235 5438 2342 5495 Tot
2388 5453 2644 5510 proceres
2686 5443 2850 5502 manu
2901 5435 3234 5508 consilioque
3287 5432 3508 5502 gloriosi

1920 5531 2125 5587 nullum
2155 5547 2415 5599 murmur,
2441 5538 2499 5586 ut
2519 5527 2738 5595 assolet,
2763 5527 3097 5594 miscuerunt
3125 5511 3259 5583 :lsed
3288 5525 3361 5580 ita
3388 5537 3510 5580 eum

1920 5637 2119 5693 magno
2145 5623 2340 5692 gaudio
2369 5621 2541 5678 secuti
2581 5628 2707 5676 sunt
2732 5619 2992 5691 principis
3039 5620 3122 5676 sui
3175 5618 3401 5690 judicia,
3449 5623 3511 5675 ut

1920 5715 2253 5770 voluntatem
2268 5713 2534 5784 ibipotius
2556 5725 2874 5780 agnosceres
2894 5710 3221 5770 conﬂuxisse
3250 5707 3507 5774 divinam.

1922 5807 2261 5884 Quapropter
2282 5804 2644 5878 necessarium
2671 5802 2938 5875 duximus,
2997 5801 3235 5882 propitio
3279 5799 3411 5876 Deo,
3442 5795 3510 5870 de
