3958 6456
488 242 593 339 735

1709 278 1782 333 Μ.
1822 274 2097 333 AURELII
2134 270 2532 332 CASSIODORI

3667 278 3773 336 736

485 401 611 452 ortu
637 394 787 464 regni
803 394 974 450 nostri
994 408 1093 449 vos
1117 392 1295 449 facere
1324 391 1606 457 certiores,
1627 399 1651 429 ι
1674 391 1802 460 quia
1828 390 2076 445 dilatata-
2104 394 2155 452 Α
2250 390 2401 444 nibus
2426 389 2712 464 Gothorum
2745 389 3192 464 Romanorumque
3218 391 3487 462 τυπωθεὶς
3517 400 3771 464 erectam,

489 495 600 543 tum
631 487 793 561 [Jur.,
814 484 1232 557 subaudimagis]
1258 500 1421 556 quam
1450 492 1715 539 mutatum
1735 482 1946 538 videtur
1976 483 2075 537 im-

486 581 714 655 perium,
745 596 867 635 cum
898 581 1091 635 transit
1120 580 1187 635 ad
1216 587 1499 650 posteros;
1523 594 1647 632 nam
1675 576 2073 648 quodammodo

486 673 601 742 ipse
627 680 845 743 putatur
867 672 1072 737 vivere,
1086 670 1238 740 cujus
1254 670 1409 727 vobis
1430 669 1717 740 progenies
1734 668 2077 739 cognoscitur

485 764 774 835 imperare.
805 762 933 819 Haec
960 762 1266 818 habuerunt
1289 770 1466 819 vestra
1492 772 1638 828 vota,
1670 761 1785 818 haec
1810 760 1951 817 illius
1978 760 2077 815 fuit

485 854 785 911 indubitata
806 856 1097 925 sententia,
1126 864 1185 910 ut
1214 855 1483 912 haeredem
1536 856 1802 911 bonorum
1855 869 2077 910 suorum

486 947 819 1017 relinqueret
844 948 936 1017 qui
962 945 1224 1003 beneficia
1253 947 1370 1017 ejus
1400 948 1453 1002 in
1484 946 1637 1003 vobis
1656 946 1829 1017 possit
1855 960 2072 1017 augere.

490 1036 690 1094 Amore
715 1038 1017 1109 principum
1046 1046 1260 1095 constat
1289 1040 1563 1095 inventum
1592 1047 1649 1094 ut
1675 1038 1977 1094 simulacris
2012 1053 2078 1092 aa-

489 1131 607 1186 neis
634 1128 769 1186 ﬁdes
796 1139 1106 1186 servaretur
1126 1131 1392 1201 imaginis,
1417 1138 1919 1200 quatenusventura
1946 1146 2074 1202 pro-

489 1223 677 1293 genies
697 1231 973 1279 auctorem
1003 1223 1231 1290 videret,
1262 1224 1352 1294 qui
1382 1223 1483 1278 sibi
1527 1222 1916 1293 rempublicam
1940 1222 2079 1277 mul-

491 1314 563 1370 tis
587 1313 862 1370 beneﬁciis
901 1314 1206 1383 obligasset.
1261 1313 1366 1369 Sed
1404 1321 1607 1383 quanto
1635 1314 1817 1369 verior
1864 1320 1948 1369 est
1985 1312 2079 1383 qui

490 1407 623 1462 vivit
651 1408 703 1463 in
750 1407 1000 1479 posteris,
1030 1422 1128 1477 per
1154 1422 1291 1477 quos
1322 1407 1637 1479 plerumque
1661 1415 1717 1461 et
1741 1406 1916 1462 lorma
1953 1420 2078 1461 cor-

490 1500 638 1569 poris
666 1498 906 1554 redditur
933 1507 988 1554 et
1009 1500 1163 1569 vigor
1182 1498 1345 1555 animi
1374 1498 1706 1569 protelatur?
1734 1496 1802 1552 Et
1829 1496 1952 1554 ideo
1979 1510 2079 1552 no-

489 1593 710 1649 bilitatis
737 1602 929 1650 vestra:
951 1590 1107 1649 ﬁdem
1147 1593 1355 1661 majore
1384 1608 1526 1648 nunc
1546 1593 1725 1648 studio
1751 1591 1964 1648 debetis
1986 1606 2079 1647 os-

490 1685 731 1750 tendere,
745 1694 1013 1756 quatenus
1033 1695 1088 1742 et
1114 1685 1295 1757 priora
1326 1701 1550 1740 munera
1573 1684 1778 1740 meritis
1797 1683 2078 1741 videantur

487 1792 606 1834 esse
654 1778 870 1845 collata,
905 1787 961 1835 et
1000 1779 1178 1835 futura
1224 1779 1587 1835 indubitanter
1639 1780 1717 1835 eis
1758 1787 2072 1849 praestemus
2106 1779 2151 1838 Β

486 1883 623 1939 quos
670 1872 1061 1940 praeteritorum
1089 1870 1429 1925 immemores
1457 1869 1619 1926 fuisse
1646 1871 1866 1927 minime
1890 1888 2075 1929 sense-

486 1958 671 2015 rimus.
704 1958 973 2015 Noveritis
1002 1961 1167 2015 etiam
1197 1959 1380 2015 divina
1410 1960 1749 2029 providentia
1775 1960 1939 2017 fuisse
1967 1962 2077 2018 dis-

486 2048 722 2117 positum
752 2057 811 2103 ut
838 2048 1139 2104 Gothorum
1171 2050 1647 2119 Romanorumque
1673 2051 1828 2107 nobis
1849 2067 2075 2122 genera-

486 2137 552 2193 lis
573 2154 871 2194 consensus
902 2141 1206 2205 accederet,
1238 2149 1294 2196 et
1323 2140 1655 2196 voluntatem
1684 2156 1857 2207 suam,
1913 2157 2074 2211 quam

487 2230 635 2299 puris
656 2230 967 2298 pectoribus
996 2229 1317 2299 oilerebant,
1349 2231 1377 2270 δ
1404 2231 1533 2295 iuris
1561 2232 1722 2287 etiam
1749 2232 1966 2302 jurandi
1984 2249 2072 2289 re-

488 2320 688 2388 ligione
734 2321 1028 2377 ﬁrmarent.
1071 2321 1225 2388 Quod
1256 2337 1352 2377 vos
1398 2331 1683 2380 secuturos
1710 2337 1828 2380 esse
1855 2324 2077 2381 minime

489 2408 795 2466 dubitamus
824 2418 1088 2482 tempore,
1118 2428 1227 2483 non
1250 2428 1462 2480 amore;
1504 2430 1628 2469 nam
1672 2430 1705 2470 a
1728 2416 1881 2472 vobis
1901 2418 2079 2487 potuit

490 2500 733 2556 inchoari
754 2501 899 2570 quod
916 2504 1175 2571 praeventi
1198 2504 1589 2575 longinquitate
1609 2506 1913 2575 sequimini.
1936 2507 2078 2564 Con-

489 2595 598 2643 stat
619 2589 762 2644 enim
779 2590 1264 2647 excellentissimos
1290 2602 1471 2663 patres
1488 2602 1640 2649 tanto
1670 2595 1899 2667 amplius
1919 2611 2080 2667 posse

490 2679 733 2750 diligere,
761 2691 964 2752 quanto
992 2683 1228 2753 majores
1256 2684 1495 2740 honores
1516 2700 1547 2741 a
1568 2687 1777 2743 caeteris
1803 2687 2081 2745 ordinibus

490 2770 590 2825 visi
620 2780 745 2827 sunt
773 2774 1069 2843 accepisse.
1094 2773 1200 2830 Sed
1219 2783 1279 2831 ut
1297 2775 1589 2846 primordia
1615 2786 1820 2844 nostra,
1852 2787 1907 2834 et
1936 2780 2080 2837 circa

491 2875 587 2915 vos
615 2860 1000 2931 benignitatem
1032 2864 1249 2934 possitis
1295 2878 1589 2935 agnoscere
1620 2866 1767 2940 (quia
1796 2868 1954 2925 decet
1982 2885 2081 2926 cu-

497 2950 633 3005 riam
658 2960 893 3008 vestram
918 2954 1191 3011 beneficiis
1220 2954 1490 3026 introire),
1521 2957 1785 3015 illustrem
1826 2958 2083 3031 Sigisme-

491 3059 605 3099 rem
620 3043 744 3117 [Ed.
755 3046 895 3115 ,Ac.,
908 3046 1236 3120 Sigisinem],
1250 3050 1503 3105 comitem
1515 3060 1779 3117 nostrum,
1794 3054 1948 3109 vobis
1959 3069 2083 3111 cum

490 3136 575 3192 bis
596 3138 687 3206 qui
710 3138 902 3194 directi
922 3149 1047 3195 sunt
1064 3138 1287 3196 fecimus
1304 3153 1641 3199 sacramenta
1663 3153 1942 3215 praestare,
1956 3148 2081 3219 quia
2108 3158 2155 3222 ο

491 3227 872 3285 inviolabiliter
898 3244 1117 3286 servare
1142 3233 1390 3303 cupimus
1413 3236 1557 3305 quod
1600 3236 1816 3308 publica
1844 3238 2082 3294 auctori-

494 3328 607 3375 tate
636 3321 1019 3390 promittimus.
1049 3322 1108 3377 Si
1137 3337 1245 3392 qua
1272 3333 1457 3381 autem
1497 3341 1529 3381 a
1573 3326 1729 3382 nobis
1763 3328 2083 3398 postulanda

495 3409 737 3479 creditis,
758 3426 879 3481 quae
905 3420 1099 3469 vestra:
1136 3415 1442 3472 securitatis
1470 3416 1801 3473 incrementa
1828 3421 2084 3491 multipli-

501 3510 648 3565 cent,
672 3501 1038 3560 iudubitanter
1057 3505 1225 3574 petite
1245 3506 1579 3573 commoniti,
1605 3522 1743 3578 quos
1762 3508 1831 3564 ad
1858 3510 2083 3567 funden-

499 3590 596 3648 das
622 3607 813 3663 preces
843 3609 945 3649 nos
968 3594 1133 3651 etiam
1160 3596 1405 3652 videmur
1425 3599 1649 3655 hortari.
1674 3599 1968 3658 Promissio
1990 3618 2087 3674 po-

501 3683 608 3739 tius
636 3692 719 3738 est
740 3684 841 3739 ista
867 3699 1030 3755 quam
1058 3688 1441 3757 commonitio;
1470 3706 1595 3746 nam
1614 3692 1707 3762 qui
1731 3696 2085 3752 reverendum

502 3782 751 3829 senatum
772 3775 1077 3846 supplimre
1104 3780 1367 3851 praecipit,
1396 3782 1543 3854 quod
1588 3784 1881 3856 impetrare
1918 3788 2089 3858 possit

503 3864 851 3921 nihilominus
878 3870 1269 3940 compromisit.
1298 3870 1452 3928 Nunc
1476 3881 1720 3930 vestrum
1743 3882 1827 3931 est
1855 3876 1963 3933 tale
1985 3878 2087 3933 ali-

502 3958 630 4027 quid
653 3973 896 4030 sperare,
936 3962 1083 4033 quod
1110 3978 1455 4022 communem
1483 3966 1872 4038 rempublicam
1920 3969 2092 4041 possit

502 4064 721 4122 augere.

1064 4211 1398 4269 EPISTOLA
1432 4214 1519 4271 Ill.

825 4318 1027 4360 POPULO
1050 4321 1263 4362 ROIANO
1288 4323 1652 4366 ATHALARICUS
1678 4325 1805 4367 REX.

506 4392 882 4470 Theodericum
910 4412 1083 4470 regem
1108 4399 1377 4470 prwclaris
1407 4400 1646 4457 laudibus
1681 4404 1903 4470 extollit,
1932 4412 1983 4460 et
2002 4422 2090 4463 re-

578 4466 782 4518 nuntiat
809 4466 997 4538 p0puto
1028 4466 1266 4523 Romano
1292 4469 1363 4523 ad
1390 4471 1577 4527 solium
1602 4490 1657 4528 se
1684 4475 1843 4545 fuisse
1862 4466 2092 4533 commu-

2251 473 2401 531 atque
2427 479 2517 532 per
2537 462 2728 533 legatos
2758 477 2811 514 se
2834 461 3094 531 justitiam
3121 461 3439 516 servaturum
3469 462 3769 531 pollicetur.

2248 552 2307 608 Si
2336 569 2433 609 vos
2460 562 2716 609 externus
2736 554 2908 609 haeres
2940 554 3147 626 imperii
3184 556 3532 625 suscepisset,
3565 555 3775 611 dubita-

2178 660 2239 701 re
2265 645 2489 701 forsitan
2519 646 2780 717 poteratis
2801 661 2870 701 ne
2887 662 3024 717 quos
3046 647 3194 717 prior
3212 647 3499 711 dilexerat,
3525 648 3773 703 inviden-

2177 736 2249 792 do
2277 738 2609 806 subsequens
2638 753 2748 793 non
2776 742 3021 793 amaret:
3053 737 3178 806 quia
3221 737 3405 793 nescio
3453 752 3567 806 quo
3617 748 3774 807 pado

2178 844 2302 886 cum
2358 844 2641 887 successor
2681 831 2909 901 amplius
2932 832 3134 886 laudari
3164 832 3370 899 nititur,
3410 833 3774 904 przecedentis

2176 921 2319 975 fama
2349 921 2584 977 lentatur
2612 922 2749 996 [alii,
2772 922 3013 988 laetatur;
3035 922 3145 987 alii,
3171 920 3437 994 lzedatur].
3454 922 3619 977 Nunc
3646 939 3773 978 vero

2177 1027 2407 1083 persona
2436 1020 2665 1079 tantum,
2698 1027 2805 1067 non
2836 1020 2920 1067 est
2947 1020 3127 1067 autem
3151 1012 3305 1067 vobis
3328 1014 3505 1083 gratia
3522 1028 3771 1067 commu-

2180 1113 2312 1172 tata,
2341 1104 2556 1173 quando
2578 1112 2725 1159 recte
2754 1104 3030 1160 vobiscum
3057 1104 3143 1173 agi
3170 1104 3461 1169 credimus,
3496 1105 3544 1160 si
3576 1106 3670 1157 avi
3699 1121 3774 1157 τες

2179 1195 2417 1251 neranda
2442 1194 2645 1265 judicia
2673 1194 3087 1265 subsequamur.
3114 1194 3322 1250 Nostra:
3349 1194 3628 1264 siquidem
3661 1195 3769 1262 opio

2178 1289 2357 1346 nionis
2402 1288 2631 1344 interest
2660 1292 2720 1343 tit
2766 1303 2903 1358 quos
2947 1287 3037 1343 ille
3064 1286 3445 1355 benignissime
3476 1288 3652 1341 tuitus
3680 1298 3772 1349 est,

2178 1396 2280 1437 nos
2309 1380 2472 1436 etiam
2495 1387 2693 1435 statuta
2717 1379 3021 1435 constantia
3043 1387 3099 1433 et
3115 1377 3507 1434 beneﬁciorum
3530 1378 3773 1432 ubertate

2179 1488 2482 1546 pascamus.
2509 1472 2683 1527 Minus
2706 1472 2945 1542 cogitant
2969 1471 3060 1541 qui
3092 1470 3331 1526 obscuris
3360 1470 3704 1540 principibus
3728 1480 3776 1524 et

2180 1565 2409 1621 versatis
2428 1565 2483 1619 in
2509 1563 2767 1619 mediocri
2787 1563 3000 1618 actione
3022 1560 3172 1635 [Ed.,
3190 1560 3312 1617 Nis.
3330 1562 3520 1626 etAc.,
3535 1562 3772 1615 natione.

2182 1655 2357 1722 Gem,
2386 1653 2629 1726 nomine]
2649 1653 2969 1710 succedunt.
2996 1651 3104 1709 Nos
3134 1653 3255 1707 talis
3276 1651 3583 1722 praecessit,
3606 1659 3671 1705 ut
3690 1666 3776 1705 ex-

2178 1747 2389 1819 quisitis
2444 1747 2729 1803 virtutibus
2790 1745 2907 1816 ejus
2959 1745 3110 1815 sequi
3179 1744 3405 1814 vestigia
3457 1743 3773 1800 debeamus.

2179 1838 2539 1909 Quapropter,
2595 1837 2740 1908 quod
2792 1838 3011 1907 auspice
3059 1836 3169 1891 Deo
3198 1836 3402 1891 dictum
3428 1837 3524 1901 sit,
3556 1836 3775 1904 gloriosi

2179 1931 2364 1986 domni
2394 1929 2478 1983 avi
2510 1929 2679 1985 nostri
2701 1929 2772 1983 ita
2788 1928 2941 1983 vobis
2960 1927 3268 1982 nuntiamus
3297 1927 3651 1982 ordinatione
3677 1927 3777 1982 dis-

2179 2021 2436 2093 positum,
2469 2028 2529 2075 ut
2573 2019 2877 2077 Gothorum
2907 2018 3385 2088 Romanorumque
3440 2018 3498 2073 in
3549 2034 3771 2087 regnum

2179 2120 2424 2169 nostrum
2445 2111 2794 2168 suavissimus
2816 2125 3111 2167 consensus
3139 2109 3457 2176 accederet;
3491 2119 3555 2165 et
3592 2127 3666 2166 ne
3690 2112 3774 2166 ad-

2177 2202 2349 2261 versis
2394 2201 2554 2258 rebus
2596 2202 2773 2271 aliqua
2822 2201 2994 2271 possit
3047 2215 3329 2265 remanere
3356 2202 3623 2271 suspicio,
3655 2211 3772 2257 vota

2178 2307 2278 2349 sua
2309 2297 2770 2350 sacramentorum
2794 2290 3203 2362 interpositione
3226 2291 3513 2346 firmarunt
3526 2308 3590 2347 se
3608 2293 3774 2348 domi-

2181 2392 2367 2442 natum
2417 2392 2663 2441 nostrum
2703 2391 2855 2439 tanto
2874 2383 3069 2453 gaudio
3098 2383 3301 2447 subire,
3325 2391 3595 2452 tanquam
3618 2384 3667 2439 si
3697 2384 3773 2438 vel

2177 2474 2287 2532 illis
2338 2476 2570 2532 domnus
2619 2490 2751 2531 avus
2798 2481 2984 2529 noster
3010 2473 3158 2529 fatali
3187 2483 3336 2529 sorte
3362 2489 3473 2529 non
3503 2472 3774 2531 videretur

2180 2567 2591 2635 subtractus,ne
2610 2567 2740 2623 solis
2769 2566 2983 2636 linguis,
3008 2566 3105 2623 sed
3130 2567 3293 2623 etiam
3314 2566 3437 2623 imis
3464 2570 3775 2638 pectoribus

2183 2658 2549 2731 probarentur
2575 2672 2697 2714 esse
2717 2657 2918 2714 devoti.
2952 2656 3106 2724 Quod
3134 2659 3179 2714 si
3202 2674 3322 2728 vos,
3367 2667 3431 2713 ut
3466 2660 3771 2730 opinatum,

2181 2749 2374 2808 libenti
2396 2751 2576 2807 animo
2606 2750 2801 2806 similia
2829 2749 3083 2817 feceritis,
3114 2750 3304 2807 harum
3333 2751 3631 2821 portitores
3679 2753 3771 2807 sub

2183 2842 2546 2899 obtestatione
2567 2841 2759 2917 [Edit.,
2774 2843 2893 2908 Ac.,
2920 2842 3315 2909 ostentatione;
3343 2841 3539 2907 Form,
3554 2852 3774 2899 attestao

2185 2930 2357 3002 tione]
2386 2931 2566 2987 divina
2600 2932 2753 2988 vobis
2804 2930 3028 2988 fecimus
3076 2930 3341 3003 polliceri,
3367 2932 3633 3002 justitiam
3681 2950 3777 2989 nos

2186 3031 2242 3081 et
2268 3022 2587 3093 aequabilem
2614 3022 2972 3088 clementiam,
2987 3036 3107 3091 quae
3128 3022 3357 3093 populos
3376 3025 3570 3089 nutrit,
3589 3023 3777 3093 juvan-

2189 3121 2244 3171 te
2271 3114 2526 3185 Domino,
2568 3114 2860 3182 custodire,
2907 3122 2964 3169 et
3016 3112 3206 3169 Gothis
3247 3114 3617 3187 Romanisque
3638 3116 3777 3187 apud

2184 3222 2287 3265 nos
2308 3208 2397 3277 jus
2420 3221 2541 3263 esse
2567 3221 2872 3272 commune,
2908 3220 3007 3261 nec
3032 3205 3175 3260 aliud
3200 3206 3342 3261 inter
3369 3223 3468 3262 vos
3487 3222 3610 3263 esse
3636 3208 3774 3262 divi-

2184 3313 2328 3367 sum,
2356 3298 2458 3353 nisi
2485 3296 2631 3367 quod
2660 3297 2734 3351 illi
2764 3295 2978 3351 labores
3000 3296 3221 3351 bellicos
3243 3312 3342 3365 pro
3367 3298 3641 3352 communi
3672 3298 3779 3353 uti-

2185 3389 2337 3445 litate
2365 3390 2618 3457 subeunt,
2646 3403 2744 3444 vos
2775 3395 2956 3442 autem
2979 3387 3212 3443 civitatis
3238 3387 3494 3443 Romanae
3512 3388 3783 3446 habitatio

2184 3484 2367 3553 quieta
2397 3481 2734 3551 multiplicat.
2766 3480 2907 3536 Ecce
2934 3480 3001 3536 ad
3030 3480 3429 3537 condictionem
3462 3484 3614 3553 126
3640 3481 3778 3554 (ms.

2188 3571 2279 3639 A.,
2314 3571 2705 3643 conditionem]
2748 3572 3231 3645 pclementissimam
3264 3575 3588 3628 sacramenti
3618 3574 3779 3630 incliv

2189 3661 2371 3717 nando
2386 3668 2629 3716 nostrum
2641 3661 2918 3716 eveximus
2931 3661 3308 3731 principatum,
3325 3662 3525 3716 utnihil
3538 3662 3779 3727 dubium,

2189 3753 2321 3809 nihil
2343 3752 2747 3809 formidolosum
2774 3753 2957 3823 populi
2986 3752 3186 3808 habere
3206 3754 3412 3823 possint
3436 3769 3576 3822 quos
3596 3755 3781 3811 beatus

2190 3853 2377 3901 noster
2387 3852 2577 3899 auctor
2588 3844 2864 3899 enutrivit.
2883 3842 3022 3899 Ecce
3044 3843 3439 3914 Trajanivestri
3453 3845 3661 3900 clarum
3682 3862 3779 3901 sa:-

2191 3935 2327 3994 culis
2348 3950 2663 4006 reparamus
2679 3935 3007 4005 exemplum.
3042 3945 3066 3975 ο
3091 3932 3244 3991 Jurat
3271 3936 3423 3993 vobis
3478 3953 3578 4007 per
3627 3954 3780 4009 quem

2187 4029 2411 4100 juratis;
2443 4043 2545 4085 nec
2582 4036 2763 4099 potest
2788 4029 2855 4083 ab
2884 4028 2977 4084 illo
3004 4028 3289 4099 quisquam
3317 4028 3451 4099 falli,
3473 4046 3585 4101 quo
3634 4033 3779 4087 invo-

2193 4128 2337 4187 cato,
2370 4134 2478 4175 non
2507 4119 2634 4175 licet
2654 4120 2874 4189 impune
2902 4119 3138 4174 mentiri.
3158 4117 3363 4190 Erigite
3384 4136 3529 4177 nunc
3554 4124 3782 4186 animos,

2194 4220 2271 4282 et,
2300 4212 2412 4268 Deo
2437 4211 2693 4283 propitio,
2728 4211 2953 4267 meliora
2981 4226 3198 4282 semper
3224 4219 3431 4282 optate,
3462 4219 3522 4266 ut
3564 4224 3707 4268 sicut
3754 4229 3782 4267 a

2194 4305 2458 4361 charitate
2501 4311 2826 4374 potestatem
2866 4303 3067 4373 regiam
3096 4303 3492 4367 inchoavimus,
3524 4303 3601 4357 ita
3640 4313 3784 4357 tran-

2194 4393 2516 4463 quillitatem
2545 4391 2657 4449 Deo
2681 4391 2935 4463 placitam
2954 4392 3305 4463 sequentibus
3327 4392 3663 4464 temporibus
3691 4408 3783 4447 ex-

2195 4497 2508 4555 sequamur.

579 4698 607 4727 ι
628 4693 720 4750 Est
739 4698 971 4776 notanda
1000 4698 1228 4776 phrasis,
1260 4714 1369 4776 qua
1395 4700 1750 4776 subaudiatur
1768 4701 2094 4776 dictiotma-
2120 4706 2174 4767 ι)
2266 4704 2294 4744 δ
2318 4702 2582 4761 Jurabant
2607 4714 2910 4773 senatores,
2936 4704 3158 4775 jurabat
3194 4705 3426 4775 populus
3451 4705 3706 4776 principi,
3733 4714 3785 4760 et

507 4767 604 4843 gis,
635 4772 854 4843 lllAllP-lltl
874 4767 1329 4843 Gmé0_s_y.a:tnov;_
1344 4770 1514 4843 infra,
1540 4772 1633 4843 lib.
1660 4787 1734 4837 xx,
1761 4772 1919 4843 epist.
1942 4767 2009 4843 ’8,
2038 4782 2096 4830 et

507 4838 663 4913 epist.
690 4835 759 4891 25
779 4837 869 4893 lib.
899 4854 1015 4913 s_eq.
1044 4835 1297 4913 Pindar1
1310 4840 1566 4913 Nemzeis:
1596 4835 1874 4913 ’Υπνρῡριεν
1903 4835 2093 4905 πάὖτες

506 4910 535 4979 ἡ
558 4914 883 4979 πιστεύομεν.
898 4909 1240 4979 Tertullian.,
1257 4910 1646 4967 Exhortatione
1666 4911 1733 4966 ad
1753 4909 2056 4970 castitatem
2076 4931 2088 4969 :

513 4977 649 5035 Puto
681 4977 837 5035 nobis
893 4997 999 5035 non
1057 4977 1233 5036 licere
1254 4988 1563 5036 nascentem
1601 4998 1819 5049 necare,
1850 5001 2011 5049 quam
2041 4994 2098 5041 et

513 5001 649 5035 ruto
681 5001 837 5035 llOUlS
893 5001 999 5035 non
1059 5001 1223 5036 ucere
1254 5001 1563 5036 nascentem
1601 5001 1819 5049 necare,

511 5059 713 5105 natum.
761 5051 1029 5106 Ammian.
1086 5050 1403 5117 Marcellin.,
1463 5052 1554 5108 lib.
1611 5070 1782 5110 ιχιιε
1842 5001 1883 5110 ἕ

511 5122 1059 5195 quaniconsiderato
1117 5121 1572 5195 civiumAassultu
1621 5125 1937 5195 perterritus
1989 5121 2091 5182 est.

515 5189 831 5264 Utrobique,
862 5193 1048 5261 magis.
1080 5194 1189 5259 vel,
1220 5192 1489 5263 quidpiam
1520 5189 1921 5264 signiﬁcationis
1948 5212 2099 5252 com-

511 5263 763 5334 parativa:
800 5264 1236 5332 subintelligitur,
1292 5265 1437 5334 quod
1488 5263 1869 5322 Hellenismum
1897 5267 1985 5323 vel
2011 5265 2099 5322 Ju-

510 5330 774 5405 daismum
798 5330 1256 5405 redoleatfquale
1278 5330 1406 5391 illud
1435 5344 1545 5391 est:
1578 5336 1929 5392 Functionem
1957 5338 2099 5393 reci-

502 5403 665 5472 piunt
692 5420 790 5477 per
817 5403 1163 5477 solutionem,
1187 5421 1349 5475 quam
1378 5406 1579 5475 specie,
1598 5407 1633 5461 l.
1656 5406 1708 5471 2,
1738 5409 1798 5462 Si
1821 5417 1946 5462 cert.
1966 5417 2094 5477 pet;

511 5486 567 5548 et
588 5476 793 5548 meritis
814 5476 1034 5548 liberos,
1057 5492 1217 5547 quam
1241 5478 1575 5548 pactionibus
1601 5478 1855 5546 adstringi
1872 5476 2094 5548 placuit.

511 5543 662 5601 Paul.
696 5548 788 5603 lib.
819 5563 870 5602 tv
896 5543 1166 5615 Sentent.,
1197 5543 1283 5603 tit.
1316 5547 1378 5603 ὅτ
1421 5547 1485 5603 Et
1508 5549 1639 5603 nihil
1666 5556 1749 5603 est
1778 5543 1986 5616 gratum
2018 5549 2100 5604 his

513 5620 755 5685 praestari
798 5633 987 5689 posse,
1030 5636 1187 5689 quam
1240 5621 1561 5679 libertatem.
1598 5618 1658 5673 L.
1709 5618 1804 5680 59,
1838 5618 1905 5673 de
1947 5617 2097 5674 ﬁdei-

514 5701 711 5762 cotnnt.
748 5690 952 5759 libert.;
976 5693 1012 5746 Ι.
1044 5692 1097 5757 2,
1133 5691 1334 5757 ﬁn.,de
1358 5692 1552 5762 judic.;
1579 5691 1613 5745 Ι.
1650 5691 1699 5754 7,
1734 5689 1794 5745 Si
1818 5690 2094 5762 hominem,

516 5754 631 5886 ἓέὶ,
665 5759 916 5832 Depositi.
941 5754 949 5759 ⁷
979 5754 1173 5817 Anton.
1231 5754 1592 5830 Augustinus,
1636 5762 1728 5816 lib.
1762 5778 1845 5830 ιν,
1878 5777 1995 5834 cap.
2040 5760 2094 5829 8,

619 5831 771 5886 end..
797 5832 1003 5886 primus
1028 5833 1269 5886 omnium
1290 5835 1585 5886 admonuit.
1614 5832 1853 5886 Fonmm.

619 5831 771 5903 eud.,
797 5832 1003 5905 primus
1028 5833 1269 5891 omnium
1290 5835 1585 5893 admonuit.
1614 5832 1853 5893 FORNBR.

1887 5056 2113 5123 oncito,-

2196 4776 2431 4858 vicissim
2459 4777 2574 4858 ipse
2615 4777 2863 4858 princeps
2884 4776 3083 4858 populo
3106 4792 3172 4832 ac
3198 4776 3409 4831 senatui
3455 4778 3641 4858 statim
3665 4785 3786 4858 post

2198 4854 2477 4918 susceptas
2507 4847 2883 4918 imperatorias
2906 4847 3127 4911 infulas;
3158 4861 3319 4915 quem
3348 4861 3554 4918 morem
3584 4847 3639 4918 in
3661 4847 3785 4918 Gal-

2200 4917 2270 4972 lia
2293 4916 2581 4980 retentum,
2605 4925 2661 4971 et
2682 4917 2748 4971 ad
2770 4917 2885 4972 haec
2914 4932 3085 4985 usque
3112 4924 3356 4986 tempora
3379 4916 3432 4970 in
3453 4916 3786 4986 principibus

2198 4988 2395 5043 nostris
2416 4987 2797 5056 inaugurandis
2825 4988 3169 5042 observatum
3198 4987 3416 5041 scimus.
3451 4987 3644 5041 Bnoss.

2275 5068 2298 5097 ο
2331 5056 2435 5113 Pro
2462 5055 2741 5112 intellectu
2786 5056 2942 5126 hujus
2989 5058 3093 5113 loci
3139 5056 3263 5112 vide
3290 5071 3408 5125 qua:
3436 5057 3489 5111 in
3522 5055 3784 5126 superiori

2200 5128 2429 5198 epistola
2474 5125 2869 5193 adnotavimus,
2902 5127 3112 5198 quibus,
3140 5126 3431 5198 adjungere
3464 5125 3601 5198 libet
3625 5127 3785 5198 verba

2203 5196 2360 5254 Plinii
2416 5199 2469 5252 in
2519 5198 2846 5270 Panegyrico
2876 5196 2944 5252 ad
2991 5196 3281 5270 Trajanum
3320 5198 3387 5251 ad
3411 5196 3785 5270 jusjurandum

2202 5270 2431 5341 principi
2454 5276 2510 5341 et
2529 5283 2559 5321 a
2591 5268 2832 5341 principe
2875 5269 3211 5341 consulatum
3242 5268 3462 5341 ineunte
3489 5268 3784 5341 praestitum

2200 5337 2557 5410 pertinentia:
2591 5337 2817 5410 Accedis
2846 5339 2913 5393 ad
2951 5338 3194 5410 consulis,
3214 5338 3425 5405 sellam,
3458 5337 3785 5410 adigendum

2205 5406 2257 5465 te
2284 5410 2490 5480 prmbes
2526 5409 2581 5464 in
2610 5409 2773 5465 verba
2805 5410 3154 5480 principibus
3182 5409 3384 5480 ignota,
3418 5408 3520 5480 nisi
3550 5406 3785 5480 cum_ju—

2204 5477 2325 5535 rare
2347 5487 2605 5547 cogerent
2626 5480 2779 5551 alios.
2804 5479 2870 5533 Et
2897 5477 3056 5551 paulo
3078 5487 3200 5551 post
3212 5496 3239 5551 _:,
3258 5478 3566 5551 Quinetiam
3594 5477 3788 5532 sedens

2204 5552 2367 5608 stanti
2397 5551 2625 5620 praebuit
2658 5549 3157 5619 jusjurantlum,’et
3189 5549 3278 5603 ille
3310 5549 3530 5615 joravit,
3565 5562 3785 5620 expres-

2200 5623 2289 5687 sit,
2319 5618 2730 5691 explanavitque
2746 5618 2943 5685 verba,
2967 5620 3159 5691 quibus
3186 5628 3348 5689 caput
3367 5634 3547 5685 suum,
3571 5618 3786 5673 domum

2203 5690 2446 5755 suam,si
2473 5692 2705 5747 scienter
2734 5691 3030 5747 fefellisset.
3063 5690 3142 5746 Ex
3170 5691 3362 5761 quibus
3410 5697 3639 5761 apparet
3669 5695 3787 5759 post

2202 5773 2326 5819 vota
2346 5761 2513 5831 jurari
2544 5762 2757 5817 solitum
2787 5762 3100 5832 imperatori
3128 5777 3157 5816 a
3186 5761 3605 5833 magistratibus,
3637 5774 3669 5816 (ι
3704 5772 3786 5815 se-

2201 5834 2499 5905 natoribus,
2529 5849 2562 5891 a
2588 5833 2792 5907 pepulo
2818 5833 2957 5905 ipso.
2988 5833 3178 5891 Baoss.
