3958 6454
99 352 212 411 737
1110 322 1117 328 ’
1367 343 1727 408 VARIARUM
1765 345 1967 406 LIBER
2007 345 2141 404 VIII.
3011 322 3014 324 ⁷
3289 349 3397 410 738

685 463 1018 524 EPISTOLA
1049 465 1138 522 IV.
1733 466 1784 528 Α
1809 465 1893 522 nis
1920 464 2250 536 impendere,
2281 469 2341 520 ut
2367 471 2422 520 et
2450 463 2604 522 nobis
2643 466 2989 536 regnantibus
3015 466 3275 527 bonarum
3305 488 3398 528 rc-

101 572 380 616 umveasrs
406 572 634 616 nonius
661 574 762 614 pen
790 574 1008 612 ITALIAI
1038 574 1106 613 ετ
1149 573 1448 614 annuus
1486 571 1702 615 CONSTI-
1809 571 1926 610 rum
1955 556 2160 612 fructus
2187 555 2526 611 dulcissimos
2546 555 2801 624 all‘cratis,
2835 559 2926 628 qui
2955 560 3052 615 sub
3073 561 3272 619 nostris
3302 578 3398 634 pa—
3443 595 3452 600 -

541 644 699 684 “ms
740 644 1108 684 “HAMNCUS
1147 645 1273 685 “5"-
1808 652 2051 709 rentibus
2077 653 2297 723 copiosa
2329 653 2582 709 virtutum
2613 655 2774 710 laude
2801 655 3076 715 ﬂoruistis.

100 738 396 826 Scribitose.
429 739 711 843 Gothorum
740 742 1190 826 Romanorumque
1235 751 1562 843 sacramenta
1592 756 1705 843 ﬁt:
2361 784 2698 842 EpISTOLA
2734 785 2802 843 Vl

166 815 465 869 munimine
498 814 669 886 adepti
699 815 845 885 regni
877 814 1180 886 suscepisse,
1211 822 1260 868 et
1285 815 1410 886 petit
1438 821 1494 866 ut
1527 814 1707 866 eadem
2361 814 2698 842 ιπιοιυωι
2746 814 2825 844 "°

170 894 449 955 praue)“.
1897 893 2109 935 LIBERIO
2137 893 2427 935 PREFECTO
2454 894 2759 936 GALLIABUI
2786 895 3151 940 ATBALARICUS
3179 898 3303 941 REX.

169 991 517 1050 Honorabile
544 994 813 1053 credimus
842 995 1082 1052 indicare
1112 996 1258 1066 quod
1286 994 1429 1051 fama
1458 992 1708 1067 potuistis

1836 971 2125 1067 “erlis:
2134 972 2630 1067 ξελῌιςεείρθὲςφ
2645 973 2996 1067 331194629
3008 977 3399 1067 visetenim

99 1094 120 1140 ι
171 1038 517 1050 ”””“”““’””
545 1038 813 1053 “ww”
843 1038 1082 1101 “Ῑ““Ῐ’““”
1113 1038 1258 1066 “¹““’“
1286 1038 1429 1051 ”“’“”“
1458 1038 1708 1099 ¹’“”“.’”“”’
1879 1045 2161 1109 donatum;
2191 1038 2604 1113 sibiqueCothos
2635 1043 2997 1115 Romanosque
3023 1038 3404 1119 ﬁdem'subvju.

123 1092 240 1140 este
267 1102 631 1140 cocnoscere.
661 1086 790 1140 Jnre
831 1089 1097 1140 smmdem
1132 1089 1201 1140 de
1228 1104 1287 1140 se
1313 1089 1453 1140 bene
1481 1088 1710 1140 arbrtra-
1879 1114 2165 1140 ..ιριηη-λι
2190 1115 2435 1140 --.:-.-_..-
2458 1114 2756 1140 __-_..--:---
2807 1114 2934 1140 Ir...“
2959 1118 3081 1140 μη.
3190 1119 3266 1140 ψ,
3289 1135 3374 1140 --η

123 1092 240 1188 este
267 1102 631 1188 cognoscere.
661 1086 790 1188 lure
831 1089 1097 1188 siquidem
1132 1089 1201 1144 de
1228 1104 1287 1144 se
1313 1089 1453 1188 bene
1481 1087 1710 1188 arbitra-

98 1179 246 1233 bitur
295 1179 654 1249 :estimatum,
683 1181 775 1252 qui
807 1181 1013 1251 regium
1063 1189 1301 1236 meretur
1359 1180 1654 1250 alloquium
1690 1196 1705 1234 :
1879 1179 2063 1238 saritur
2093 1185 2146 1238 in
2171 1179 2358 1238 Galliis
2389 1179 2505 1238 illos
2532 1186 2815 1239 imitentur.

97 1270 223 1338 quia
257 1270 504 1341 dignitas
529 1282 612 1328 est
640 1273 867 1343 subjecti
914 1273 1107 1329 aﬁ‘atus
1136 1274 1398 1329 meruisse
1427 1273 1711 1329 dominan-
1880 1274 2093 1329 Scimus
2123 1273 2360 1328 animum
2379 1281 2619 1329 vestrum
2650 1273 2720 1328 de
2748 1275 2900 1330 obitu
2926 1276 3173 1344 gloriosae
3198 1291 3406 1334 memo-

100 1361 191 1428 tis,
219 1361 276 1414 in
303 1376 374 1417 ea
405 1365 707 1432 praisertim
737 1380 901 1420 causa
927 1366 981 1420 in
1013 1381 1118 1436 qua
1146 1367 1387 1422 omnium
1417 1365 1583 1420 corda
1632 1364 1711 1420 sic
1811 1363 1904 1419 rite
1928 1363 2113 1420 domui
2160 1364 2246 1419 avi
2302 1359 2473 1420 nostri
2514 1365 2714 1421 acerbo
2761 1365 2949 1422 dolore
3003 1367 3236 1437 fatigari,
3275 1369 3403 1424 dum

98 1451 359 1508 videntur
386 1469 511 1511 esse
532 1457 784 1526 sollicita,
816 1465 874 1512 ut
902 1457 947 1513 si
990 1473 1098 1512 non
1128 1466 1458 1528 cognoscant
1484 1471 1708 1528 prospe-
1811 1455 1993 1511 omnia
2045 1456 2186 1511 bona
2239 1455 2477 1524 graviter
2507 1453 2802 1511 deﬁeantur
2837 1457 3054 1514 amissa.
3089 1458 3216 1514 Plus
3261 1461 3405 1514 enim

101 1557 242 1610 rum,
276 1546 516 1602 credant
539 1561 755 1620 semper
782 1549 1087 1604 adversum.
1137 1548 1271 1604 Nam
1301 1550 1390 1620 qui
1421 1549 1570 1603 audit
1595 1564 1712 1603 mu-
1810 1545 2055 1615 queritur
2083 1543 2276 1618 [Edit.,
2301 1541 2600 1615 quaeritur],
2625 1544 2752 1600 dum
2793 1545 3044 1602 dominus
3072 1547 3404 1605 desiderabi-

101 1641 298 1701 tatum,
326 1653 534 1693 novum
558 1639 909 1694 nihilominus
931 1638 1185 1695 formidat
1207 1639 1515 1709 imperium.
1539 1637 1606 1692 Et
1625 1653 1714 1693 re-
1813 1636 1880 1692 lis
1903 1636 2212 1706 abrogatur.
2244 1634 2476 1706 Expedit
2502 1644 2683 1690 autem
2708 1636 2889 1691 studio
2918 1637 3131 1707 pietatis
3153 1637 3407 1694 aﬁlictam

100 1742 231 1784 vera
255 1731 448 1807 nescio
472 1732 600 1801 quid
653 1734 806 1788 triste
847 1732 1086 1789 creditur
1129 1735 1391 1802 cogitare,
1421 1733 1512 1803 qui
1539 1731 1714 1786 tardat
1815 1736 2052 1782 mentem
2099 1727 2503 1796 compensativo
2552 1727 2794 1782 remedio
2832 1727 3126 1796 consolari,
3167 1731 3293 1798 quia
3317 1731 3408 1786 vix

103 1819 248 1875 inter
269 1822 431 1878 initia
453 1823 682 1893 benigna
713 1826 1048 1896 promittere.
1076 1824 1419 1895 Quapmpter
1445 1825 1622 1880 locum
1647 1825 1714 1882 si-
1743 1839 1791 1900 Β
1816 1823 2048 1878 sentitur
2087 1823 2342 1888 amissus,
2389 1821 2475 1877 cui
2514 1837 2622 1877 non
2671 1823 2913 1877 succedit
2953 1830 3264 1879 extr-ancus.
3317 1823 3410 1880 Sic

102 1911 292 1967 tristris
317 1914 741 1982 cogitationibus
761 1924 1123 1987 amputantes,
1148 1916 1304 1970 aliter
1336 1917 1404 1970 de
1424 1916 1581 1972 nobis
1608 1932 1718 1973 non
1818 1914 1982 1979 enim,
2026 1913 2138 1968 Deo
2165 1912 2266 1969 sibi
2315 1912 2636 1981 imperante,
2670 1911 2968 1982 prospexit,
3023 1911 3150 1966 dum
3187 1921 3331 1969 esset
3354 1921 3413 1969 et

103 2005 356 2074 patimur
379 2007 528 2061 credi
557 2023 717 2076 quam
739 2009 883 2077 quod
902 2007 970 2062 de
985 2008 1183 2062 nostris
1212 2007 1388 2078 potuit
1407 2008 1719 2078 parentibus
1819 2014 1942 2078 post
1967 2005 2077 2060 fata
2115 2005 2396 2076 providus,
2442 2013 2502 2059 ut
2551 2004 2860 2074 regionibus
2887 2006 2998 2061 suis
3025 2021 3213 2076 pacem
3241 2007 3409 2063 relin-

103 2093 396 2148 tcstimari.
415 2093 481 2148 Et
505 2094 649 2162 ideo,
671 2096 814 2166 quod
833 2094 1126 2151 Divinitate
1146 2097 1375 2166 propitia
1398 2097 1598 2152 dictum
1621 2098 1716 2168 sit,
1819 2105 2029 2168 queret,
2078 2111 2148 2152 ne
2171 2097 2352 2167 aliqua
2392 2096 2605 2150 novitas
2633 2096 2814 2166 quieta
2845 2097 3106 2153 turbaret.
3135 2097 3194 2152 In
3222 2100 3410 2154 sellam

104 2182 357 2248 ﬂorioso
389 2183 589 2240 domno
621 2200 728 2240 avo
745 2194 931 2240 nostro
983 2185 1212 2242 feliciter
1254 2187 1560 2252 ordinante,
1604 2194 1716 2240 tam
1819 2190 1971 2260 regni
1991 2190 2075 2244 sui
2105 2204 2202 2244 nos
2229 2189 2479 2244 dominos
2507 2188 2822 2255 collocavit;
2842 2197 3108 2258 quatenus
3129 2189 3294 2246 decus
3318 2205 3412 2260 ge-

106 2271 598 2344 Gothorumquam
613 2275 978 2332 Romanorum
996 2277 1335 2346 praesentium
1353 2293 1452 2346 pro
1477 2277 1720 2332 munimi-
1819 2281 1984 2348 neris,
2015 2280 2160 2350 quod
2210 2279 2263 2334 in
2313 2279 2404 2333 illo
2455 2276 2653 2344 ﬂoruit,
2683 2278 2738 2333 in
2783 2293 3126 2335 successores
3167 2282 3414 2349 protinus

108 2379 176 2419 ne
197 2365 415 2435 indepti
445 2365 572 2437 [ηε.
597 2369 688 2433 Α.,
723 2367 964 2440 ἰηοωριη
994 2370 1142 2438 regni
1165 2378 1499 2426 sacramenta
1530 2384 1716 2426 susce-
1819 2372 2014 2442 aequali
2057 2371 2176 2428 luce
2205 2371 2458 2427 radiaret.
2491 2373 2590 2428 Cui
2615 2375 2941 2430 ordinationi
2969 2374 3273 2430 Gothorum
3303 2376 3418 2432 Ro-

114 2458 320 2527 pimus,
367 2458 515 2528 quod
541 2474 638 2514 vos
666 2473 882 2528 quoque
921 2460 1159 2516 facturos
1202 2475 1325 2516 esse
1365 2461 1719 2516 libentissime
1819 2476 2211 2532 manorumque
2239 2463 2506 2518 desideria
2535 2473 2923 2531 convenerunt,
2948 2464 3022 2519 ita
3048 2465 3225 2520 utsub
3249 2465 3416 2534 juris-

107 2550 448 2619 judicamus;
472 2551 639 2622 utqui
669 2549 854 2607 ﬁdeles
878 2553 1188 2622 parentibus
1202 2553 1398 2609 nostris
1413 2553 1715 2620 exstitistis,
1818 2551 2031 2621 jurandi
2071 2553 2332 2624 religione
2360 2555 2740 2625 promitterent
2763 2555 2921 2611 ﬁdem
2943 2570 3005 2612 se
3028 2569 3196 2624 regno
3226 2564 3414 2612 nostro

114 2644 275 2699 nobis
302 2659 526 2714 quoque
553 2644 1022 2700 similidevotione
1041 2646 1297 2716 parcatis.
1317 2644 1546 2700 Suavius
1573 2645 1718 2700 enim
1821 2645 2021 2700 devoto
2043 2645 2226 2702 animo
2248 2655 2576 2702 servaturos.
2603 2646 2763 2714 Quod
2804 2648 2870 2702 ad
2901 2649 3123 2704 illustris
3148 2651 3416 2717 magnitu-

114 2738 294 2807 diligit
323 2738 616 2802 hazredem,
649 2738 742 2807 qui
771 2738 1160 2793 beneﬁciorum
1185 2736 1504 2792 recordatur
1532 2745 1720 2792 aucto-
1822 2735 1962 2790 diuis
1989 2744 2184 2790 vestra:
2211 2736 2458 2791 notitiam
2514 2737 2782 2792 credimus
2811 2737 3209 2808 perferendum,
3250 2747 3311 2792 ut
3347 2739 3415 2793 ab

114 2843 252 2884 rem.
286 2829 400 2885 Sed
424 2838 482 2885 ut
508 2829 664 2884 vobis
688 2830 1078 2886 benevolentia:
1101 2839 1297 2885 nostra:
1321 2829 1432 2898 jam
1464 2845 1608 2884 nunc
1638 2829 1720 2883 in-
1824 2827 1910 2881 bis
1937 2827 2029 2897 qui
2056 2829 2111 2882 in
2154 2826 2343 2882 Galliis
2387 2843 2554 2898 regno
2584 2829 2802 2898 pietatis
2829 2838 3030 2885 nostra:
3067 2830 3249 2886 devoti
3289 2837 3418 2885 sunt

116 2920 348 2989 tegritas
380 2921 702 2984 innotescat,
738 2919 1090 2989 jurisjurandi
1122 2920 1274 2976 vobis
1321 2919 1544 2975 fecimus
1593 2919 1722 2974 reli-
1824 2920 2000 2975 simile
2027 2919 2336 2989 proferatur
2356 2920 2700 2990 exemplum;
2723 2928 2779 2976 et
2805 2922 2944 2976 sicut
2963 2920 3174 2975 animos
3198 2927 3418 2974 nostros

116 3011 283 3080 gione
312 3014 556 3082 promitti
577 3013 719 3081 quod
743 3023 800 3067 et
819 3019 1061 3067 nostrum
1092 3013 1262 3082 possit
1284 3011 1562 3068 declarare
1587 3026 1718 3083 pro-
1825 3013 1968 3068 circa
1992 3025 2052 3066 se
2083 3010 2318 3066 minores
2339 3026 2447 3066 non
2471 3011 2779 3066 desiderant
2799 3009 2960 3078 efﬁci,
2988 3010 3062 3066 ita
3083 3010 3200 3082 pari
3224 3009 3417 3067 condi-

117 3104 388 3173 positum,
417 3112 472 3160 et
499 3117 648 3172 spem
678 3103 874 3158 debeat
900 3104 1111 3160 munire
1138 3111 1480 3159 cunctorum.
1825 3104 1977 3161 tione
1999 3110 2288 3160 teneantur
2310 3102 2536 3159 astricti.

697 3231 1029 3290 EPISTOLA
1057 3235 1126 3291 v.
1754 3220 1800 3284 C
2299 3238 2453 3310 127
2483 3235 2812 3292 EPISTOLA
2838 3235 2948 3294 vn.

119 3343 399 3385 INIVERSS
417 3343 608 3386 GOTIIIS
630 3345 730 3385 PER
751 3345 969 3384 ITALIAI
996 3341 1340 3384 CONSTITU‘I‘IS
1360 3339 1726 3384 ATHALARIWS
1830 3345 2101 3388 INWBRSIS
2156 3344 2582 3386 PROVINCIALIBUS
2635 3345 2736 3384 PER
2795 3343 3026 3384 GALLIAI
3079 3341 3421 3384 CONSTI’I‘UTIS

861 3415 992 3454 REX.
2364 3416 2730 3456 ATHALARICUS
2758 3416 2884 3455 REX.

127 3505 414 3578 Signiﬁcat
433 3525 509 3574 se,
534 3507 854 3563 Theodorico
875 3509 1048 3562 adhuc
1067 3511 1356 3578 superstite,
1383 3510 1610 3564 omnium
1635 3526 1690 3564 sa

1861 3495 2089 3553 lortatur
2116 3504 2176 3578 ut
2197 3494 2352 3578 Gothi
2379 3495 2652 3578 Romanis,
2677 3505 2732 3578 et
2747 3495 2972 3578 Romani
2995 3493 3176 3550 Gothis
3199 3492 3424 3550 vicissim

197 3567 470 3632 Zra'menta
495 3567 563 3632 vin
598 3581 754 3651 regia
782 3581 985 3633 civitate
1026 3567 1298 3649 recepisse,
1339 3567 1388 3633 et
1408 3581 1644 3632 hortatur
1670 3590 1730 3634 ut

1535 3590 1644 3632 amr
1670 3590 1730 3634 αι
2147 3568 2328 3638 jurent
2356 3582 2410 3620 se
2437 3567 2596 3636 ﬁdem
2625 3567 2732 3636 regi
2759 3567 3098 3635 prazstituros.

199 3665 380 3727 eorum
403 3650 692 3727 exemplum
712 3657 1014 3727 sequantur,
1044 3665 1136 3703 nec
1162 3665 1266 3727 non
1295 3667 1386 3719 per
1412 3651 1727 3704 comitemiis
1902 3657 2058 3714 Licet
2086 3657 2334 3727 gloriosae
2373 3657 2648 3712 memoriae
2675 3657 2858 3711 domni
2886 3657 2970 3710 avi
3003 3656 3171 3711 nostri
3199 3671 3299 3726 pro
3327 3669 3424 3710 ex-

200 3719 516 3790 interposito
545 3719 870 3774 sacramento
899 3719 1055 3790 ﬁdem
1075 3719 1312 3790 spondet.

1864 3719 2150 3803 callentibus
2197 3745 2403 3802 meritis
2449 3746 2618 3800 tristis
2665 3745 2819 3801 vobis
2872 3745 3119 3800 videatur
3167 3719 3425 3813 occasus,

200 3827 577 3885 Voluissemus
599 3829 815 3901 quidem
843 3829 1134 3885 domniavi
1167 3829 1334 3884 nostri
1365 3829 1623 3898 longaevae
1650 3829 1731 3884 vi—
1832 3847 2036 3904 tamen,
2086 3837 2214 3908 quia
2264 3837 2354 3892 ille
2400 3837 2636 3892 humana
2686 3835 2996 3892 conditione
3036 3835 3312 3902 decubuit,
3358 3833 3429 3888 ad

136 3929 202 3976 tae
246 3922 443 3991 gaudia
472 3923 721 3978 nuntiare
755 3939 766 3976 ε
797 3921 891 3978 sed
920 3923 1177 3992 quoniam
1228 3921 1570 3992 diligentibus
1597 3923 1730 3979 dura
1834 3929 2258 3988 continuandam
2287 3930 2735 4000 gubernationem
2763 3944 2924 3998 quam
2955 3928 3297 3996 singulariter
3315 3940 3430 3994 ges-

136 4013 447 4070 conditione
469 4014 776 4070 subtractus
799 4025 903 4084 est,
924 4031 1024 4071 nos
1051 4014 1290 4070 haeredes
1313 4015 1461 4084 regni
1491 4015 1593 4082 sui,
1619 4015 1732 4071 Deo
1835 4032 1981 4080 εει-ει
2007 4039 2106 4080 nos
2134 4023 2352 4094 reliquit
2368 4039 2383 4088 ;
2415 4038 2485 4078 ne
2511 4023 2764 4077 damnum
2805 4022 2933 4076 boni
2971 4021 3228 4090 principis
3263 4019 3433 4074 senii-

137 4104 234 4160 sibi
263 4106 592 4176 imperante,
624 4105 917 4171 substituit,
951 4114 1012 4160 ut
1063 4105 1411 4161 successione
1456 4106 1700 4175 sanguini

1868 4116 1988 4181 etis,
2017 4115 2172 4184 cujus
2201 4115 2354 4170 vobis
2385 4115 2629 4170 noscitur
2655 4127 2882 4180 regnare
2909 4112 3212 4181 progenies.
3245 4109 3431 4166 Nullus

136 4197 217 4251 sui
234 4196 502 4254 beneﬁcia
523 4198 722 4253 vobisa
751 4212 811 4254 se
831 4197 1050 4265 collata,
1071 4196 1273 4252 faceret
1301 4211 1421 4252 esse
1448 4205 1733 4266 perpetua,
1837 4205 1981 4260 enim
2005 4203 2147 4273 apud
2174 4218 2274 4258 nos
2299 4203 2497 4272 perdit,
2526 4201 2670 4272 quod
2697 4201 2846 4273 {Atia}
2870 4198 2982 4270 qui]
3006 4200 3081 4254 illi
3105 4200 3311 4270 paruit;
3336 4199 3434 4256 sed

141 4287 262 4342 dum
294 4305 398 4345 nos
423 4290 510 4344 illa
553 4298 608 4346 et
653 4303 851 4358 augere
878 4299 935 4345 et
956 4290 1096 4345 tueri
1124 4290 1368 4360 cupimus
1393 4303 1512 4358 qua:
1542 4289 1610 4343 ab
1640 4289 1735 4344 illo
1839 4292 2039 4362 duplici
2063 4292 2312 4360 largitate
2333 4292 2572 4348 muniﬁci
2600 4299 2656 4347 et
2685 4291 2827 4346 illius
2856 4290 3034 4347 debita
3062 4291 3355 4356 reddimus,
3378 4297 3436 4345 et

142 4376 276 4436 facta
306 4397 433 4439 esse
457 4383 853 4452 cognoscimus.
899 4379 1066 4450 Cujus
1105 4380 1431 4437 ordinationi
1461 4379 1641 4435 adhuc
1667 4395 1736 4436 eo
1841 4381 2038 4436 futuris
2076 4381 2350 4452 obsequiis
2395 4379 2658 4438 beneﬁcia
2707 4378 2943 4449 ingenita
2981 4381 3179 4451 pietate
3217 4392 3434 4438 mutua-

143 4476 436 4543 superstite
465 4475 518 4529 in
549 4474 696 4544 regia
735 4475 954 4530 civitate
993 4474 1067 4528 ita
1097 4473 1419 4529 sacramenti
1447 4471 1739 4542 interposi-
1842 4487 1982 4526 mus.
2025 4471 2204 4542 Atque
2242 4471 2364 4528 ideo
2414 4472 2573 4528 iidem
2621 4473 2902 4543 pristinam
2945 4473 3132 4542 majori
3172 4491 3313 4529 nunc
3341 4489 3438 4529 vos

146 4563 288 4620 tione
307 4573 630 4621 cunctorum
659 4573 782 4620 vota
809 4563 1013 4619 sociata
1038 4571 1183 4627 sunt,
1210 4570 1270 4618 ut
1298 4578 1461 4618 unum
1483 4563 1739 4620 crederes
1768 4607 1820 4666 Β
1844 4565 2099 4619 convenit
2137 4562 2428 4620 devotione
2471 4573 2796 4624 monstrare.
2837 4565 2962 4633 quia
2998 4565 3138 4620 bene
3179 4567 3440 4637 pr05picit

148 4659 482 4725 promittere,
516 4657 661 4727 quod
689 4655 1015 4727 generalitas
1052 4656 1334 4712 videbatur
1375 4664 1586 4726 optare.
1620 4655 1739 4712 Hoc
1768 4655 1814 4666 ”
1844 4655 2004 4710 rebus
2050 4655 2264 4722 futuris,
2308 4656 2399 4727 qui
2448 4657 2788 4725 regnantium
2837 4657 3004 4712 servit
3052 4657 3214 4712 initiis
3258 4677 3272 4712 :
3313 4660 3437 4714 dum

151 4763 240 4803 vos
258 4756 552 4821 sequentes
575 4747 900 4818 exemplum,
924 4747 1041 4816 pari
1071 4747 1357 4802 devotione
1377 4746 1641 4817 peragite,
1671 4761 1739 4802 ne
1844 4746 1960 4818 ipse
1986 4753 2041 4802 et
2065 4746 2120 4802 in
2149 4746 2418 4816 reliquum
2443 4762 2794 4818 perseverare
2819 4748 3072 4814 creditur,
3102 4750 3192 4819 qui
3215 4750 3444 4818 primm-

152 4841 271 4906 quid
301 4859 331 4898 a
361 4841 714 4912 praesentibus
761 4840 936 4894 minus
978 4838 1173 4895 fecisse
1202 4837 1514 4905 videamini,
1561 4855 1591 4895 a
1620 4839 1740 4911 qui-
1845 4839 1932 4894 dia
1960 4838 2144 4896 fovere
2175 4838 2424 4894 sentitur.
2465 4837 2768 4895 Indicamus
2808 4851 3008 4906 autem,
3047 4839 3232 4896 favore
3261 4841 3440 4894 divin.

155 4930 247 4988 bus
298 4935 539 4992 creditur
590 4943 762 4990 totum
804 4933 1052 4989 similiter
1092 4947 1249 5002 posse
1278 4933 1557 5003 compleri.
1587 4932 1739 4988 lllum
1846 4945 1970 4985 cum
2009 4929 2076 4984 ad
2121 4929 2273 4998 regni
2312 4929 2547 4985 culmina
2596 4930 3022 5000 perveniremus,
3070 4929 3248 4984 omnia
3291 4929 3445 4981 nobis

158 5037 283 5082 vero
313 5027 571 5083 comitem
605 5027 758 5081 vobis
780 5025 1000 5081 fecimus
1018 5024 1195 5095 iurata
1224 5040 1358 5080 voce
1389 5024 1739 5094 promittere;
1847 5021 1929 5077 sic
1953 5020 2155 5086 felicia,
2183 5021 2260 5076 sic
2291 5020 2576 5090 tranquilla
2602 5021 2851 5086 cessisse,
2885 5030 2942 5074 ut
2971 5035 3134 5074 unum
3157 5018 3303 5087 loqui
3327 5032 3444 5070 crc-

162 5119 376 5174 utsicut
403 5118 558 5173 nobis
584 5125 821 5174 vestrum
851 5117 1088 5172 animum
1118 5114 1466 5172 devotissime
1494 5115 1740 5185 proditis,
1853 5115 2010 5171 deres
2037 5113 2181 5184 quod
2211 5114 2540 5183 generalitas
2566 5115 2870 5180 insonabat,
2902 5129 2999 5169 nec
3032 5119 3312 5183 putaretur
3343 5111 3442 5163 lm-

161 5207 235 5263 sic
257 5219 440 5282 optata
467 5211 535 5268 de
560 5213 759 5268 nostris
785 5213 1032 5268 sensibus
1072 5211 1319 5284 audiatis.
1364 5208 1608 5278 Recipite
1636 5207 1742 5260 ita-
1855 5220 2073 5260 manum
2114 5204 2259 5273 quod
2312 5212 2392 5260 tot
2439 5217 2564 5259 vota
2612 5205 2903 5274 ingentium
2954 5204 3274 5274 pupulowm
3315 5203 3445 5256 nihil

163 5312 262 5366 (lue
290 5319 609 5374 prosperum
649 5303 802 5359 vobis
831 5319 1046 5374 semper
1072 5319 1287 5369 nomen,
1316 5300 1626 5356 Amalorum
1657 5313 1746 5354 re-
1854 5297 2082 5367 probata
2120 5304 2246 5352 sunt
2285 5296 2484 5351 habere
2519 5296 2868 5351 contrarium.
2910 5293 3062 5349 Unde
3101 5309 3195 5349 vos
3230 5309 3446 5364 quoque

165 5394 332 5458 salem
361 5398 688 5468 prosapiem,
718 5398 980 5453 blatteum
1010 5409 1254 5466 germen,
1307 5391 1587 5447 infantiam
1621 5407 1746 5462 pur-
1856 5388 2109 5460 praedicta
2150 5389 2404 5444 convenit
2447 5388 2666 5452 imitari,
2710 5397 2768 5442 ut
2807 5385 2966 5441 Gothi
3015 5386 3272 5442 Romanis
3308 5401 3446 5455 pra:-

169 5496 425 5554 puratam,
456 5505 554 5558 per
580 5504 736 5560 quos,
765 5489 877 5544 Deo
903 5487 1147 5557 juvante,
1180 5491 1434 5555 parentes
1455 5481 1625 5536 nostri
1654 5481 1746 5536 de—
1855 5480 2020 5536 beant
2062 5479 2459 5550 jusjurandum,
2498 5487 2554 5535 et
2598 5479 2826 5534 Romani
2870 5476 3063 5533 Gothis
3109 5484 3449 5532 sacramento

171 5588 344 5635 center
389 5583 564 5638 evecti
593 5591 740 5650 sunt,
772 5589 827 5636 et
873 5581 1013 5634 inter
1043 5588 1149 5631 tam
1191 5576 1482 5646 prolixum
1509 5574 1749 5630 ordinem
1857 5571 2177 5630 conﬁrment
2200 5589 2257 5630 se
2288 5575 2612 5630 unanimiter
2641 5583 2806 5638 regno
2839 5580 3023 5626 nostro
3050 5586 3169 5625 esse
3200 5569 3444 5632 devotos,

173 5682 348 5736 regum
398 5663 751 5745 susceperunt
799 5689 1015 5743 semper
1069 5677 1436 5740 augmentum.
1469 5667 1750 5723 Credimus
1814 5661 1818 5666 ’
1856 5668 2124 5736 quatenus
2148 5678 2202 5722 et
2229 5669 2384 5722 nobis
2413 5675 2586 5722 vestra
2618 5665 2902 5718 sinceritas
2933 5663 3268 5718 laudabiliter
3296 5662 3452 5716 inno-

174 5758 310 5814 euim
332 5761 402 5820 de
427 5764 716 5820 Divinitate
741 5763 995 5834 propitia,
1022 5775 1140 5833 quae
1171 5761 1406 5831 majores
1431 5769 1644 5815 nostros
1671 5759 1753 5813 di-
1832 5768 2052 5830 tescat,
2084 5769 2138 5816 et
2167 5761 2234 5816 ad
2261 5761 2498 5829 quietem
2532 5766 2763 5812 vestram
2797 5757 3039 5827 proﬁciat
3065 5756 3292 5812 invicem
3323 5770 3450 5826 pro-

175 5857 394 5916 tuanter
419 5854 640 5927 adjuvit,
681 5871 820 5912 nunc
844 5870 1062 5925 quoque
1089 5854 1316 5925 gratiam
1347 5867 1457 5908 snze
1487 5852 1756 5922 dignatio-
1863 5861 2022 5917 missa
2067 5862 2373 5915 οοειοοιηιῑπ,
2415 5851 2515 5906 Eat
2566 5853 2708 5908 inter
2746 5869 2842 5908 vos
2893 5852 3078 5926 legalis
3116 5851 3278 5907 missa
3306 5856 3455 5905 tran-
