3958 6462
472 366 582 422 739

1684 365 1754 424 ιι.
1796 348 2073 424 suam
2111 342 2510 423 (asserebant

3666 334 3770 416 rte

472 484 740 553 quillitas;
781 479 966 554 potior
999 482 1196 539 minori
1247 498 1356 540 non
1402 484 1471 540 sit
1512 482 1754 539 infestus.
1795 482 2062 538 Habetotc
2090 489 2133 545 Λ
2168 496 2266 552 pro
2308 480 2546 535 omnium
2591 477 2823 533 utilitate
2870 480 3154 531 tractatur.
3194 470 3466 530 Solatium
3509 486 3768 528 curarum

472 576 709 629 animum
738 584 1010 645 pacatum,
1039 577 1131 647 qui
1153 576 1353 632 bellum
1384 593 1492 633 non
1519 576 1728 632 habetis
1753 584 2056 641 externum,

377 700 381 705 ο
471 668 596 736 quia
633 668 864 739 primum
906 670 1030 725 inde
1073 671 1230 726 nobis
1276 671 1493 739 placere
1534 671 1797 741 poteritis,
1836 670 1877 726 si
1907 668 2062 725 vobis

470 758 571 813 hac
617 760 829 815 ratione
867 761 1175 830 prospicitis
1216 760 1367 836 [Ed.,
1411 761 1562 831 Nim,
1590 762 1781 828 ‘Gam.,
1824 762 1971 817 Grut.
2012 769 2061 817 et

470 850 611 922 Cuj.,
642 851 982 925 proﬁciatis].

1009 988 1338 1047 EPISTULA
1381 990 1511 1047 VIII.

468 1100 750 1141 VICTORINO
764 1100 887 1141 VIRO
910 1100 1243 1149 VENERABILI,
1262 1101 1528 1151 El‘lSCOPO,
1552 1096 1917 1139 ATIIALABICUS
1932 1096 2059 1135 REX.

473 1178 756 1233 Renuntiat
816 1195 869 1231 se
926 1176 1242 1232 Theoderico
1298 1188 1499 1231 mortuo
1559 1174 1882 1230 successisse.
1935 1168 2063 1226 Tum

539 1251 699 1318 ipsius
730 1248 1047 1302 orationibus
1090 1267 1143 1303 se
1176 1250 1564 1315 commendans,
1597 1248 1720 1317 petit
1755 1255 1815 1318 Aut
1856 1246 2064 1318 propin-

541 1312 699 1373 ciales
740 1330 946 1373 cunctos
986 1320 1051 1371 ad
1098 1320 1253 1388 ﬁdem
1286 1319 1505 1389 principi
1542 1312 2065 1370 servandantcoltor-

542 1398 696 1443 tatur.

508 1516 513 1519 η
544 1478 621 1534 De
651 1479 755 1535 ﬁde
782 1489 944 1550 atque
983 1481 1283 1537 constantia
1323 1480 1459 1536 tales
1502 1482 1627 1536 Sunt
1660 1474 2064 1534 commonendze

473 1585 735 1642 personat,
768 1586 887 1643 quae
923 1572 1205 1629 desideriis
1243 1573 1491 1630 humanis
1521 1572 1733 1627 diversa
1765 1579 1909 1626 sorte
1935 1580 2065 1640 qua;

475 1663 697 1718 tiuntur.
734 1664 839 1719 Vos
877 1673 1076 1732 autem,
1111 1678 1247 1735 quos
1284 1663 1546 1736 sapientia
1586 1659 1978 1722 iirmosci'lleit,
2011 1660 2067 1715 et

473 1774 625 1813 mens
653 1759 905 1828 religiosa
934 1758 1255 1828 consolidat,
1289 1771 1313 1799 α
1345 1762 1412 1817 ad
1442 1760 1846 1833 provincialium
1888 1754 2065 1827 potius

474 1852 727 1905 convenit
772 1851 1129 1908 adunationes
1159 1850 1406 1919 animari,
1440 1852 1563 1922 quia
1590 1852 1735 1920 juste
1765 1846 1976 1903 debitor
2008 1840 2066 1897 iit

473 1940 632 1996 alieni
672 1942 898 2009 arbitrii,
929 1944 1021 2012 qui
1068 1958 1099 1998 a
1138 1942 1378 2014 pluribus
1420 1950 1659 1997 meretur
1692 1932 1883 1993 audiri.
1916 1935 2061 2002 Qua-

472 2040 694 2101 propter
722 2033 1018 2087 salutantes
1048 2033 1396 2087 veneratione
1421 2042 1524 2101 qua
1554 2029 1772 2097 dignum
1798 2036 1901 2093 est,
1926 2022 2069 2095 quod

472 2123 625 2178 vobis
671 2123 886 2193 quidem
929 2139 1219 2180 maerorem
1264 2120 1435 2194 possit
1483 2122 1740 2188 indicere,
1783 2118 2067 2175 transitum

474 2214 721 2283 gloriosae
752 2216 1027 2270 memoria:
1051 2217 1235 2270 domui
1265 2216 1351 2270 avi
1381 2215 1553 2270 nostri
1580 2229 1703 2269 cum
1731 2212 1919 2268 dolore
1950 2222 2067 2265 ma-

476 2307 623 2360 ximo
672 2308 1000 2361 nuntiamus.
1048 2307 1152 2361 Sed
1214 2306 1336 2361 inde
1384 2313 1567 2375 potest
1622 2312 1801 2359 vestra
1852 2300 2069 2357 tristitia

479 2398 787 2464 temperari,
814 2398 938 2464 quia
963 2411 1061 2452 nos
1082 2397 1137 2451 in
1162 2397 1292 2452 sede
1321 2397 1471 2465 regni
1498 2396 1602 2463 sui,
1627 2392 1917 2449 Divinitate
1944 2407 2069 2463 pro-

476 2486 630 2557 pitia,
662 2487 982 2553 collocavit;
1032 2496 1093 2543 ut
1135 2488 1190 2542 in
1240 2492 1409 2542 totum
1454 2485 1721 2541 desiderio
1750 2493 1933 2539 vestro
1960 2498 2068 2538 non

476 2576 723 2631 videatur
755 2585 997 2646 ereptus,
1029 2578 1121 2647 qui
1156 2578 1309 2633 vobis
1338 2577 1615 2644 consurgit
1644 2577 1697 2630 in
1728 2573 2069 2630 successione

476 2675 778 2739 reparatus.
828 2668 1028 2725 Favete
1076 2684 1217 2725 nunc
1271 2669 1605 2725 orationibus
1649 2667 1836 2732 sacris,
1870 2663 2070 2722 nostris

476 2757 708 2812 libenter
756 2760 1028 2829 auspiciis,
1081 2768 1139 2814 ut
1188 2759 1303 2815 Rex
1354 2759 1588 2815 caelestis
1633 2760 1865 2814 humana
1915 2752 2070 2812 nobis

476 2860 643 2917 regna
681 2848 986 2915 conﬁrmet,
1036 2858 1223 2919 gentes
1277 2859 1530 2906 externas
1577 2850 1796 2915 atterat,
1847 2854 2069 2919 peceata

479 2938 742 3005 absolvat,
774 2942 1077 2997 eonsolidet
1105 2951 1159 2997 et
1186 2951 1471 2999 conservet
1511 2941 1772 3013 propitius
1800 2938 1946 3010 quod
1978 2953 2071 3009 pa-

478 3033 718 3087 rentibus
740 3034 941 3090 nostris
961 3035 1210 3104 dignatus
1235 3044 1317 3090 est
1341 3044 1597 3105 prtesmre
1619 3033 1902 3104 gloriosus.
1928 3032 2072 3099 Qua-

477 3130 699 3193 pr0pter
726 3126 983 3180 sanctitas
1011 3135 1191 3180 vestra
1233 3126 1594 3196 provinciales
1624 3131 1847 3181 cunetos
1877 3125 2068 3179 admo-

477 3225 623 3283 neat,
647 3227 725 3282 ut,
753 3219 893 3273 inter
914 3234 972 3273 se
994 3218 1343 3275 concordiam
1372 3220 1659 3287 habentes,
1691 3233 1857 3287 regno
1883 3226 2068 3273 nostro

478 3322 577 3377 per
604 3308 787 3383 omnia
815 3308 1049 3363 debeant
1073 3323 1193 3362 esse
1222 3308 1512 3378 purissimi.
1544 3302 1801 3377 Cupimus
1844 3308 1988 3363 enim
2016 3307 2073 3363 in

479 3398 739 3466 subjectis
766 3396 928 3454 ﬁdem
950 3398 1198 3469 reperiri,
1222 3413 1385 3467 quam
1406 3398 1555 3468 larga
1577 3398 1844 3468 possimus
1873 3398 2075 3470 pietate

484 3502 781 3544 munerari.

1052 3664 1386 3722 EPISTOLA
1423 3665 1515 3721 IX.

486 3767 666 3810 TULUI
688 3754 834 3827 μω,
858 3758 1113 3830 τιιοιωτ]
1138 3772 1262 3814 vmo
1292 3772 1539 3813 mutato
1560 3764 1924 3813 nasturcth
1944 3770 2072 3814 nux.

486 3845 577 3902 Illi
598 3852 863 3921 confertur
892 3852 1194 3921 patriciatus
1225 3851 1473 3921 dignitas,
1504 3851 1867 3921 praeclarisque
1906 3851 2077 3904 laudi-

742 3920 835 3976 bus
862 3936 965 3976 una
996 3939 1109 3975 cum
1140 3920 1499 3976 Geitsemundo
1520 3920 1821 3977 exornatur.

556 4048 709 4110 Licet
750 4050 813 4110 ad
849 4054 1109 4125 regendos
1140 4052 1367 4127 populos
1397 4056 1620 4113 idoneos
1661 4052 1915 4123 ciliciant,
1941 4068 2077 4126 quos

485 4145 550 4199 ad
582 4152 865 4215 augustum
895 4146 1106 4203 culmen
1128 4148 1317 4203 Divina
1346 4147 1695 4219 provexerint
1719 4148 1953 4219 (quando
1978 4165 2077 4204 nec

482 4246 615 4298 actas
661 4234 904 4309 impedit,
945 4240 1032 4295 ubi
1082 4255 1201 4296 sese
1249 4244 1491 4311 potentia
1531 4241 1768 4297 cmlestis
1800 4239 2076 4313 infundit),

486 4340 665 4385 tamen
716 4331 784 4385 ad
831 4331 1173 4387 relevandam
1228 4332 1620 4389 ﬂorentissimae
1664 4336 1859 4390 nostra:
1901 4337 2076 4395 aetatis

486 4421 919 4490 sollicitudinem,
952 4426 1125 4479 visum
1167 4434 1251 4481 est
1289 4432 1344 4481 te
1385 4426 1557 4481 virum
1600 4422 2073 4499 prudentissimum

487 4512 872 4567 convenienter
920 4514 1199 4583 adhibere,
1231 4526 1390 4585 quem
1431 4524 1647 4572 Constat
1693 4517 1856 4573 etiam
1895 4518 2077 4573 domui

2164 574 2476 641 frequenter
2500 566 2601 625 sibi
2632 570 2891 626 adhibent
2931 569 3127 623 maturi
3168 582 3350 638 reges;
3395 574 3452 623 et
3487 567 3623 623 hinc
3653 584 3769 624 me-

2165 664 2327 718 liores
2368 663 2723 730 :estimantur,
2777 660 2823 716 si
2872 660 2974 717 soli
3022 659 3203 715 omnia
3246 676 3354 717 non
3404 670 3767 731 praesumunt.

2164 756 2318 823 Quod
2349 755 2395 811 si
2425 754 2649 824 longrcvi
2681 754 2886 810 domini
2925 752 3291 825 subjectorum
3338 752 3576 822 ingeniis
3620 748 3768 823 adju-

2163 856 2377 916 vantur,
2411 836 2657 903 consulte
2686 844 2993 903 relaxamus
3022 846 3196 901 aetatis
3230 855 3427 901 nostrce
3466 847 3671 903 breves
3698 848 3767 902 ie-

2163 940 2302 1006 rias;
2327 948 2385 994 ut
2410 941 2520 995 suis
2550 940 2897 997 incrementis
2918 942 3113 996 devota
3133 941 3466 1012 prosperius,
3495 942 3768 997 rosttior

2165 1030 2232 1084 ad
2264 1028 2473 1101 imperii
2501 1032 2741 1102 pondera
2768 1030 3082 1087 sustinenda
3104 1040 3413 1101 consurgat.
3438 1033 3629 1103 Atque
3656 1033 3770 1089 ideo

2166 1132 2241 1190 te,
2273 1139 2395 1178 cum
2448 1123 2631 1180 favore
2672 1124 2878 1190 divino,
2912 1133 3165 1194 suggestu
3212 1125 3554 1196 praesentalis
3604 1128 3770 1196 patri-

2168 1214 2340 1272 ciatus
2368 1217 2676 1284 evehimus;
2705 1225 2763 1271 ut
2790 1233 2888 1287 pro
2924 1216 3200 1287 republica
3228 1225 3415 1272 nostra
3441 1226 3771 1273 tractantem

2168 1302 2324 1363 sedes
2347 1307 2488 1364 celsa
2514 1306 2785 1375 sublimet,
2814 1324 2882 1363 ne
2904 1307 3170 1363 sententia
3197 1308 3469 1375 salutaris,
3500 1309 3591 1363 cui
3619 1309 3773 1365 decet

2167 1398 2438 1454 humiliter
2484 1415 2696 1470 parere,
2729 1415 2760 1454 a
2790 1400 2910 1462 loco
2950 1394 3198 1454 videatur
3224 1398 3437 1454 venisse
3468 1400 3766 1454 communi.

2167 1490 2265 1547 llic
2294 1500 2376 1547 est
2404 1492 2577 1547 honor
2604 1490 2696 1561 qui
2722 1500 2777 1548 et
2806 1492 2970 1547 armis
3005 1492 3281 1559 convenit,
3323 1498 3381 1545 et
3411 1490 3466 1544 in
3502 1504 3649 1560 pace
3688 1506 3770 1543 re-

2168 1585 2434 1656 splendet.
2470 1585 2623 1641 Iiunc
2653 1584 2742 1641 illa
2773 1585 2919 1641 dives
2951 1585 3177 1651 Graecia,
3209 1600 3325 1655 quas
3357 1584 3535 1639 multa
3574 1585 3775 1652 glorio-

2168 1677 2382 1733 sissimo
2411 1674 2610 1733 domno
2636 1694 2738 1733 avo
2769 1685 2956 1733 nostro
2984 1676 3191 1745 debuit,
3220 1676 3529 1744 gratiﬁcata
3563 1677 3768 1746 persol-

2170 1766 2282 1833 vit;
2314 1769 2513 1824 velavit
2542 1768 2707 1825 fortes
2736 1768 2992 1825 humeros
3019 1769 3360 1839 chlamydum
3389 1768 3583 1831 vestis,
3602 1770 3771 1838 pinxit

2098 1870 2140 1933 Β
2169 1875 2322 1915 suras
2352 1862 2537 1917 sericis
2555 1861 2772 1918 calceus
2793 1864 2895 1918 iste
2920 1863 3215 1930 Romanus,
3239 1870 3296 1916 et
3315 1861 3609 1931 dignanter
3633 1864 3771 1917 visus

2174 1940 2291 2025 [δν.
2317 1959 2366 2007 ει
2398 1950 2539 2024 Cuj.,
2566 1952 2769 2025 jussus]
2793 1964 2875 2010 est
2906 1955 3172 2024 accipere,
3205 1953 3347 2024 quod
3386 1968 3445 2009 se
3476 1967 3772 2022 cognosce-

2170 2046 2263 2099 bat
2292 2062 2567 2103 assumere
2614 2064 2711 2119 per
2753 2051 3038 2107 honorem.
3082 2050 3375 2107 Crescebat
3402 2050 3621 2106 visendi
3666 2058 3771 2106 stu-

2170 2134 2313 2192 dium
2342 2135 2470 2193 Eois
2497 2138 2710 2210 populis
2740 2141 2961 2198 heroem
2990 2151 3258 2208 nostrum,
3280 2142 3431 2211 dum,
3453 2143 3651 2198 nescio
3671 2157 3771 2211 quo

2170 2237 2349 2299 pacto,
2399 2230 2451 2284 in
2495 2246 2618 2286 eum
2663 2232 2755 2301 qui
2790 2233 3077 2289 bellicosus
3116 2234 3375 2300 creditur,
3429 2233 3611 2288 civilia
3661 2234 3772 2303 pias

2171 2330 2440 2377 amantur.
2470 2321 2584 2379 llac
2613 2325 2772 2393 igitur
2806 2326 3028 2381 honoris
3065 2327 3509 2382 remuneratione
3548 2336 3768 2383 conten-

2174 2423 2279 2482 tus,
2311 2432 2410 2486 pro
2440 2417 2642 2472 exteris
2670 2419 2914 2488 partibus
2941 2416 3207 2474 indefessa
3234 2417 3536 2474 devotione
3560 2418 3773 2475 labora-

2171 2502 2277 2570 vit;
2311 2515 2365 2560 et
2393 2515 2652 2575 praestare
2690 2522 2811 2562 cum
2842 2508 2952 2563 suis
2981 2508 3294 2579 parentibus
3318 2508 3555 2578 principi
3584 2508 3770 2577 dignaa

2172 2596 2329 2653 batur
2354 2599 2693 2670 obsequium,
2722 2601 2813 2670 qui
2845 2609 3121 2657 tantorum
3162 2616 3349 2670 regum
3388 2600 3573 2656 fuerat
3610 2602 3773 2673 stirpe

2172 2699 2503 2759 procreatus.
2528 2691 2619 2746 Sic
2647 2707 2707 2748 se
2734 2706 3052 2761 magnorum
3074 2692 3336 2749 beneﬁcia
3358 2708 3584 2765 semper
3604 2697 3772 2749 extol-

2172 2784 2313 2852 lunt,
2344 2793 2485 2840 utet
2514 2786 2709 2855 quibus
2747 2787 3015 2857 imperare
3050 2798 3343 2857 nequeunt,
3379 2787 3509 2856 jura
3550 2803 3773 2843 veneta.

2174 2877 2334 2933 tionis
2370 2879 2526 2951 128
2556 2879 2853 2948 imponant.
2882 2880 3119 2949 Diligunt
3148 2895 3338 2935 omnes
3370 2882 3455 2935 sui
3483 2890 3775 2950 provectus

2174 2984 2387 3039 semper
2426 2980 2735 3037 auctorem;
2766 2978 2823 3027 et
2844 2971 3190 3030 mortalitatis
3228 2972 3349 3042 jura
3377 2974 3660 3041 nesciunt,
3686 2972 3773 3042 qui

2173 3056 2446 3116 beneliciis
2491 3079 2601 3118 non
2652 3060 2905 3119 tenentur
2952 3062 3097 3135 [ατη
3129 3061 3247 3134 Cuj.
3287 3079 3305 3116 :
3337 3063 3523 3131 Diligit
3572 3079 3776 3120 memor

2174 3167 2325 3207 mens
2362 3153 2465 3207 sui.
2518 3152 2865 3209 Mortalitatis
2897 3154 3020 3225 jura
3068 3155 3331 3219 nesciunt,
3363 3154 3457 3223 qui
3499 3155 3774 3210 beneﬁciis

2100 3255 2145 3317 ο
2176 3261 2285 3301 non
2315 3245 2609 3318 tenentur].
2656 3247 2762 3303 Sed
2802 3244 3024 3316 longum
3054 3255 3137 3302 est
3166 3246 3234 3301 de
3264 3245 3382 3315 ejus
3412 3247 3590 3315 gloria
3629 3246 3774 3301 sufﬁ-

2177 3336 2384 3393 cienter
2416 3337 2584 3406 loqui,
2620 3340 2782 3408 quem
2818 3337 3145 3407 singularem
3174 3332 3426 3406 gentibus
3463 3336 3658 3392 secula
3689 3330 3777 3392 fe-

2178 3429 2351 3484 cunda
2397 3438 2717 3497 genuerunt.
2766 3429 2938 3501 Ipsius
2980 3433 3033 3484 te
3075 3429 3229 3483 labor
3277 3429 3525 3494 instituit,
3566 3438 3623 3482 ut
3669 3444 3780 3483 nos

2176 3519 2353 3575 minus
2382 3520 2633 3574 laborare
2654 3519 2967 3576 debeamus.
2992 3518 3191 3574 Tecum
3221 3518 3372 3591 pacis
3398 3528 3563 3583 certa,
3590 3524 3775 3574 tecum

2178 3611 2303 3666 belli
2335 3608 2495 3667 dubia
2522 3610 2865 3677 conferebat;
2889 3619 2962 3677 et,
2988 3610 3131 3680 quod
3157 3600 3299 3681 apud
3329 3612 3605 3681 sapientes
3623 3627 3777 3680 reges

2178 3702 2447 3770 singulare
2487 3717 2683 3759 munus
2712 3709 2812 3765 est,
2850 3701 2941 3756 ille
2967 3701 3231 3757 sollicitus
3257 3702 3327 3757 ad
3362 3704 3545 3757 omnia
3590 3716 3776 3758 seeae

2179 3794 2275 3849 tibi
2306 3794 2542 3864 pectoris
2587 3793 2857 3863 pandebat
2903 3809 3121 3849 arcana.
3164 3794 3244 3850 Tu
3272 3804 3454 3851 tamen
3482 3796 3667 3851 nullos
3691 3811 3773 3852 re.

2177 3887 2389 3961 sponsis
2435 3885 2656 3941 ludebas
2700 3886 2988 3955 ambiguis.
3034 3886 3241 3942 Amasti
3278 3886 3335 3942 in
3376 3887 3651 3943 audiendo
3682 3903 3776 3958 pa-

2178 3978 2451 4042 tientiam,
2505 3978 2561 4032 in
2606 3978 2951 4046 suggestione
2988 3978 3308 4045 veritatem;
3357 3992 3504 4048 saepe
3544 3993 3667 4049 qua:
3712 3977 3777 4032 ad

2177 4086 2300 4126 eum
2330 4068 2464 4126 falso
2492 4079 2870 4140 pervenerant,
2897 4069 2924 4109 ι)
2956 4072 3089 4126 recti
3117 4070 3298 4127 studio
3320 4070 3671 4141 corrigebas;
3703 4079 3775 4139 et,

2177 4167 2321 4238 quod
2349 4182 2529 4222 rarum
2559 4164 2897 4223 conﬁdentia":
2925 4179 3095 4235 genus
3122 4173 3225 4232 est,
3258 4165 3529 4223 interdum
3560 4166 3778 4221 resiste-

2177 4260 2272 4315 bas
2296 4268 2486 4314 contra
2514 4266 2640 4314 vota
2671 4258 2951 4328 principis,
2974 4258 3067 4313 sed
3097 4274 3196 4328 pro
3224 4258 3483 4329 opinione
3523 4257 3775 4313 rectoris.

2180 4350 2493 4407 Patiebatur
2538 4350 2682 4406 enim
2728 4350 2962 4405 invictus
2990 4350 3082 4405 ille
3123 4351 3321 4421 prmliis
3364 4366 3466 4421 pro
3502 4366 3603 4405 sua
3642 4352 3775 4403 fama

2178 4442 2439 4512 superari,
2479 4449 2535 4495 et
2582 4440 2753 4494 dulcis
2803 4447 2922 4495 erat
2963 4439 3112 4509 justo
3162 4440 3391 4512 principi
3438 4441 3775 4496 rationabilis

2180 4533 2534 4588 contrarietas
2561 4532 2927 4601 obsequentis.
2967 4530 3101 4585 Ama
3130 4546 3276 4587 nunc
3309 4531 3596 4587 sublimior
3618 4531 3773 4601 justi-

488 4604 573 4701 avi
620 4607 791 4659 nostri
834 4608 1149 4663 tractatibus
1190 4608 1389 4678 jugiter
1432 4612 1485 4665 et
1524 4610 1866 4668 laudabiliter
1894 4606 2073 4669 adlue-
2101 4640 2154 4701 Ι)
2183 4626 2331 4693 nam,
2354 4640 2516 4694 quam
2540 4623 2784 4679 serviens
2810 4622 3092 4689 diligebas.
3123 4622 3359 4678 Ostende
3402 4632 3453 4678 te
3484 4622 3633 4680 illius
3660 4638 3776 4679 esse

487 4695 639 4751 sisse.
673 4696 827 4762 Quod
854 4698 899 4751 si
929 4698 1146 4768 dignum
1184 4699 1283 4755 fuit
1322 4703 1426 4758 hoc
1464 4702 1610 4758 illum
1642 4706 1802 4761 talem
1835 4715 2073 4762 tantum-

487 4808 590 4861 que
627 4790 824 4858 faccre,
855 4790 1058 4862 quanto
1108 4796 1277 4865 magis
1324 4798 1479 4852 nobis
1526 4799 1777 4855 convenit
1822 4802 2072 4856 solatium

487 4901 726 4954 qumrere
755 4902 862 4956 quo
894 4884 1043 4959 [Ed.,
1072 4886 1189 4955 Ac.,
1216 4888 1379 4961 quod]
1410 4907 1507 4961 pro
1537 4890 1909 4949 adolescentia)
1938 4894 2072 4951 ﬂore

486 4981 739 5035 decenter
766 4979 941 5034 adhuc
974 4996 1253 5049 possumus
1284 4982 1519 5052 indigere
1552 4981 1698 5057 [Ed.,
1725 4988 1843 5055 Aa,
1875 4987 2071 5041 intelli-

484 5071 665 5144 gere]?
696 5072 888 5143 Magna
934 5080 1016 5127 est
1059 5072 1202 5127 enim
1234 5074 1546 5148 inﬁnitaque
1576 5078 1877 5151 prudentia,
1909 5095 2071 5147 quam

485 5181 643 5220 nemo
682 5164 758 5219 sic
801 5163 1103 5235 assequitur
1144 5174 1203 5220 ut
1245 5182 1365 5223 eam
1405 5186 1512 5226 non
1561 5172 1864 5227 necessarie
1893 5178 1948 5226 et
1976 5183 2077 5239 per

484 5256 619 5312 alios
646 5272 887 5328 quaerere
933 5256 1193 5313 videatur.
1247 5258 1413 5319 Senes
1445 5264 1544 5335 ipsi
1574 5264 1814 5320 consiliis
1853 5263 2076 5333 sapien-

484 5353 613 5409 tiam
639 5351 872 5425 discunt,
897 5363 952 5411 et
972 5370 1003 5411 a
1024 5359 1251 5414 maturis
1272 5359 1327 5416 in
1349 5377 1632 5418 commune
1653 5361 1910 5432 quaeritur
1930 5360 2077 5431 quod

556 5550 583 5579 ει
618 5539 740 5598 Αυι.
769 5539 988 5609 Gellius,
1020 5543 1112 5599 lib.
1147 5562 1199 5609 ιι,
1229 5562 1279 5601 c.
1323 5546 1392 5599 29
1420 5564 1432 5599 :
1458 5544 1711 5609 Veniant,
1742 5553 2071 5611 operamque

482 5619 727 5667 mutuam
756 5614 902 5679 dent,
927 5624 980 5669 et
1002 5631 1229 5671 messem
1258 5615 1396 5671 hanc
1422 5617 1575 5670 nobis
1606 5610 1864 5667 adune’nt.
1890 5610 2069 5676 Quan-

486 5698 647 5751 quam
696 5686 965 5757 nonnullis
1011 5686 1063 5740 in
1114 5688 1279 5754 libris,
1329 5689 1600 5757 adjuvent,
1644 5684 1922 5752 scriptum,
1974 5681 2071 5735 sed

484 5768 791 5825 perperam,
821 5756 1045 5825 legatur.
1078 5758 1244 5813 Foun.

558 5816 813 5900 §'Sic.‘I3.
848 5816 1161 5883 Kmhrosius
1191 5830 1257 5884 de
1286 5829 1589 5900 Theodosio
1624 5846 1635 5881 :
1675 5827 1841 5881 Dilexi
1871 5827 2063 5900 virum,

486 5893 577 5962 qui
602 5893 771 5965 magis
804 5906 1115 5965 arguentem
1143 5914 1303 5956 uuam
1331 5898 1634 5954 adulantem
1667 5901 1940 5969 probaret.
1975 5896 2065 5952 Sic

2177 4715 2515 4787 discipulum,
2549 4716 2643 4784 qui
2684 4730 2955 4784 nunquam
3003 4711 3268 4770 laboravit
3297 4714 3576 4771 incassum
3611 4732 3625 4768 :
3649 4715 3775 4783 jun-

2178 4816 2297 4863 ctus
2338 4806 2527 4861 Amalo
2564 4805 2772 4876 generi,
2816 4804 3148 4861 nobilissima
3198 4805 3293 4859 tibi
3338 4804 3480 4860 facta
3520 4806 3774 4861 consocia

2177 4896 2322 4968 [Alii,
2367 4897 2681 4971 consortia].
2724 4896 2897 4952 Omne
2936 4896 3201 4967 siquidem
3240 4896 3443 4952 bonum
3482 4897 3635 4966 regia
3662 4912 3775 4952 sua~

2175 4989 2302 5045 dere
2331 4988 2493 5045 debet
2517 4989 2768 5046 afﬁnitas.
2815 4990 3045 5047 Acturus
3074 5004 3133 5045 es
3161 4998 3421 5045 consueta
3463 4990 3769 5060 prudentia,

2182 5089 2241 5136 ut
2282 5081 2439 5137 laude
2477 5098 2689 5138 morum
2718 5081 2988 5150 fastigium
3013 5082 3303 5151 contigisse
3331 5082 3565 5138 videaris
3590 5080 3771 5138 excel-

2183 5192 2321 5231 sum.
2361 5174 2550 5230 Exstat
2588 5176 2763 5244 gentis
2805 5173 3047 5230 Gothicae
3087 5175 3247 5244 hujus
3275 5175 3563 5246 probitatis
3591 5189 3771 5230 exem-

2182 5266 2361 5337 plum;
2391 5266 2799 5323 Gensemundus
2828 5267 2917 5322 ille
2944 5275 3058 5322 toto
3096 5267 3227 5322 orbe
3264 5267 3567 5333 cantabitis,
3596 5266 3771 5323 solum

2183 5359 2347 5416 armis
2390 5358 2530 5414 illius
2566 5357 2761 5427 factus,
2788 5368 2938 5416 tanta
2979 5373 3039 5416 se
3083 5359 3288 5417 Amalis
3325 5360 3615 5417 devotione
3642 5374 3772 5416 eoa-

2176 5539 2441 5596 Ammian.
2475 5540 2736 5605 Marcell.,
2768 5553 2890 5609 pag.
2924 5535 3012 5609 5_5,
3044 5536 3147 5592 259
3175 5548 3229 5593 et
3266 5536 3400 5609 δρψ
3433 5537 3665 5609 §ucton.
3709 5536 3765 5593 in

2174 5610 2681 5683 Octavacapaﬁd;
2830 5598 2883 5664 iit
2931 5598 3109 5683 Tiber.
3144 5624 3263 5683 cap.
3298 5598 3761 5683 5l.'_Epiphanius

2174 5684 2314 5752 apud
2364 5678 2661 5736 Enuodium
2697 5699 2708 5734 :
2742 5681 2910 5735 Nemo
2951 5688 3008 5734 ut
3049 5678 3642 5752 Ecclesimmprineipem
3670 5678 3763 5752 ad-

2173 5750 2394 5808 uionere
2426 5754 2630 5817 timeat,
2664 5753 2708 5805 si
2747 5752 2941 5821 probet
2970 5760 3262 5821 errantem.
3292 5750 3381 5804 Sic
3410 5750 3570 5818 intra,
3599 5750 3759 5821 epist.

2177 5826 2260 5881 15.
2291 5825 2422 5881 Vide
2450 5840 2632 5897 supra,
2662 5819 2763 5881 lib.
2795 5840 2868 5890 vt,
2899 5820 3058 5881 form.
3089 5819 3140 5876 5.
3173 5820 3368 5879 Jour.
