3958 6494
179 319 272 380 ‘Mi

1411 305 1770 375 tantarum
1811 307 2017 376 LIBER
2054 305 2187 376 vin.

3339 301 3446 384 in

179 433 377 513 iunxit,
424 441 484 491 ut
527 427 827 490 bteredibus
881 444 1071 490 eorum
1126 431 1398 488 curiosum
1449 431 1751 488 exhibuerit
1781 432 1827 493 Α
1855 428 2048 485 Martio
2080 429 2197 485 viro
2243 429 2506 486 didicerat
2543 430 2741 500 verbis,
2773 431 2826 489 in
2857 434 3168 506 eamporum
3197 433 3449 498 libertate

179 519 503 595 famulatum,
536 528 780 600 quamvis
811 528 921 590 ipse
955 534 1234 598 peteretur
1275 526 1340 582 ad
1369 539 1613 594 regnum.
1644 523 1752 578 lm-

177 622 439 696 pendehat
483 619 600 675 aliis
651 619 902 674 meritum
949 631 1131 685 suum,
1192 625 1246 673 et
1295 615 1755 672 motieratissimtis

179 714 427 776 omnium,
457 709 602 781 quod
633 709 732 780 ipsi
763 707 993 765 conferri
1035 711 1268 780 poterat,
1303 708 1391 764 ille
1418 709 1598 779 potius
1624 711 1754 778 par-

175 803 307 860 vulis
346 797 652 858 exhibebat.
699 799 871 871 Atque
919 793 1043 858 ideo
1091 807 1212 858 eum
1264 806 1568 856 nostrorum
1614 800 1751 855 fama

177 891 513 949 cencelebrat
543 909 556 946 :
585 888 717 947 vivit
755 895 967 964 semper
995 889 1369 959 relationibus,
1401 895 1490 964 qui
1521 893 1757 964 quando-

173 999 274 1056 que
309 984 570 1040 moritura
611 985 954 1056 contempsit.
1004 983 1094 1040 Sic
1140 985 1374 1058 quandiu
1423 999 1619 1041 nomen
1658 995 1754 1043 su-

171 1084 348 1146 perest
368 1074 688 1143 Gotltdrum,
723 1075 893 1132 fertur
916 1075 1030 1148 ejus
1060 1087 1375 1134 cunctorum
1408 1067 1754 1136 attestatione

168 1168 516 1238 praeconium.
574 1167 723 1224 Unde
770 1168 848 1224 fas
901 1175 982 1224 est
1027 1167 1094 1225 de
1138 1167 1193 1225 te
1241 1171 1463 1226 meliora
1509 1172 1753 1241 credere,

167 1271 322 1328 quem
345 1260 518 1316 nostri
545 1259 758 1317 constat
786 1261 998 1330 generis
1026 1260 1288 1319 afﬁnitate
1315 1263 1570 1332 gaudere.

734 1415 1071 1475 EPISTOLA
1108 1416 1176 1473 Χ.

366 1545 597 1590 sexum
626 1541 775 1590 uncis
815 1550 974 1590 nouas
1013 1547 1376 1591 ATHALARILUS
1413 1549 1538 1590 nnx.

160 1633 372 1700 Eximio
406 1647 648 1719 facinora
681 1646 865 1701 Tulzmi
895 1649 1129 1719 exponit,
1169 1655 1219 1701 et
1259 1646 1434 1702 scribit
1462 1664 1516 1701 se
1544 1663 1658 1702 eum
1686 1645 1754 1702 ad

548 1719 854 1788 patriciatus
884 1719 1085 1773 culmen
1109 1721 1357 1775 erexisse.

1857 529 2202 578 monstraret.
2245 520 2364 593 Egit
2405 523 2472 578 de
2513 525 2720 579 llunnis
2759 527 2898 582 inter
2925 527 3060 585 alios
3091 529 3442 600 triumphum,

1856 623 1910 672 et
1936 619 2217 673 emeritam
2245 617 2460 673 laudem
2489 619 2676 688 primis
2710 622 3088 690 congressibus
3115 626 3442 694 auspicatus,

1857 710 1975 765 neci
2015 709 2163 765 dedit
2204 698 2462 780 Bulgares
2493 717 2611 764 toto
2640 710 2773 765 orbe
2812 711 3102 769 terribiles.
3135 709 3290 770 Tales
3317 718 3445 770 mit-

1856 807 1977 859 tunt
2024 807 2206 859 nostra
2257 801 2522 859 cunabula
2572 791 2891 870 bellatores;
2946 805 3024 861 sic
3072 816 3274 877 parata:
3321 807 3449 863 sunt

1856 907 2066 965 manus,
2098 897 2186 952 ubi
2217 903 2498 952 exercetur
2520 897 2748 951 animus.
2778 896 3020 953 Nutritus
3049 898 3102 952 in
3132 901 3307 955 otidso
3333 916 3448 956 ser-

1853 987 1986 1043 vitio
2033 985 2333 1045 laboriosos
2368 987 2610 1056 subegit;
2644 991 2702 1043 et
2737 987 2882 1056 quod
2918 988 3308 1046 exercitatione
3337 994 3446 1046 non

1855 1075 2058 1145 didicit,
2089 1081 2258 1136 virtus
2295 1089 2488 1135 manus
2521 1081 2740 1150 propria
2772 1079 2900 1154 [Ms.
2933 1079 3021 1148 Α.,
3053 1087 3100 1135 et
3128 1081 3244 1149 Λα,
3276 1082 3448 1138 virtus

1855 1167 2047 1241 prona]
2077 1159 2383 1241 complevit.
2433 1169 2613 1226 Rediit
2653 1173 2832 1229 subito
2860 1172 2928 1228 ad
2957 1175 3254 1246 principem
3297 1181 3449 1230 vete-

1854 1273 2039 1332 ranus,
2071 1278 2318 1334 egressus
2354 1267 2667 1335 primmvus;
2701 1271 2759 1321 ut
2785 1271 2893 1322 non
2920 1269 3124 1338 pacatis
3152 1267 3444 1338 obsequiis,

1855 1355 1950 1413 sed
1979 1358 2143 1413 armis
2173 1363 2387 1429 semper
2413 1358 2680 1415 studuisse
2705 1360 3034 1415 crederetur.
3066 1355 3183 1441 Hoc
3220 1361 3448 1441 rimator

1854 1449 1949 1506 ille
2016 1455 2233 1506 actuum
2290 1459 2347 1506 et
2390 1449 2658 1506 honorum
2706 1456 3079 1508 remuneratur
3129 1438 3443 1523 inspiciens,

1853 1541 2092 1611 vigorem
2143 1541 2219 1598 illi
2273 1544 2434 1613 regim
2490 1543 2679 1599 domus
2733 1545 2944 1600 virtutis
2991 1537 3449 1615 contemplatione

1856 1633 2153 1701 commisit;
2197 1642 2256 1689 ut
2293 1647 2450 1704 quem
2503 1627 3020 1704 ingeniosum‘bella
3064 1637 3448 1706 probaverant,

1858 1725 2135 1781 iortissimi
2165 1727 2305 1794 regis
2335 1720 2573 1782 consiliis
2614 1727 2924 1782 misceretur
2969 1743 2982 1779 :
3026 1727 3091 1780 ait
3131 1723 3448 1781 invenienda

225 1823 473 1898 Habetis,
523 1843 706 1902 patres
749 1833 1063 1904 conscripti,
1094 1831 1236 1887 unde
1263 1833 1496 1903 glorioso
1524 1817 1754 1905 principi
1783 1811 1831 1876 Β
1857 1815 2086 1883 subtilis,
2112 1815 2178 1872 ad
2205 1816 2474 1888 implenda
2521 1819 2796 1884 robustus,
2831 1818 2897 1873 ad
2941 1816 3163 1873 celanda
3205 1817 3451 1873 cautissi-

152 1923 386 1992 gratiam
420 1923 628 1979 referre
657 1923 921 1992 debeatis,
954 1919 1169 1994 quando
1198 1924 1456 1994 pratcclso
1486 1923 1601 1979 viro
1641 1923 1752 1980 Tu-

151 2013 281 2078 tum,
314 2022 373 2069 et
402 2017 587 2070 nostra
617 2013 881 2070 affinitate
914 2005 1158 2085 fulgenti,
1191 2017 1356 2073 vestri
1386 2016 1591 2074 ordinis
1619 2034 1752 2074 con-

151 2103 376 2159 tulimus
406 2105 745 2172 dignitatem.
776 2106 980 2162 Auetus
1005 2114 1088 2163 est
1123 2108 1265 2164 enim
1295 2110 1444 2178 pacis
1472 2110 1658 2179 genius
1686 2110 1754 2166 de

148 2192 280 2254 ferri
315 2197 581 2254 radiantis
617 2208 844 2266 ornatu;
875 2215 975 2256 nec
1001 2199 1260 2256 discincta
1284 2201 1432 2270 jacet
1460 2211 1605 2271 toga,
1639 2201 1754 2271 jam

147 2289 549 2357 procinctuaiis
570 2290 780 2346 effecta.
805 2292 945 2348 Ante
969 2292 1124 2348 vobis
1145 2293 1470 2348 contulimus
1493 2295 1750 2362 honores,

145 2381 240 2437 sed
274 2398 424 2438 nunc
467 2384 637 2455 ipsam
666 2385 937 2440 ereximus
965 2385 1302 2454 dignitatem.
1329 2384 1432 2441 Per
1454 2401 1642 2443 omnes
1669 2381 1754 2442 est

144 2474 406 2529 nimirum
449 2475 706 2545 splendor
729 2475 962 2543 refusus,
995 2481 1154 2548 quem
1184 2491 1423 2548 prtesens
1451 2477 1629 2549 potest
1654 2479 1752 2533 ha-

145 2566 277 2622 bere
331 2567 592 2636 patricius
635 2585 648 2622 :
698 2567 916 2639 quando
962 2567 1055 2624 illa
1108 2578 1190 2625 est
1234 2577 1426 2625 natura
1474 2569 1750 2640 purissimi

143 2655 390 2724 luminis,
439 2669 559 2728 qua:
605 2659 817 2714 relucet
858 2667 918 2715 et
957 2660 1237 2730 proximis.
1265 2653 1375 2715 Sed
1409 2661 1652 2730 quamvis
1680 2660 1752 2715 sit

141 2748 304 2804 vobis
353 2749 667 2805 notissimus
714 2748 1052 2815 candidatus,
1099 2751 1191 2823 Qui
1225 2751 1408 2806 domui
1454 2751 1538 2805 avi
1580 2751 1752 2807 neStri

141 2847 259 2896 tam
283 2841 447 2898 claris
474 2857 540 2898 ac
567 2841 834 2899 diuturnis
873 2839 1097 2899 adhaesit
1136 2845 1429 2914 obsequiis,
1462 2849 1642 2899 tamen
1665 2842 1752 2913 ju-

137 2939 236 2986 vat
278 2933 376 2988 illa
422 2927 693 3004 repetere,
735 2941 857 3004 quae
902 2941 1115 2991 constat
1163 2933 1231 2990 ad
1273 2935 1599 2992 institutoris
1637 2935 1752 3005 ejus

137 3021 380 3091 gloriam
409 3025 704 3094 pertinere.
736 3023 996 3090 Primum,
1021 3025 1164 3095 quod
1194 3027 1336 3081 inter
1364 3027 1612 3083 nationes
1637 3028 1751 3082 exi-

135 3115 314 3169 mium
341 3122 442 3181 est,
465 3115 767 3170 Gothorum
795 3115 1126 3171 nobilissima
1159 3118 1326 3187 stirpe
1354 3117 1636 3186 gloriatur,
1661 3119 1751 3189 qui

1857 1915 1995 1967 mus.
2041 1907 2163 1981 Egit
2209 1909 2386 1966 locum
2430 1910 2624 1967 merito
2669 1907 2865 1982 publici
2909 1909 3123 1965 secreti.
3161 1909 3295 1964 Cum
3333 1909 3450 1980 ipso

1856 2001 2060 2075 p'rmiia,
2092 2017 2214 2058 cum
2259 2002 2376 2074 ipso
2417 2003 2751 2072 negotiorum
2790 1989 3070 2072 wqtiabilia
3098 1997 3449 2071 disponebat:

1856 2091 1910 2150 et
1932 2093 1985 2147 in
2011 2095 2213 2148 tantam
2242 2105 2301 2149 se
2327 2093 2726 2149 similitudinem
2759 2093 2873 2163 ejus
2901 2093 3239 2162 cogitationis
3261 2089 3451 2160 adjun-

1857 2181 2028 2251 xerat,
2063 2194 2122 2240 ut
2150 2185 2326 2241 causis
2375 2184 2683 2253 rec0gnitis,
2717 2175 2861 2254 quod
2900 2183 2990 2239 ille
3031 2183 3170 2238 velle
3216 2181 3450 2252 poterat,

1855 2265 1956 2331 iste
1981 2291 2077 2331 sua
2106 2281 2298 2346 sponte
2341 2267 2650 2346 peragebat.
2679 2275 3028 2330 Defensorem
3058 2274 3299 2329 omnium
3341 2273 3452 2328 suis

1853 2369 2172 2425 tractatibus
2202 2367 2516 2439 adjuvabat;
2558 2377 2612 2424 et
2641 2368 2995 2423 ministrando
3025 2367 3340 2449 consilium,
3365 2367 3450 2420 rc-'

1852 2459 2011 2531 gebat
2041 2463 2155 2533 ipse
2183 2470 2470 2517 rectorem.
2502 2457 2772 2516 Admonet
2814 2459 2977 2515 etiam
3020 2457 3293 2530 expeditio
3324 2456 3452 2513 Gal-

1853 2550 2047 2620 licana,
2079 2553 2169 2610 ubi
2207 2554 2320 2623 jam
2359 2554 2500 2608 inter
2526 2552 2692 2610 duces
2718 2551 2975 2619 directus,
3019 2561 3075 2607 et
3109 2551 3452 2626 prudentiam

1853 2665 2003 2704 suam
2052 2647 2225 2714 bellis,
2277 2649 2332 2702 et
2385 2647 2622 2719 pericula
2671 2647 3102 2719 promptissimus
3149 2645 3445 2714 ingerebat.

1857 2750 1880 2780 ε
1915 2737 2132 2794 Arelate
2159 2747 2239 2795 est
2260 2739 2454 2793 civitas
2482 2755 2642 2810 supra
2670 2733 2841 2793 undas
2864 2735 3109 2792 Rhodani
3137 2736 3449 2804 constituta,

1853 2847 1970 2901 qua:
2015 2830 2069 2884 in
2115 2828 2350 2886 Orientis
2392 2837 2734 2901 prospectum
2772 2829 3066 2884 tabulatum
3096 2837 3316 2898 pontem
3351 2843 3451 2898 per

1854 2924 2150 2993 nuncupati
2178 2923 2409 2978 fluminis
2438 2922 2597 2978 dorsa
2631 2922 2962 2978 transmittit.
2994 2917 3149 2976 Hunc
3191 2930 3246 2976 et
3283 2920 3452 2975 hosti-

1853 3014 1952 3069 bus
1992 3029 2210 3085 capere,
2247 3023 2303 3070 et
2341 3014 2539 3069 nostris
2581 3011 2870 3070 defendere
2915 3011 3281 3069 necessarium
3327 3011 3447 3067 fuit.

1859 3101 2205 3178 Quapropter
2233 3104 2466 3162 excitata
2515 3115 2640 3162 sunt
2676 3104 2974 3174 Gothorum
3014 3095 3453 3174 Francorumque

133 3215 275 3260 mox
305 3213 370 3260 ut
396 3205 537 3260 inter
563 3207 815 3276 parentes
845 3206 1122 3262 infantiam
1157 3183 1396 3276 reliquit,
1429 3183 1744 3264 statim-ru-
1774 3189 1820 3260 Ο
1854 3198 2177 3257 validissima
2210 3207 2532 3270 tempestate
2572 3199 2887 3256 certamina.
2920 3197 3104 3253 Adfuit
3139 3183 3253 3276 illic
3276 3189 3453 3254 dubiis

135 3297 241 3352 des
275 3311 456 3354 annos
489 3299 558 3354 ad
584 3297 728 3354 sacri
761 3298 996 3355 cubiculi
1039 3308 1249 3356 secreta
1278 3303 1512 3371 portavit
1542 3317 1555 3355 :
1584 3304 1748 3370 agens

137 3403 256 3443 non
283 3395 349 3444 ut
374 3393 525 3454 :etas,
555 3390 651 3445 sed
677 3390 736 3444 ut
765 3390 916 3445 locus
936 3391 1116 3460 petius
1137 3392 1443 3461 expetebat.
1466 3389 1599 3446 Nam
1623 3389 1750 3447 licet

136 3482 334 3537 omnia
371 3493 559 3553 regum
590 3483 848 3554 obsequia
885 3481 986 3541 sub
1026 3483 1239 3541 cautela
1283 3487 1588 3557 peragenda
1617 3487 1744 3554 sint,

135 3573 256 3630 illic
289 3581 448 3630 tanto
476 3575 688 3630 timoris
713 3578 946 3648 amplius
977 3577 1292 3648 acquiritur,
1325 3586 1530 3647 quanto
1565 3578 1749 3648 proti-

133 3677 264 3722 mus
290 3666 421 3736 plus
447 3666 694 3722 habetur.
721 3677 748 3705 ἰ
772 3664 1012 3723 Arduum
1033 3669 1192 3725 nimis
1212 3678 1294 3725 est
1323 3670 1584 3726 meruisse
1602 3669 1753 3741 prin-

133 3757 280 3828 cipis
315 3765 612 3824 secretum,
645 3757 737 3814 ubi
767 3759 814 3814 si
844 3758 972 3829 quid
1001 3761 1347 3830 cognoscitur
1374 3759 1550 3831 prodi,
1575 3761 1661 3816 vel
1683 3759 1751 3817 ab

131 3847 248 3905 alio
289 3847 638 3905 formidatur.
681 3848 794 3906 Has
840 3850 1110 3922 procellas
1147 3852 1463 3908 moderator
1509 3853 1591 3909 sui
1636 3853 1752 3910 sine

133 3940 450 3996 oti‘ensiene
493 3943 791 3998 transmisit
823 3959 839 3996 :
870 3945 1065 4000 charus
1106 3945 1484 4014 summatibus,
1529 3945 1752 4016 collegis

131 4041 370 4106 semper
397 4037 678 4106 acceptus;
711 4034 773 4092 ut
803 4035 917 4107 jam
977 4046 1107 4094 tunc
1133 4053 1339 4109 magna:
1368 4037 1639 4096 felicitatis
1668 4039 1751 4095 Vi-

131 4124 373 4180 det-etm-
405 4131 528 4180 esse
569 4127 910 4197 pmsagiuin,
949 4127 1179 4198 gratiam
1222 4131 1486 4189 meruisse
1527 4139 1750 4189 cuncto-

130 4233 280 4273 rum.
311 4216 486 4287 Cujus
509 4226 572 4274 ut
606 4221 770 4292 coepit
798 4228 929 4277 tetas
957 4222 1287 4288 adolescere,
1319 4225 1601 4294 tenerique
1623 4223 1751 4280 anni

130 4308 191 4363 in
220 4309 516 4366 robustam
553 4312 728 4381 gentis
766 4311 1046 4370 audaciam
1085 4313 1390 4382 condurari,
1425 4309 1492 4370 ad
1527 4309 1751 4386 expedi-

130 4399 362 4458 tionem
408 4399 648 4459 directus
685 4411 768 4460 est
811 4401 842 4443 δ
875 4404 1261 4474 Sirmi‘ensem;
1295 4414 1357 4462 ut
1389 4407 1536 4477 quod
1564 4408 1631 4463 ab
1659 4405 1752 4462 illo

1856 3284 2018 3345 rebus
2062 3289 2283 3345 audacia
2332 3289 2601 3345 candidati
2633 3309 2646 3345 :
2682 3287 2769 3345 ubi
2814 3283 2962 3345 tanta
2990 3304 3112 3344 cum
3151 3272 3325 3357 globis
3352 3284 3454 3343 lio-

1855 3382 2017 3438 stium
2066 3378 2468 3442 concertatione
2504 3385 2780 3458 pugnavit,
2816 3393 2874 3440 ut
2919 3393 2974 3441 et
3009 3369 3256 3440 inimicos
3281 3401 3312 3440 a
3340 3385 3454 3448 suis

1856 3473 2137 3532 desideriis
2171 3485 2468 3542 amoveret,
2499 3485 2553 3533 et
2581 3478 2803 3534 vulnera
2838 3476 3103 3532 factorum
3131 3491 3349 3532 suorum
3380 3474 3455 3531 si-

1854 3570 1958 3638 gna
1986 3569 2287 3643 susciperet
2315 3591 2326 3624 :
2353 3570 2597 3636 vulnera,
2632 3569 2868 3642 inquam,
2902 3571 3085 3642 opinio
3121 3569 3455 3642 inseparabi-

1853 3647 1940 3730 lis,
1969 3658 1993 3700 ἀ
2016 3661 2132 3720 sine
2174 3674 2442 3720 assertore
2490 3663 2841 3736 praeconium,
2875 3663 3092 3733 prOpria
3132 3662 3313 3732 lingua
3341 3662 3453 3718 vir-

1854 3762 2018 3828 tutis;
2069 3774 2190 3831 quae
2238 3761 2366 3818 licet
2411 3745 2481 3820 ad
2527 3777 2764 3833 praesens
2819 3760 3115 3832 periculum
3172 3758 3450 3828 ingeram,

1853 3851 2124 3922 reliquum
2166 3861 2350 3908 tamen
2387 3854 2508 3908 vitae
2549 3862 2758 3923 tempus
2806 3858 3090 3906 exornant.
3142 3847 3276 3917 Eget
3305 3849 3449 3902 enim

1855 3946 2297 4016 astipulatoribus
2319 3962 2515 4016 corpus
2545 3946 2768 4002 illmsum
2793 3962 2805 3997 :
2829 3943 3022 4014 qumrit
3041 3941 3176 3996 alios
3221 3939 3312 4009 qui
3340 3940 3452 3994 visa

1855 4038 2132 4109 divulgent
2156 4057 2170 4095 :
2195 4039 2262 4096 de
2289 4039 2606 4096 fortitudine
2626 4038 2853 4109 probata
2876 4041 2984 4091 non
3005 4033 3308 4102 ambigitur,
3333 4047 3453 4100 qua:

1858 4130 1951 4184 tali
1981 4131 2290 4188 testimonio
2319 4130 2721 4200 comprobatur.
2755 4124 3049 4182 Conﬂictus
3079 4123 3314 4178 virorum
3343 4123 3453 4178 for-

1857 4223 1994 4277 tium
2018 4231 2206 4277 mutua
2246 4222 2354 4277 tela
2392 4221 2611 4291 repulit,
2647 4234 2750 4273 nec
2795 4231 3009 4288 semper
3035 4223 3181 4269 tutus
3208 4211 3330 4283 fuit,
3361 4213 3454 4284 qui

1859 4335 1980 4375 cum
2009 4333 2300 4375 numeroso
2328 4317 2486 4373 hoste
2524 4312 2820 4371 contendit.
2865 4309 3033 4367 Unius
3061 4308 3286 4364 forsitan
3315 4308 3452 4363 ictus

1859 4410 2089 4467 solerter
2126 4409 2363 4466 eluditur
2407 4407 2558 4483 [Ed.,
2602 4403 2867 4476 eliditur];
2899 4403 2991 4476 qui
3019 4401 3199 4458 multis
3227 4399 3449 4466 restitit,

219 4603 248 4640 'I
272 4597 821 4684 gilentiumpmnino
858 4602 1181 4684 servandum
1211 4603 1266 4684 in
1316 4604 1561 4684 consilio,
1606 4599 1751 4680 quod
1781 4597 1832 4673 Ῐ)
1856 4609 2034 4666 rium:
2066 4608 2262 4684 quibus
2291 4604 3045 4684 commoditatibusiiqvitatus
3065 4605 3451 4684 Constantinus

132 4674 255 4730 vim
287 4672 495 4728 habere
537 4672 620 4728 vis
656 4680 750 4727 aut
793 4685 967 4728 usum.
1017 4675 1322 4730 Alexander
1363 4689 1485 4731 cum
1515 4672 1742 4734 arcanas

134 4743 420 4814 quaedam
439 4744 649 4815 litteras
669 4743 1035 4814 Hephaestioni
1063 4747 1295 4815 legisset,
1327 4747 1629 4802 detractum
1647 4763 1747 4803 an-

137 4813 344 4872 nulum
374 4813 455 4889 ori
496 4814 612 4889 ejus
639 4813 907 4889 admovit;
935 4813 1162 4889 quisque
1193 4817 1294 4874 sibi
1331 4818 1384 4872 id
1413 4816 1611 4874 factum
1639 4836 1742 4889 pu-

136 4893 248 4952 tet,
283 4891 344 4938 et
371 4883 526 4938 Simul
554 4886 609 4938 in
637 4885 921 4940 consilium
952 4883 1124 4943 iectus
1143 4895 1245 4954 est,
1279 4904 1340 4943 os
1369 4889 1470 4944 sibi
1500 4883 1744 4946 clausum

137 4969 171 5009 a
206 4954 463 5024 principe
506 4955 903 5025 signatumqtte.
953 4955 1004 5011 ls
1051 4956 1334 5013 Persarum
1377 4965 1496 5016 mos
1535 4960 1652 5025 fuit,
1685 4965 1744 5015 ut

134 5040 316 5101 nemo
346 5025 695 5101 consiliorum
737 5027 984 5101 conscius
1024 5037 1196 5101 esset,
1221 5037 1416 5098 praeter
1453 5029 1742 5101 Optimates

138 5097 457 5170 tacituran
485 5103 541 5151 et
574 5094 732 5164 ﬁdos,
761 5096 899 5153 sicut
927 5106 982 5170 et
1009 5099 1150 5170 apud
1171 5094 1465 5159 Romanos.
1491 5094 1749 5157 Notabile

139 5153 287 5218 illud
312 5157 646 5246 denEumene
673 5153 820 5236 rege,
855 5153 947 5238 qui
974 5153 1750 5246 cuinWRomamiveInisset:

137 5247 341 5304 regem
381 5231 579 5309 Persen
603 5237 665 5309 in
685 5231 888 5309 senatu
910 5237 1236 5309 accusasset,
1270 5258 1334 5296 ac
1359 5243 1426 5296 de
1453 5235 1569 5295 toto
1603 5231 1748 5296 bello

138 5320 280 5360 cum
311 5307 551 5382 patribus
587 5307 960 5382 deliberasset,
1003 5310 1060 5364 in
1090 5307 1375 5380 praesentia
1421 5310 1574 5376 nihil,
1605 5326 1748 5382 prte-

140 5383 406 5452 terquagu
427 5376 591 5452 fuisse
617 5378 671 5432 iu
692 5379 842 5452 curia
863 5395 1045 5450 regem
1065 5376 1206 5452 seire
1225 5383 1506 5452 quisquam
1535 5376 1748 5450 potuit:

138 5443 302 5501 bello
331 5443 559 5518 denique
588 5447 845 5520 perfecto,
880 5443 1104 5521 quaeqqe
1130 5443 1271 5507 dicta
1301 5469 1330 5506 a
1353 5443 1496 5521 iege,
1522 5443 1750 5521 (illasque

140 5531 425 5643 monis}:
449 5509 628 5575 essent
652 5509 992 5577 emanavere.
1015 5509 1158 5576 ’Μῖνα
1183 5531 1239 5578 et
1264 5509 1514 5578 diuturna
1540 5509 1746 5578 silentii

302 5627 314 5639 .
428 5601 536 5643 oss.

227 5657 260 5695 δ
283 5657 588 5732 Sirmiensis
617 5661 892 5720 Pannonia
921 5661 1194 5732 quondam
1231 5664 1387 5722 sedes
1419 5663 1743 5723 Gothorum.

143 5727 358 5804 Supra,
391 5730 485 5804 lib.
516 5749 614 5804 mg
627 5735 784 5804 epist.
816 5734 905 5790 25.
939 5727 1059 5794 Jun.

239 5793 842 5886 inrelatemﬁailulam
868 5793 1093 5886 Romam
1114 5817 1276 5865 vocat
1291 5808 1581 5886 Ausonius,
1606 5811 1749 5886 quod

143 5877 311 5951 esset
352 5879 409 5929 et
459 5873 867 5933 celeberrimum
915 5883 970 5935 et
1016 5880 1524 5952 opportunissimum
1569 5873 1749 5955 adpo?

1856 4673 2138 4752 tyrannus,
2171 4681 2534 4752 quitempore
2554 4673 2784 4752 lloporii
2815 4673 3052 4752 Junioris
3077 4677 3369 4752 imperator
3398 4679 3449 4752 in

1856 4696 2138 4750 tyrannus,
2212 4699 2262 4735 lli
2291 4696 2534 4752 tempore
2563 4696 2784 4744 uonoru
2815 4696 3052 4732 JUIllOl'lS
3077 4696 3369 4750 imperator
3398 4696 3448 4736 ιη

1848 4751 2138 4806 Britanniis
2167 4696 2470 4808 declaratus
2492 4747 2610 4815 fuit,
2639 4747 2856 4805 Arelate
2882 4745 3002 4802 ﬁxit
3028 4747 3211 4803 sedem
3239 4747 3448 4818 imperii

1847 4823 1949 4888 sui,
1997 4823 2292 4888 statuitque
2320 4822 2733 4878 Constantinam
2770 4822 2961 4876 urbem
2990 4821 3200 4875 vocari.
3256 4817 3448 4872 EXstat

1847 4902 2027 4949 autem
2059 4890 2304 4975 ejusdem
2341 4893 2690 4975 imperatoris
2733 4891 2801 4948 de
2817 4891 3051 4975 Arelate
3099 4890 3444 4975 constitutio;

1848 4980 2007 5041 quam
2038 4957 2189 5041 natat
2215 4957 2436 5041 Josepb;
2468 4961 2728 5041 scaliger,
2779 4962 2862 5017 vir
2907 4961 3074 5041 totius
3117 4959 3451 5041 antiquitatis

1849 5027 2225 5158 geritissimus,
2253 5035 2307 5089 in
2346 5027 2461 5093 suis
2490 5027 2921 5090 Ausonianarum
2949 5027 3440 5087 lectionum'libris.

1897 5117 2040 5158 ηυδε.

1897 5117 2040 5161 ηυδε.
3455 5124 3460 5144 ί

1925 5175 1952 5214 ἀ
1977 5177 2147 5236 Vocat
2183 5185 2373 5233 auctor
2393 5178 2631 5251 vulnera
2659 5175 2906 5251 corporis
2951 5171 3282 5251 prmeonium
3308 5169 3449 5251 __sln_e

1853 5257 2150 5330 asserto‘rea
2177 5248 2631 5330 quemadmodum
2653 5240 2783 5304 solis
2811 5240 3004 5330 litteris
3033 5240 3449 5330 vocemtrlibui-r

1853 5317 1992 5384 mus,
2019 5321 2074 5372 et
2099 5312 2329 5374 dicimus
2373 5319 2548 5374 sidera
2580 5319 2832 5384 clamare,
2865 5312 2920 5370 et
2960 5329 3088 5370 aves
3117 5312 3265 5384 loqui
3290 5312 3398 5384 fata
3430 5329 3444 5384 ξ

1855 5371 3445 5458 «uisusiniectans“segnemamantunanimi

1854 5455 2036 5532 locum
2064 5455 2364 5532 de‘iuliane
2393 5455 2720 5532 imperatore
2746 5457 3016 5532 loquentis
3040 5474 3051 5509 :
3077 5455 3139 5532 Si
3180 5455 3447 5510 nocturni

1856 5530 2079 5602 lumina,
2113 5531 2305 5602 inquit,
2327 5527 2607 5602 inter'qua':
2632 5529 2966 5602 lucubrabat,
2991 5527 3294 5602 potuissent
3312 5535 3450 5580 voce

1856 5600 1963 5686 ulla
1996 5597 2203 5685 testari,
2233 5597 2478 5686 profecto
2503 5597 2853 5683 ostenderent
2882 5599 3023 5654 inter
3044 5599 3185 5669 hunc
3211 5605 3266 5686 et
3288 5611 3452 5686 qu‘os'

1856 5671 1979 5727 (iam
2005 5665 2278 5745 principes
2307 5675 2533 5745 multum
2565 5673 2846 5745 interesse,
2878 5665 3266 5745 quent_norant
3289 5665 3446 5745 volu-

1855 5739 2094 5881 pungas
2113 5739 2284 5802 ne'ad
2312 5741 2694 5802 necessitatem
2713 5739 2934 5814 quidem
2973 5739 3266 5798 indttlSisse
3286 5744 3446 5796 natae

1857 5829 1952 5874 rae.
2029 5831 2176 5876 ωδε.

1857 5829 1952 5874 1‘8}.
1986 5829 2176 5876 υιοεε.
