3958 6456
467 286 575 345 745

472 501 587 546 tum
613 491 661 546 ei
690 497 814 544 sunt
841 486 1093 557 gloriosa,
1123 491 1379 554 quantum
1406 490 1529 534 tunc
1557 477 1793 532 habuere
1814 474 2056 545 periculi.

474 580 634 637 Juvat
662 581 825 651 igitur
852 576 1125 634 fortissimi
1155 576 1256 631 viri
1285 587 1507 627 narrare
1532 570 1773 640 quietum
1798 564 2064 621 felicitatis

472 674 800 745 exemplum,
831 672 955 742 quia
982 686 1090 727 non
1120 677 1203 725 est
1228 668 1280 722 in
1311 666 1450 721 duce
1492 661 1729 736 perfecta
1759 662 1874 716 laus
1913 673 2064 717 asse-

473 780 596 821 rere
623 779 841 835 semper
861 762 1051 818 anxios
1074 761 1309 816 labores.
1334 756 1561 811 Mittitur
1582 755 1761 823 igitur,
1783 751 1990 807 France
2010 756 2068 805 et

474 857 785 928 Burgundio
843 857 999 928 129
1040 851 1472 916 decertantibus,
1520 863 1705 903 rursus
1760 845 1826 901 ad
1868 841 2069 899 Gallias

472 948 741 1005 tuendas:
771 963 841 1003 ne
868 947 996 1018 quid
1034 945 1257 1001 adversa
1298 956 1491 998 manus
1521 939 1646 1013 [Με.
1687 938 1775 1002 Α.,
1812 935 2067 991 adversa-

475 1038 610 1111 rius]
661 1046 1031 1110 praesumeret,
1078 1037 1224 1107 quod
1271 1043 1454 1091 noster
1499 1032 1771 1089 exercitus
1815 1026 2071 1099 impensis

478 1131 756 1185 laboribus
784 1130 1128 1185 vindicasset.
1161 1126 1458 1196 Acquisivit
1484 1122 1793 1194 reipublicze
1816 1120 2071 1174 Romanae

479 1227 599 1282 aliis
627 1225 1076 1282 contendentibus
1114 1224 1318 1293 absque
1350 1221 1457 1276 ulla
1498 1218 1810 1288 fatigatione
1854 1213 2073 1284 provin-

479 1319 639 1384 ciam,
681 1326 737 1374 et
774 1319 973 1374 factum
1018 1325 1102 1373 est
1139 1316 1377 1386 quietum
1415 1311 1757 1369 commodum
1807 1315 2072 1372 nostrum,

483 1409 574 1463 ubi
622 1424 731 1463 non
787 1409 1073 1464 habuimus
1119 1407 1313 1463 bellica
1363 1404 1709 1461 contentione
1755 1400 2073 1472 periculum.

483 1496 808 1570 Triumphus
836 1500 952 1555 sine
975 1512 1175 1569 pugna,
1204 1498 1322 1552 sine
1350 1496 1537 1551 labore
1564 1494 1763 1564 palma,
1786 1491 1902 1545 sine
1930 1488 2077 1544 cazde

485 1590 727 1645 victoria.
755 1590 983 1644 Tantum
1014 1604 1143 1658 ego
1173 1588 1289 1658 ejus
1315 1587 1498 1657 gloriae
1517 1585 1792 1648 debemus,
1817 1587 2077 1651 quantum

484 1680 731 1735 utilitatis
759 1681 1097 1750 accepimus;
1125 1693 1288 1749 quem
1317 1684 1372 1731 et
1402 1676 1494 1731 ille
1522 1674 1726 1729 arbiter
1757 1687 1937 1727 rerum
1967 1670 2077 1724 lar-

1674 271 1727 329 M
1737 312 1751 327 .
1793 262 2069 327 AURELII
2103 258 2500 323 CASSIODORI

469 418 498 457 a
526 404 679 471 parte
706 410 812 470 qua
841 408 949 453 non
975 390 1203 451 credidit
1230 389 1420 446 vulnus
1446 384 1675 456 excipit;
1707 399 1826 455 qua:
1855 383 1907 438 in
1938 390 2060 435 tan-
2087 382 2137 440 Α
2166 376 2346 471 tendis
2388 384 2603 471 quoque
2649 365 2945 471 honoribus
2990 361 3137 435 apud

3660 234 3769 293 ἠδ

3185 359 3434 432 gloriosa:
3479 351 3775 412 memoria

2168 466 2561 524 Theodoricum
2590 460 2887 532 principem
2917 472 3101 526 regum
3129 470 3247 509 mea
3278 452 3430 507 vobis
3459 462 3612 519 smpc
3644 453 3777 497 vota

2166 557 2419 627 conjimxi
2440 574 2453 622 ;
2476 563 2535 609 ut
2556 553 2787 625 quadam
2818 549 3155 621 prmscieutia
3186 546 3308 600 talia
3338 544 3533 599 videar
3559 539 3777 611 pra-mi-

2167 651 2324 717 sisse,
2353 649 2422 704 ad
2448 663 2587 717 quos
2614 660 2702 701 me
2732 659 2856 699 cum
2876 641 3047 711 gloria
3084 639 3309 695 decebat
3328 637 3560 691 intrare.
3594 630 3782 685 Confi-

2166 745 2381 801 dentius
2401 740 2531 796 illud
2559 737 2852 809 expetitur,
2883 734 2972 789 ubi
3008 741 3128 803 post
3151 732 3347 788 collata
3390 723 3675 783 beneﬁcia
3703 722 3779 776 fe-

2168 838 2419 894 stinatur.
2450 833 2604 903 Saepe
2631 829 2900 893 consules,
2930 840 3071 895 szepe
3098 823 3372 894 patricios,
3398 834 3546 889 salpe
3570 811 3776 887 pr:cfe-

2170 940 2290 988 ctos
2334 928 2518 983 habita
2569 923 2957 981 intercessione
2983 917 3265 990 promovi:
3291 914 3443 970 vobis
3474 914 3779 981 impetrare

2174 1021 2506 1078 contendens
2532 1016 2678 1087 quod
2708 1015 2839 1069 mihi
2864 1012 3031 1067 ardue
3057 1009 3351 1081 potuissem
3378 1015 3600 1076 optare.
3630 1002 3778 1056 Con-

2174 1115 2402 1185 gaudete
2435 1127 2597 1176 nunc,
2630 1116 2816 1180 patres
2842 1104 3154 1174 conscripti,
3203 1102 3336 1156 meis
3367 1097 3655 1168 auspiciis,
3691 1093 3780 1162 qui

2174 1208 2365 1263 vestris
2389 1205 2495 1258 favi
2543 1216 2759 1271 semper
2787 1196 3103 1252 honoribus.
3133 1192 3307 1247 Vultis
3353 1191 3494 1245 scire
3537 1200 3655 1255 qua
3690 1198 3782 1237 vos

2177 1296 2460 1353 affectione
2494 1290 2856 1362 complectar?
2885 1288 3125 1342 lnsertus
3152 1284 3319 1352 stirpe
3346 1280 3499 1349 regia
3529 1277 3779 1332 vocabu-

2180 1390 2290 1445 lum
2337 1388 2610 1443 vobiscum
2638 1383 2787 1439 volui
2830 1381 3034 1436 habere
3076 1389 3384 1433 commune.
3421 1372 3635 1433 Vivite,
3673 1369 3780 1421 Deo

2179 1480 2436 1552 propitio,
2457 1476 2665 1542 securi;
2697 1482 2774 1542 et,
2804 1471 2952 1542 quod
2981 1478 3065 1525 est
3093 1467 3458 1524 felicissimum
3489 1462 3783 1517 suavitatis

2182 1575 2298 1649 [σν.
2330 1584 2379 1629 et
2399 1572 2542 1644 Cuj.,
2572 1566 2865 1639 felicitatis]
2894 1580 3084 1634 genus,
3129 1562 3397 1617 exsultate
3423 1573 3553 1612 cum
3596 1554 3784 1649 libmis

2181 1647 2395 1724 vestris.
2444 1663 2687 1729 Studete,
2735 1661 2874 1715 sicut
2912 1672 3146 1728 semper,
3190 1651 3474 1725 praedicari
3535 1647 3784 1702 moribus

490 1771 695 1842 gitione
738 1741 1044 1826 reddituum
1083 1741 1345 1841 judicavit
1383 1782 1501 1822 esse
1540 1765 1990 1835 prosequendum,
2021 1768 2080 1815 ut
2108 1766 2155 1826 Β
2184 1758 2461 1824 Romanis,
2482 1767 2537 1811 et
2555 1756 2822 1811 bonorum
2845 1760 3061 1806 actuum
3084 1748 3313 1801 formam
3334 1743 3433 1798 sub
3460 1743 3575 1796 alta
3597 1741 3787 1809 quiete

485 1862 561 1918 ibi
590 1863 744 1918 fieret
772 1863 1023 1918 dominus
1053 1861 1476 1932 possessionum,
1503 1858 1594 1913 ubi
1618 1855 1830 1911 utilitati
1855 1854 2080 1925 publica:

484 1953 793 2025 procuravit
835 1961 1202 2022 augmentum.
1253 1951 1592 2021 Aquilienses
1624 1961 1838 2017 quoque
1885 1954 2085 2014 tempe-

482 2054 653 2101 states
681 2046 823 2101 inter
852 2045 968 2114 ejus
994 2058 1254 2114 prospera
1278 2042 1399 2112 jure
1426 2045 1811 2103 memorantur,
1834 2035 1959 2105 quia
1974 2033 2084 2089 dis-

484 2136 711 2192 crimina
758 2136 885 2191 dum
914 2133 1142 2190 feliciter
1180 2134 1408 2200 cedunt,
1440 2130 1767 2186 suavissimae
1808 2125 2084 2181 memoria:

485 2241 704 2281 sensum
730 2227 1062 2294 relinquunt.
1090 2225 1225 2280 Cum
1250 2223 1426 2278 ventis
1454 2219 1796 2277 saevientibus
1816 2217 2085 2271 furentem

485 2316 738 2387 pelagum
783 2331 975 2387 spuma
1024 2322 1315 2371 testaretur
1357 2313 1649 2378 undarum,
1692 2312 1785 2365 diu
1823 2311 2086 2379 jactatum

486 2407 762 2475 navigium
809 2415 1021 2461 tumens
1076 2404 1267 2460 fluctus
1320 2403 1617 2468 absorbuit,
1667 2402 1874 2456 nullum
1927 2400 2088 2456 relin-

489 2512 663 2567 quens
690 2498 816 2553 forti
854 2497 972 2553 viro
1014 2496 1285 2562 solatium,
1317 2496 1420 2551 nisi
1458 2502 1666 2549 tantum
1695 2493 1916 2563 remigia
1960 2492 2087 2547 bra-

490 2587 754 2643 chiorum.
797 2587 951 2643 Tunc
1000 2587 1103 2643 iste
1146 2588 1322 2642 nautis
1368 2586 1717 2657 pereuntibus
1754 2600 1877 2641 cum
1917 2585 2086 2639 cbaro

491 2677 716 2748 pignore
744 2679 891 2733 solus
919 2679 1109 2735 evasit.
1141 2677 1219 2734 lbi
1248 2693 1401 2734 amor
1429 2676 1655 2747 piissimi
1685 2677 1850 2745 regis,
1882 2675 1953 2730 ibi
1981 2690 2088 2730 me-

491 2771 656 2827 ritum
698 2773 983 2844 probatum
1034 2782 1118 2828 est
1159 2771 1537 2841 periclitantis,
1577 2768 1796 2839 quando
1833 2776 2089 2838 regnator

490 2864 583 2919 ille
619 2865 711 2919 vix
752 2866 920 2921 littori
950 2866 1292 2930 constitutus,
1324 2874 1385 2919 ut
1413 2878 1537 2918 eum
1575 2862 1741 2917 exitio
1771 2860 2090 2932 praevaleret

491 2954 720 3024 eripere,
746 2955 915 3011 undas
944 2956 1139 3011 iterum
1169 2954 1511 3011 desiderabat
1539 2952 1759 3007 intrare.
1793 2950 1945 3005 Tunc
1971 2950 2089 3019 ejus

492 3045 730 3115 pericula
762 3045 1091 3114 formidavit,
1125 3046 1220 3116 qui
1248 3044 1409 3101 saluti
1439 3044 1671 3115 propriae
1700 3042 1892 3096 timere
1920 3040 2089 3095 nesci-

2182 1851 2498 1923 perquirite.
2526 1850 2755 1904 Interest
2782 1854 2980 1902 nostra)
3006 1841 3189 1912 gloriae
3225 1848 3283 1894 ut
3319 1851 3556 1907 quorum
3586 1848 3783 1888 nume-

2184 1960 2302 2000 rum
2332 1944 2595 2008 auximus,
2619 1956 2737 2006 eos,
2767 1936 3000 2009 propitia
3022 1932 3333 1997 Divinitate,
3359 1938 3640 1984 tueamur.

2743 2069 3079 2127 EPISTOLA
3115 2066 3229 2122 XII.

2257 2184 2488 2225 annos:
2536 2166 2663 2242 [Μσ.
2696 2168 2787 2229 Α.,
2820 2163 3075 2235 onuom]
3105 2177 3230 2218 νικο
3258 2173 3509 2216 iLLus'rat
3539 2172 3719 2213 uua—

2792 2270 3012 2311 LARICUS
3042 2269 3171 2308 REX.

2188 2350 2483 2405 Plurimum
2526 2366 2641 2403 eum
2679 2358 2978 2418 patremque
3016 2342 3201 2399 laudat
3244 2344 3308 2399 ob
3337 2344 3711 2418 eloquentiam,
3740 2350 3785 2393 et

2320 2423 2465 2476 illum
2496 2414 2747 2475 comitium
2770 2414 3166 2472 domesticorum
3192 2418 3386 2469 honore
3417 2414 3655 2469 decorat.

2260 2512 2657 2568 Perfectionem
2680 2510 3107 2566 necessariarum
3120 2522 3301 2563 rerum
3319 2507 3654 2577 completam
3670 2519 3784 2560 me

2184 2604 2509 2674 iudicamus,
2540 2602 2585 2656 si
2614 2599 3067 2670 quemadmodum
3097 2597 3343 2669 eligendo
3368 2598 3548 2652 virum
3578 2597 3783 2665 magni-

2190 2695 2349 2748 ficum
2400 2693 2686 2765 patricium
2735 2700 2957 2747 armatae
3003 2691 3313 2761 reipublica:
3360 2691 3499 2761 parti
3550 2688 3784 2759 providi-

2192 2800 2333 2849 mus,
2374 2784 2447 2837 ita
2495 2788 2551 2837 et
2596 2782 2664 2837 de
2711 2782 2971 2838 sociando
3008 2782 3059 2838 ei
3110 2783 3409 2837 litterarum
3458 2782 3783 2852 peritissimo

2192 2875 2554 2932 consulamus.
2584 2874 2751 2930 Decet
2780 2876 2925 2930 enim
2962 2882 3285 2931 tractatores
3311 2874 3514 2931 habere
3544 2874 3784 2931 doctissi-

2192 2982 2328 3031 mos,
2360 2966 2554 3037 quibus
2576 2974 2820 3036 potestas
2857 2981 3067 3021 summa
3095 2967 3488 3032 committitur;
3533 2976 3613 3031 ut,
3644 2965 3783 3021 nullo

2195 3056 2412 3111 defectu
2461 3056 2790 3125 impediente
2838 3056 3177 3120 meritorum,
3226 3056 3441 3126 provisa
3477 3056 3783 3125 reipublica:

494 3136 592 3191 vit.
635 3136 826 3193 Nonne
865 3139 1039 3204 vobis,
1081 3146 1263 3206 patres
1299 3134 1614 3206 conscripti,
1643 3134 1850 3204 asperis
1877 3133 2089 3188 casibus

2196 3150 2397 3205 utilitas
2426 3150 2744 3219 explicetur.
2779 3149 2883 3204 Alii
2904 3158 3030 3203 sunt
3052 3150 3288 3205 honores
3316 3149 3410 3219 qui
3434 3165 3492 3205 se
3514 3149 3782 3204 ordinaria

495 3228 753 3285 divinitus
799 3229 1012 3284 videtur
1054 3237 1356 3300 exemptus,
1394 3228 1479 3282 cui
1522 3240 1757 3295 praesens
1799 3226 2091 3295 parabatur

497 3320 763 3374 eventus?
789 3318 945 3376 Hunc
980 3320 1161 3390 itaque
1185 3320 1359 3374 virum
1390 3318 1546 3373 bellis
1571 3318 1946 3383 exercitatum,
1973 3316 2091 3371 feli-

497 3408 663 3464 citate
705 3409 933 3474 ciarum,
981 3410 1267 3480 prudentia
1317 3410 1745 3480 comprobatum,
1792 3408 1936 3479 quod
1979 3407 2092 3463 Deo

501 3501 721 3570 auspice
765 3501 968 3557 dictum
1010 3503 1098 3569 sit,
1141 3502 1209 3557 ad
1253 3504 1565 3573 patriciatus
1591 3501 1920 3573 priesentalis
1950 3502 2088 3573 [Ac.,

500 3592 842 3665 praesentale]
874 3594 1087 3648 culmen
1127 3594 1421 3650 eveximus.
1450 3593 1650 3649 Favete
1680 3608 1819 3647 nunc
1845 3591 2095 3663 auspiciis

503 3682 795 3751 candidati,
846 3691 902 3738 et
938 3684 1066 3739 viris
1104 3685 1302 3739 nostris
1342 3684 1603 3741 libertatis
1650 3684 1787 3739 atria
1832 3690 2091 3739 reserate.

499 3771 769 3832 Convenit
809 3785 1023 3847 gentem
1075 3776 1393 3833 Romuleam
1441 3776 1663 3834 Martios
1712 3778 1855 3833 viros
1892 3776 2095 3832 habere

509 3868 763 3939 collegas.

1066 4020 1399 4077 EPISTOLA
1434 4020 1525 4076 XI.

506 4148 731 4192 SENATUI
760 4150 905 4190 URBIS
948 4150 1108 4190 ROIhE
1137 4150 1319 4189 τυιυι
1357 4150 1447 4188 νιιι
1483 4148 1758 4189 ILLUSTRIS
1798 4145 2093 4188 PATRICIUS.

508 4245 765 4302 Hortatur
798 4257 1065 4331 senatores
1084 4255 1154 4331 ut
1196 4250 1303 4331 regi
1348 4250 1544 4319 gratias
1580 4249 1830 4331 referant,
1865 4248 2001 4331 quod
2035 4246 2099 4301 ab

665 4335 725 4372 eo
746 4320 814 4371 ad
851 4321 1158 4389 patriciatus
1188 4320 1432 4373 honorem
1454 4328 1721 4390 promotus
1752 4320 1929 4391 fuerit.

584 4426 830 4494 Confido,
869 4439 1051 4498 patres
1093 4428 1402 4500 conscripti,
1433 4431 1579 4499 quod
1618 4432 1852 4500 agendas
1896 4431 2101 4501 Optimo

2194 3244 2505 3315 provisione
2533 3252 2868 3316 componunt
2897 3263 2910 3298 :
2941 3244 3010 3299 de
3030 3244 3269 3313 generali
3289 3252 3469 3299 autem
3499 3245 3787 3300 securitate

2194 3338 2429 3393 sollicito
2479 3337 2600 3392 talis
2642 3335 2992 3392 associandus
3032 3337 3152 3400 fuit,
3210 3336 3304 3405 qui
3352 3351 3537 3406 parem
3581 3337 3630 3390 in
3683 3337 3788 3390 suis

2194 3428 2383 3485 studiis
2412 3444 2521 3483 non
2566 3428 2808 3482 haberet.
2850 3426 3040 3497 Neque
3068 3428 3209 3483 enim
3258 3427 3437 3484 adhuc
3475 3429 3639 3481 minus
3666 3443 3792 3497 pro-

2197 3522 2354 3575 batus
2392 3520 2547 3592 130
2577 3520 2906 3588 agnosceris,
2953 3520 3083 3576 licet
3128 3520 3416 3591 primaevus
3463 3520 3670 3575 veneris
3720 3520 3791 3573 ad

2197 3612 2454 3668 honores.
2489 3610 2874 3666 Advocationis
2904 3618 2957 3665 te
2984 3626 3208 3681 campus
3235 3610 3504 3677 exercuit,
3530 3619 3583 3665 te
3606 3610 3796 3679 judicii

2197 3705 2371 3760 nostri
2395 3705 2607 3759 culmen
2646 3703 2827 3772 elegit.
2861 3702 2995 3757 Nam
3039 3704 3112 3757 ita
3152 3703 3295 3757 intra
3323 3711 3377 3757 te
3406 3702 3528 3767 fuit,
3551 3702 3796 3772 quamvis

2198 3799 2374 3870 ampla
2402 3797 2665 3869 professio
2693 3797 3018 3863 litterarum,
3043 3805 3102 3852 ut
3131 3805 3281 3851 tuum
3304 3796 3376 3849 ibi
3396 3810 3797 3851 consenescere

2198 3907 2309 3947 non
2364 3898 2674 3961 pateremur
2726 3889 3021 3957 ingenium.
3088 3888 3409 3957 Auspicatus
3464 3902 3524 3941 es
3573 3888 3798 3943 militem

2201 3981 2341 4056 [Jun
2372 3997 2391 4035 :
2423 3980 2489 4034 Id
2511 3989 2604 4045 est,
2633 3979 2993 4051 advocatum],
3026 3994 3150 4033 cum
3174 3979 3399 4049 implere
3426 3980 3675 4048 potueris
3702 3996 3793 4033 co—

2200 4074 2467 4145 gnitorem
2518 4072 2656 4144 [Jun
2684 4087 2703 4125 :
2737 4069 2804 4124 Id
2840 4080 2939 4138 est,
2977 4067 3273 4139 judicem];
3316 4077 3373 4123 et
3400 4071 3651 4139 quamvis
3699 4078 3801 4123 tra-

2201 4167 2358 4223 heret
2391 4166 2458 4222 de
2487 4164 2795 4233 eloquentia
2826 4179 2924 4233 pro
2954 4162 3271 4218 defensione
3303 4162 3508 4228 dicere,
3540 4162 3802 4217 suadebat

2203 4266 2384 4313 tamen
2431 4256 2655 4325 aequitas
2702 4253 2993 4324 iudicanda
3042 4248 3306 4324 proferre.
3366 4251 3665 4306 Probatum
3721 4260 3802 4305 est

2202 4350 2331 4420 quid
2360 4347 2605 4403 utilitatis
2634 4345 2834 4400 habeat
2855 4345 3094 4399 moribus
3126 4352 3335 4397 armata
3364 4342 3639 4397 facundia.
3670 4342 3802 4396 Nam

2205 4442 2346 4498 sicut
2372 4439 2736 4511 perniciosum
2765 4446 2851 4493 est
2879 4437 3069 4492 doctos
3098 4451 3263 4506 prava
3292 4436 3538 4500 suadere,
3564 4437 3645 4491 sic
3669 4436 3803 4491 salu-

512 4519 629 4589 regi
658 4522 855 4588 gratias
884 4523 1125 4577 omnium
1161 4532 1402 4578 vestrum
1438 4523 1612 4577 Sludia
1642 4524 1877 4578 debeam-
1920 4522 2103 4578 ϐοηεί-
2128 4545 2180 4606 ι)
2208 4541 2323 4588 tare
2362 4546 2577 4596 munus,
2622 4544 2747 4584 cum
2773 4528 3018 4583 veritatis
3046 4529 3304 4582 terminos
3344 4527 3667 4582 disertitudo
3708 4542 3802 4581 ne-

517 4611 641 4676 tari,
676 4612 891 4679 quando
919 4620 1232 4682 provectum
1277 4628 1456 4669 meum
1485 4614 1851 4682 excogitatum
1881 4614 2102 4671 noscitis

519 4714 618 4769 pro
647 4700 877 4756 utilitate
913 4713 1249 4759 cunctorum.
1290 4704 1467 4775 Atque
1512 4704 1633 4759 ideo
1664 4706 1912 4760 alacriter
1957 4706 2104 4761 exci-

517 4788 775 4860 piendum
800 4800 881 4845 est
908 4793 1052 4863 quod
1092 4795 1392 4849 necessarie
1423 4792 1612 4849 fuisset
1636 4796 1953 4865 Optandum.
1977 4794 2104 4850 0m-

518 4881 681 4938 nibus
715 4881 913 4952 quippe
951 4883 1081 4938 utile
1109 4893 1192 4939 est
1214 4883 1415 4953 judicia
1444 4885 1743 4955 principum
1783 4889 1965 4956 sequi;
2011 4889 2107 4945 sed

523 4974 639 5045 ipse
667 4972 799 5031 facit
824 4976 1062 5046 propria,
1092 4977 1184 5046 qui
1216 4985 1494 5046 gratanter
1522 4978 1745 5050 suscipit
1772 4979 1968 5037 aliena.
2000 4981 2108 5037 Re-

523 5065 706 5120 tinetis
731 5080 818 5119 me
844 5073 1063 5121 senatus
1089 5082 1302 5137 semper
1340 5066 1537 5124 fovisse
1567 5076 1798 5136 emtum;
1841 5071 1937 5125 sed
1965 5087 2109 5128 nunc

524 5155 776 5222 maxime,
805 5172 929 5212 cum
956 5167 1194 5214 vestrum
1221 5158 1412 5215 videor
1440 5160 1642 5217 intrare
1671 5162 1978 5231 collegium.
2012 5164 2112 5218 As-

524 5246 758 5316 sumptio
799 5246 1074 5317 dignitatis
1120 5248 1323 5306 ordinis
1363 5251 1528 5306 vestri
1571 5251 1710 5325 [Ac.,
1752 5252 1911 5326 bene]
1956 5254 2113 5311 nobis

526 5339 753 5406 gratiam
773 5339 1086 5412 duplicavit,
1118 5345 1334 5414 quando
1362 5361 1451 5402 me
1480 5347 1620 5402 inter
1642 5362 1738 5403 eos
1767 5364 1886 5405 esse
1914 5350 2110 5415 sentio,

527 5443 560 5483 a
580 5430 773 5501 quibus
799 5447 885 5489 me
932 5437 1098 5491 amari
1126 5454 1284 5508 posse
1329 5436 1562 5495 confido.
1595 5440 1824 5497 Accedit
1851 5443 2017 5499 etiam
2046 5443 2114 5497 il-

528 5517 619 5575 lud
647 5523 812 5578 animi
840 5526 1004 5581 vestri
1041 5530 1401 5597 gratissimum
1431 5532 1639 5601 pignus,
1683 5534 1826 5602 quod
1861 5534 2118 5602 patricio-

529 5627 649 5666 rum
694 5618 881 5683 genius
911 5634 1009 5688 per
1035 5636 1135 5676 nos
1165 5630 1375 5677 constat
1416 5634 1631 5681 erectus
1657 5625 1795 5698 [Ac.,
1833 5639 2118 5695 genus.....

534 5708 814 5780 erectum],
846 5710 1064 5780 quando
1111 5729 1269 5770 nemo
1306 5717 1584 5786 gentilium
1627 5718 1682 5772 in
1719 5718 1873 5774 vobis
1914 5719 2125 5791 putavit

537 5795 827 5867 abjcctum,
862 5804 1008 5871 quod
1036 5805 1090 5860 in
1128 5821 1217 5862 me
1243 5810 1465 5881 respicit
1487 5810 1831 5867 honoratum.
1862 5810 1920 5866 In
1951 5825 2120 5882 expe-

2208 4623 2309 4679 scit
2329 4620 2614 4677 excedere.
2640 4618 2748 4674 Sed
2771 4628 2830 4673 ut
2852 4619 3043 4673 merita
3070 4626 3159 4673 tua
3188 4620 3451 4689 exemplis
3482 4620 3666 4689 potius
3687 4619 3803 4673 lau-

2210 4712 2477 4767 dabilibus
2507 4724 2832 4772 asseramus,
2859 4708 3013 4778 juvat
3040 4716 3292 4779 repetere
3313 4724 3634 4780 pomposam
3665 4710 3807 4777 lega-

2212 4803 2433 4866 tionem,
2466 4816 2626 4871 quam
2652 4816 2762 4856 non
2800 4800 3176 4855 communibus
3199 4801 3402 4867 verbis,
3443 4802 3541 4856 sed
3582 4803 3803 4857 torrenti

2214 4893 2538 4962 eloquentiae
2560 4893 2779 4947 flumine
2807 4893 3083 4963 peregisti.
3115 4892 3361 4949 Directus
3400 4895 3545 4949 enim
3576 4895 3646 4950 de
3684 4911 3806 4963 par-

2217 4986 2362 5041 tibus
2402 4986 2787 5040 Dalmatiarum
2830 4984 2897 5039 ad
2938 4985 3197 5039 domuum
3244 5001 3403 5039 avum
3432 4993 3702 5050 nostrum,
3734 4986 3809 5040 sic

2216 5080 2572 5134 necessitates
2601 5076 3036 5147 provincialium,
3067 5077 3144 5132 sic
3172 5076 3430 5131 utilitates
3459 5076 3704 5147 publicas
3730 5076 3806 5129 al-

2217 5170 2463 5241 legabas,
2488 5176 2547 5223 ut
2590 5168 2732 5239 apud
2762 5168 2908 5223 illum
2938 5183 3130 5237 magna
3160 5169 3371 5223 cautela
3414 5170 3726 5231 sollicitum,
3759 5176 3811 5222 et

2219 5262 2473 5332 copiosus
2496 5275 2665 5325 esses,
2697 5267 2753 5314 et
2777 5259 2988 5315 fastidia
3017 5276 3126 5315 non
3167 5275 3436 5316 moveres.
3470 5260 3808 5315 Abundantia

2220 5353 2487 5422 siquidem
2515 5352 2680 5406 verba
2726 5366 2848 5406 cum
2894 5352 3213 5407 suavissimo
3245 5353 3433 5422 lepore
3470 5352 3806 5416 defluebant;

2223 5452 2277 5499 et
2305 5460 2429 5498 cum
2460 5444 2617 5497 finem
2638 5440 2866 5509 faceres,
2895 5442 3068 5498 adhuc
3093 5444 3272 5498 dicere
3295 5443 3627 5513 quacrebaris
3652 5461 3666 5495 :
3696 5456 3812 5495 mo-

2224 5538 2420 5603 vendo,
2450 5536 2770 5592 delectando
2820 5536 3080 5607 implebas
3123 5538 3291 5605 magis
3324 5538 3437 5590 veri
3472 5537 3704 5591 oratoris
3736 5535 3812 5587 ni-

2224 5642 2363 5692 sum,
2405 5642 2525 5682 cum
2554 5625 2666 5695 jam
2697 5627 2951 5682 causidici
2980 5628 3309 5683 deseruisses
3346 5626 3605 5682 ofﬁcium.
3649 5625 3810 5678 Geni-

2226 5718 2359 5771 toris
2387 5717 2685 5786 quinetiam
2722 5718 2798 5772 tui
2844 5718 3090 5773 facundia
3138 5728 3192 5773 et
3241 5719 3482 5773 moribus
3521 5716 3805 5786 adjuyaris,

2227 5810 2381 5880 cujus
2429 5820 2483 5865 te
2524 5810 2798 5882 eloquium
2850 5812 3115 5867 instruere
3170 5814 3364 5885 potuit,
3407 5812 3619 5867 etiamsi
3665 5810 3810 5866 libris
