3958 6448
97 457 214 516 ’145

1393 448 1752 511 VARIARUM
1793 443 1995 506 LIBER
2037 445 2167 503 Vlll.

3281 395 3398 494 ’τω
3434 414 3442 422 ’

98 583 368 631 veterum
399 587 513 632 non
538 584 804 630 vacasses.
834 567 961 628 Erat
981 567 1146 635 enim,
1175 576 1237 625 ut
1258 569 1478 638 scimus,
1501 566 1712 636 egregie
1742 571 1794 631 Α
1818 558 2259 633 ἱηιρῐηςγωηειδίιι
2289 554 2588 613 litterarum
2611 557 2847 616 adscitus
2874 559 2944 614 ab
2975 557 3068 615 illo
3098 558 3406 630 inspectore

101 663 314 722 litteris
342 666 609 722 eruditus.
638 663 727 738 ⁸Ει
763 673 824 720 ιιι
869 661 1068 733 aliquid
1114 661 1354 716 studiose
1389 658 1718 729 exquisitum

100 756 302 814 dicere
351 758 658 822 videamur,
692 759 788 812 has
813 757 1067 828 primum,
1112 763 1171 808 ut
1199 751 1532 822 frequentior
1561 749 1722 804 tradit

105 849 326 921 opinio,
363 849 666 907 Mercurius
707 857 954 920 repertor
998 846 1149 922 |'_Ed.,
1195 841 1496 916 reparator]
1527 841 1722 897 artium

107 943 429 1000 multarum
485 944 671 1000 volatu
722 941 1152 1016 Strymoniarutn
1213 940 1392 994 avium
1445 934 1725 1004 collegisse

107 1042 488 1090 memoratur.
520 1033 654 1088 Nam
697 1042 753 1090 et
778 1033 938 1090 hodie
964 1046 1143 1102 grues,
1183 1045 1308 1086 cum
1334 1027 1504 1083 classe
1531 1037 1728 1081 conso-

107 1123 291 1193 ciant,
309 1123 592 1195 alphabeti
615 1123 834 1190 formas,
854 1130 1045 1178 natura
1067 1121 1358 1184 imbucnte,
1383 1113 1723 1186 describunt]:

109 1230 284 1287 quem
327 1217 390 1272 in
424 1217 668 1273 ordinem
708 1217 963 1272 decorum
998 1214 1263 1284 redigens,
1291 1209 1570 1267 vocalibus
1594 1222 1727 1263 con-

109 1307 570 1379 sonantibusque
613 1314 972 1376 congruenter
1013 1304 1282 1370 admixtis,
1323 1301 1464 1356 viam
1513 1313 1731 1356 sensua-

49 1402 52 1404 ⁷
112 1398 225 1454 lem
249 1399 492 1469 reperit,
524 1415 622 1470 per
641 1414 800 1469 quam
824 1399 930 1453 alta
957 1406 1168 1470 petens,
1196 1394 1263 1450 ad
1284 1391 1580 1465 penetralia
1608 1405 1730 1460 pru-

113 1487 329 1544 dentiae
359 1504 519 1544 mens
547 1490 717 1561 possit
743 1488 1083 1545 velocissima
1105 1485 1410 1558 pervenire.
1441 1481 1580 1536 llinc
1605 1479 1731 1535 llel—

116 1579 306 1649 lenus,
358 1587 557 1636 auctor
593 1581 922 1644 Graecorum,
975 1579 1131 1655 plura
1169 1576 1304 1632 dixit
1345 1572 1541 1629 eximie
1577 1569 1732 1644 [Ed.,

117 1666 349 1724 llellen.
405 1668 663 1725 Hellenus
691 1669 851 1741 plura
893 1667 1028 1724 dixit
1055 1661 1296 1736 eximie],
1337 1663 1591 1718 virtutem
1619 1659 1735 1729 ejus

118 1759 708 1830 compositionemque
771 1757 1117 1815 subtilissima
1174 1753 1481 1809 narratione
1529 1747 1735 1805 descri-

119 1853 287 1921 bens,
320 1855 467 1910 utin
513 1855 630 1925 ipso
657 1854 811 1910 initio
839 1853 1012 1925 possit
1039 1851 1257 1923 agnosci
1283 1862 1600 1919 magnarum
1637 1860 1735 1902 co-

1824 654 2160 714 mcritorum,
2185 649 2277 720 qui
2295 648 2510 718 judiciis
2539 649 2648 704 suis
2673 651 2835 704 etiam
2857 650 3031 704 futura
3053 650 3404 720 praedicebat,

1824 744 2149 817 privatarum
2169 741 2510 812 largitionum
2531 739 2762 796 fascibus
2781 740 3040 811 praefuisti
3067 760 3078 795 :
3105 742 3406 812 suscipiens

1825 834 2185 907 patrocinium
2202 831 2536 899 meritorum,
2565 832 2640 886 ita
2659 831 2886 901 gratiam
2908 831 3232 886 dominantis
3253 831 3410 888 auxi-

1826 927 1919 996 sti,
1949 937 2006 982 ut
2061 926 2156 982 tibi
2193 939 2336 995 saepe
2383 925 2814 980 committeretur
2841 923 2985 994 quod
3024 923 3256 993 dignitas
3299 939 3411 980 non

1827 1019 2072 1074 haberet.
2099 1017 2254 1086 Quod
2275 1016 2321 1072 si
2348 1015 2618 1072 laudabile
2645 1025 2748 1081 est,
2780 1016 2866 1072 vel
2895 1015 3254 1073 mediocribus
3289 1031 3412 1073 esse

1827 1109 2124 1168 honoribus
2151 1125 2358 1181 parem,
2389 1117 2593 1180 quanto
2631 1109 2968 1180 prmstantius
3011 1108 3204 1165 vicisse
3240 1110 3417 1164 mori-

1829 1203 1929 1259 bus
1970 1202 2201 1257 aulicam
2229 1200 2580 1270 dignitatem?
2629 1199 2752 1257 llaec
2779 1216 2901 1257 cum
2930 1208 2990 1256 tu
3017 1201 3118 1256 sub
3148 1207 3300 1255 tanto
3325 1202 3416 1270 juo

1829 1296 1949 1353 dice
1976 1295 2189 1350 laudata
2217 1307 2526 1364 perageres,
2557 1294 2785 1364 gratiam
2810 1309 3028 1364 quoque
3056 1295 3162 1350 loci
3191 1295 3416 1350 alterius

1833 1385 2104 1442 invenisti.
2131 1384 2518 1440 Dictationibus
2537 1384 2682 1439 enim
2710 1385 2956 1454 probaris
2977 1385 3268 1455 adhibitus,
3292 1401 3419 1442 cum

1830 1481 1902 1538 sit
1947 1478 2332 1535 ollensionibus
2377 1475 2514 1530 alter
2553 1476 2838 1546 expulsus;
2889 1483 2945 1530 et
2981 1477 3055 1532 ita
3098 1491 3421 1548 suspensum

1832 1569 2097 1626 honorem
2137 1576 2286 1622 tuum
2332 1566 2634 1623 sustinebat
2661 1565 2953 1635 ingenium,
2981 1573 3043 1621 ut
3067 1567 3271 1638 palatio
3309 1583 3421 1625 non

1833 1661 2042 1716 sineres
2069 1658 2258 1714 deesse
2279 1657 2540 1728 judicem,
2569 1656 2722 1726 cujus
2751 1656 2820 1712 ad
2847 1664 3059 1728 tempus
3104 1660 3424 1732 abrogatam

1837 1749 2185 1820 cognovimus
2217 1746 2552 1818 dignitatem.
2594 1744 2714 1801 Non
2751 1754 2877 1802 sunt
2916 1745 3140 1818 irnparia
3173 1756 3424 1818 tempora

1839 1849 2025 1898 nostra
2081 1839 2385 1893 transactis.
2445 1835 2719 1894 Habemus
2779 1851 3042 1907 sequaces
3091 1839 3426 1910 mmulosque

122 1947 217 2018 pia
251 1949 590 2004 litterarum.
623 1947 732 2004 Sed
761 1954 820 2003 ut
846 1947 913 2002 ad
943 1945 1280 2018 propositum
1307 1941 1610 2006 redeamus,
1640 1953 1738 2010 pa-
1765 1947 1815 2009 B
1839 1934 2160 2006 priscorum.
2196 1928 2333 1987 Ecce
2381 1929 2576 1985 iterum
2621 1927 2692 1984 ad
2741 1938 3068 2000 quaesturam
3113 1945 3426 1991 commeans

122 2045 296 2094 terno
321 2039 496 2108 igitur
525 2038 777 2108 exemplo
801 2037 1074 2107 ingenium
1102 2033 1412 2092 extendisse
1441 2029 1743 2088 credendus

127 2144 212 2199 es,
249 2131 354 2200 qui
385 2131 440 2185 in
470 2131 718 2186 Romano
757 2130 875 2186 foro
906 2129 1269 2200 eloquentiam
1316 2141 1426 2182 non
1468 2122 1740 2182 enutristi.

123 2218 173 2274 0
211 2221 453 2276 beatum
495 2221 833 2292 magistrum,
879 2219 1360 2290 felicissimumque'
1402 2216 1742 2287 discipulum,

130 2313 230 2384 qui
274 2311 576 2370 affectuose
606 2313 796 2370 didicit
825 2315 969 2384 quod
992 2315 1110 2370 aliis
1135 2314 1416 2369 doctorum
1446 2320 1623 2368 terror
1651 2324 1746 2365 ex—

133 2404 341 2461 torsit!
374 2403 678 2460 Romanum
705 2403 940 2476 denique
982 2405 1254 2474 eloquium
1284 2418 1391 2459 nou
1417 2402 1529 2459 suis
1567 2401 1746 2472 regio-

137 2496 308 2552 nibus
341 2497 631 2563 invenisti;
674 2506 729 2552 et
776 2497 849 2551 ibi
906 2505 960 2552 te
1008 2495 1252 2550 Tulliana
1281 2493 1448 2551 lectio
1491 2493 1748 2549 disertum

137 2587 409 2656 reddidit,
430 2588 522 2644 ubi
542 2587 814 2659 quondam
837 2597 862 2625 ⁸
889 2587 1094 2643 Gallica
1119 2588 1300 2658 lingua
1323 2583 1620 2643 resonavit.
1646 2580 1750 2638 Ubi

142 2686 280 2734 sunt
309 2679 408 2748 qui
433 2678 640 2735 litteras
670 2677 893 2734 Latinas
933 2678 1138 2747 Roma),
1171 2693 1278 2735 non
1320 2677 1483 2734 etiam
1511 2674 1639 2731 alibi
1664 2689 1752 2728 as-

142 2779 349 2825 serunt
398 2783 518 2826 esse
564 2769 880 2826 discendas?
944 2767 1205 2826 Evaserat
1252 2767 1484 2824 Cecilius
1541 2765 1752 2838 pondus

146 2859 528 2928 verecundiae,
577 2861 623 2916 si
661 2860 805 2916 hunc
842 2868 1157 2932 provectum
1203 2858 1399 2913 saecula
1434 2857 1617 2928 priora
1656 2866 1752 2923 ge-

151 2951 433 3010 nuissent.
476 2952 665 3010 Soluta
689 2963 773 3010 est
799 2953 1001 3024 quippe
1022 2952 1104 3008 vis
1133 2950 1224 3006 illa
1260 2949 1559 3016 sentcntiae,
1591 2946 1757 3003 mittit

151 3050 212 3099 et
259 3043 487 3114 Liguria
534 3043 740 3100 Tullios
779 3059 927 3101 suos.
958 3043 1238 3112 Cognosce
1264 3040 1393 3111 quid
1439 3055 1507 3096 ex
1549 3037 1756 3094 meritis

154 3136 267 3192 tuis
295 3136 702 3202 testimavimus,
726 3133 944 3205 quando
973 3134 1113 3190 illius
1133 3131 1361 3189 consilio
1385 3141 1439 3187 te
1465 3129 1615 3186 uides
1637 3141 1757 3185 esse

155 3226 456 3293 sociatum,
488 3225 581 3296 qui
628 3225 799 3282 nostri
830 3223 1043 3295 imperii
1073 3230 1272 3279 tractat
1315 3235 1590 3277 arcanum.
1620 3217 1759 3274 llinc

1844 2029 2025 2088 evenit
2059 2026 2176 2102 [Gn
2207 2035 2257 2081 et
2295 2025 2437 2097 Cuj.,
2481 2040 2605 2081 cum
2641 2025 2904 2082 immenso
2945 2026 3147 2098 evenit]
3184 2027 3423 2097 ingenio.

1848 2122 2031 2178 Redde
2058 2134 2200 2176 nunc
2227 2117 2479 2185 Plinium,
2505 2124 2560 2172 et
2585 2131 2737 2172 sume
2765 2117 3076 2187 Trajanum.
3106 2118 3284 2176 Habes
3309 2135 3428 2177 ma-

1845 2231 1948 2288 gna
1976 2230 2093 2287 quae
2121 2215 2289 2280 dicas,
2317 2213 2365 2269 si
2391 2220 2447 2268 et
2474 2221 2530 2267 tu
2573 2214 2733 2270 simili
2773 2214 3019 2268 oratione
3057 2215 3426 2284 resplendeas.

1847 2309 2011 2365 Fama
2053 2316 2354 2378 temporum
2401 2305 2472 2361 de
2519 2306 2758 2377 legitima
2807 2316 2969 2377 atque
3009 2307 3285 2378 eloquenti
3305 2308 3430 2378 jus-

1847 2399 2000 2457 sione
2031 2405 2341 2469 generatur.
2370 2395 2563 2453 Omnia
2590 2397 2854 2468 siquidem
2899 2399 3042 2454 bona
3073 2399 3310 2454 cumulat
3333 2399 3434 2454 lin-

1849 2507 1954 2563 gua
1975 2491 2204 2557 diserta;
2236 2496 2291 2545 et
2319 2488 2464 2560 quod
2503 2503 2535 2543 a
2570 2489 2740 2554 nobis
2769 2491 3097 2560 prtecipitur,
3146 2492 3320 2559 gratia
3346 2491 3432 2546 di-

1849 2584 2046 2640 ctantis
2099 2589 2342 2639 ematur.
2400 2578 2530 2636 Esto
2583 2581 2738 2638 nobis
2799 2584 2868 2638 ad
2910 2583 3053 2639 bona
3100 2583 3436 2654 suggerenda

1849 2675 2301 2747 promptissimus,
2333 2681 2389 2730 et
2415 2673 2672 2730 adversus
2699 2675 3097 2745 improbitatem
3128 2678 3267 2734 male
3295 2695 3439 2749 prte-

1852 2767 2180 2826 sumeutium
2229 2773 2540 2822 constanter
2590 2775 2820 2822 erectus.
2872 2767 3029 2824 Dicet
3058 2767 3170 2837 jam
3218 2770 3440 2826 auribus

1854 2857 2053 2914 nostris
2082 2855 2228 2927 quod
2255 2865 2339 2912 est
2377 2855 2596 2913 omnino
2623 2873 2722 2928 pro
2753 2859 2927 2914 nobis.
2975 2858 3157 2914 Bonus
3184 2861 3439 2930 princeps

1855 2948 1947 3006 ille
1973 2957 2078 3016 est,
2100 2947 2186 3004 cui
2215 2947 2341 3003 licet
2364 2961 2464 3017 pro
2481 2946 2688 3017 iustitia
2716 2947 2892 3017 loqui;
2925 2955 2981 3004 et
3008 2955 3218 3016 contra,
3261 2956 3442 3020 tyran-

1855 3042 1988 3098 nica:
2010 3040 2238 3097 feritatis
2265 3040 2543 3108 indicium,
2583 3040 2768 3096 audire
2795 3040 2942 3098 nolle
2965 3042 3255 3098 constituta
3285 3053 3443 3101 vete-

1856 3147 1978 3188 rum
2005 3132 2362 3189 sanctionum.
2396 3131 2740 3189 Renovamus
2767 3139 2917 3188 certe
2942 3131 3143 3188 dictum
3172 3134 3306 3192 illud
3344 3151 3443 3194 ce-

1856 3222 2200 3280 leberrimum
2250 3221 2470 3292 Trajani
2506 3240 2518 3277 :
2551 3222 2716 3279 Sume
2745 3219 2771 3262 δ
2803 3222 3128 3280 dicationem
3168 3226 3316 3300 [Alii,
3357 3228 3442 3284 di-

158 3324 249 3374 est
277 3316 428 3386 quod
463 3323 517 3372 te
556 3315 822 3372 comitivae
851 3315 1277 3371 domesticorum
1314 3311 1637 3367 illustratum
1658 3309 1756 3365 bo-
1783 3323 1830 3388 ο
1859 3311 2195 3386 ctationem],
2224 3313 2270 3369 si
2297 3313 2474 3370 bonus
2501 3313 2675 3381 fuero,
2705 3329 2804 3385 pro
2844 3315 3120 3385 republica
3157 3324 3215 3373 et
3241 3333 3366 3384 me;
3397 3319 3448 3374 si

163 3425 306 3465 nore
333 3409 674 3476 decoramus,
705 3417 763 3465 ut
784 3409 978 3465 merito
1007 3409 1214 3478 majora
1243 3406 1311 3463 de
1338 3406 1538 3462 nostris
1560 3405 1761 3461 debeas

165 3513 392 3571 sperare
416 3497 651 3568 judiciis,
683 3498 774 3568 qui
813 3498 868 3553 in
916 3506 971 3554 te
1015 3496 1194 3553 adhuc
1239 3495 1466 3553 meliora
1495 3494 1763 3552 credimus

166 3591 423 3647 inveniri.
473 3589 688 3648 Grande
717 3591 813 3647 tibi
859 3590 1138 3660 negotium
1185 3589 1334 3646 vides
1361 3603 1480 3645 esse
1505 3587 1762 3644 commis—

169 3697 309 3748 sum,
364 3681 623 3752 quidquid
675 3682 850 3752 egeris
895 3681 1222 3754 generalitas
1257 3681 1438 3738 sentit.
1482 3679 1615 3735 Nam
1670 3678 1762 3749 qui

171 3781 353 3844 petest
407 3775 460 3828 in
489 3775 842 3831 universitate
882 3787 1131 3846 peccare,
1182 3773 1447 3844 gloriosus
1473 3771 1630 3830 nimis
1658 3780 1760 3840 est,

173 3865 221 3922 si
248 3867 430 3924 nescit
456 3867 737 3925 excedere.

719 4026 1056 4085 EPISTOLA
1093 4026 1226 4084 Xlll.

332 4159 600 4201 AIBROSIO
629 4157 754 4200 mo
779 4159 1054 4208 QUESTOBI
1083 4158 1442 4200 ATHALARICUS
1470 4159 1593 4198 REX.

185 4251 369 4311 Multis
397 4256 635 4328 la_udibus
662 4273 779 4311 eum
807 4257 975 4327 effert,
1015 4274 1074 4313 eo
1101 4257 1238 4328 quod
1270 4258 1459 4311 multas
1487 4256 1765 4328 dignit_a(ea

168 4356 173 4362 -
246 4329 347 4381 sub
422 4326 739 4382 Theodorico
802 4325 1061 4396 sapienter
1114 4325 1576 4382 administraverit.
1638 4325 1766 4382 Tum

253 4406 570 4469 quasturam
597 4398 676 4452 illi
701 4400 918 4470 confert.

175 4539 178 4544 -
257 4509 494 4568 Securus
525 4511 670 4568 celsa
698 4513 1031 4579 conscendit,
1063 4513 1155 4583 qui
1183 4527 1243 4570 se
1271 4513 1327 4568 in
1358 4512 1521 4583 paulo
1541 4510 1768 4566 minori-

193 4599 287 4658 bus
314 4603 669 4674 approbavit;
706 4611 764 4660 et
799 4613 950 4660 certo
978 4605 1222 4676 procedit
1248 4604 1499 4674 vestigio,
1527 4603 1620 4673 qui
1648 4616 1771 4672 gra-

195 4689 358 4748 datim
385 4692 654 4750 desiderio
699 4695 902 4764 potitur
935 4703 1178 4767 accepto.
1211 4694 1341 4752 Sine
1376 4695 1570 4751 merito
1598 4693 1767 4766 siqui-

195 4780 310 4838 dcm
335 4792 744 4841 remuneratum
771 4792 992 4857 putatur
1021 4801 1180 4843 omne
1204 4786 1350 4856 quod
1377 4787 1613 4842 subitum
1653 4792 1768 4853 est;

199 4885 292 4930 nec
341 4875 666 4946 inexplorati
701 4878 1065 4949 suspicionem
1107 4877 1303 4948 refugit
1356 4877 1502 4949 quod
1548 4883 1774 4948 repente

200 4967 524 5031 provenerit.
554 4966 774 5036 Contra,
818 4969 999 5026 omnia
1046 4968 1338 5025 deliberata
1385 4975 1511 5024 sunt
1552 4969 1775 5024 robusta

203 5055 321 5128 [Με.
347 5061 436 5124 Λ.,
461 5059 878 5132 inexploratum.
913 5061 1104 5117 Omnia
1135 5061 1430 5118 deliberata
1460 5069 1586 5117 sunt
1605 5059 1774 5117 robu-

202 5149 330 5220 Sta];
359 5158 416 5204 et
440 5157 615 5206 totum
642 5151 800 5207 bonis
826 5152 1032 5209 actibus
1060 5153 1356 5209 obtinuisse
1387 5153 1641 5217 creditur,
1683 5148 1777 5221 qui

205 5249 316 5306 post
342 5241 669 5301 documenta
690 5243 921 5301 laudatae
951 5244 1153 5300 militia:
1172 5251 1544 5316 promovetur.
1564 5241 1777 5298 Dudum

277 5515 301 5544 ι
324 5507 396 5565 De
423 5509 730 5582 eloquentia
777 5510 1055 5568 Gallorum
1086 5519 1331 5568 veterum
1357 5510 1529 5568 Juret.
1557 5508 1695 5570 dixit
1721 5525 1782 5570 se

213 5573 612 5638 Observasse'ad
635 5582 944 5655 Symmach.
977 5583 1072 5640 lib.
1095 5599 1173 5652 rx,
1201 5583 1360 5654 epist.
1393 5583 1485 5638 86.

280 5687 1008 5772 {’Legciitlnni_dica_tionem,
1054 5696 1530 5772 quarvoxkinfra,
1563 5697 1780 5772 libarxr,

219 5733 436 5851 ξι)ῑὶζῖ
442 5733 1530 5851 Iifﬁ‘éfiii‘é'é‘ﬁiuiiaﬁiﬁldisdiis}?
1545 5733 1779 5841 ἱρᾟιιῖιῖἷ

221 5830 272 5884 in
295 5830 558 5909 Panegyr.
587 5837 893 5910 Majorian.,
923 5841 980 5896 in
1001 5830 1146 5897 ﬂﬁe:
1563 5830 1626 5910 ,ί

936 5950 1022 6002 Cui
1047 5956 1176 6002 teste
1199 5959 1376 6002 senatu

333 6010 386 6063 In
407 6024 464 6066 se
487 6015 638 6064 etiam
662 6017 866 6064 tractum
886 6015 1191 6068 commiserat
1217 6013 1385 6081 Ulpius
1405 6025 1604 6072 ensem-

455 6099 728 6168 Pnnor.
774 6097 1008 6160 LXIX.

1860 3405 2056 3472 malus,
2080 3419 2178 3476 pro
2208 3404 2484 3476 republica
2508 3404 2564 3460 in
2589 3419 2697 3460 me.
2724 3405 2835 3462 Sed
2853 3405 2975 3462 vide
2994 3407 3124 3476 quid
3151 3421 3184 3462 a
3212 3417 3268 3463 te
3296 3423 3450 3478 qua:-

1863 3511 2065 3563 ramus,
2114 3495 2331 3565 quando
2385 3511 2488 3552 nec
2533 3495 2690 3552 nobis
2737 3496 2942 3568 aliquid
2988 3495 3246 3566 injustum
3284 3497 3450 3555 licere

1812 3649 1814 3651 ,
1860 3587 2240 3661 permittimus.
2287 3587 2516 3643 Decreta
2554 3601 2684 3657 ergo
2728 3595 2912 3644 nostra
2942 3588 3247 3659 priscorum
3291 3603 3450 3646 reso-

1862 3690 1994 3739 nent
2020 3681 2332 3750 constituta,
2359 3694 2479 3751 quae
2508 3688 2714 3736 tantam
2746 3681 3071 3739 suavitatem
3098 3681 3272 3738 laudis
3299 3681 3451 3738 inve-

1863 3775 2038 3840 niunt,
2067 3782 2327 3844 quantum
2356 3787 2606 3843 saporem
2632 3774 2912 3831 vetustatis
2961 3782 3258 3830 assumunt.
3301 3772 3449 3829 Prae-

1859 3863 2083 3936 judicia,
2121 3879 2241 3935 qua:
2290 3879 2389 3922 nos
2415 3863 2723 3932 horremus,
2773 3865 2828 3919 in
2877 3865 2995 3920 aliis
3038 3880 3146 3920 non
3185 3877 3449 3920 amamus.

1864 3955 2174 4028 Obligamus
2204 3965 2258 4013 te
2284 3964 2431 4013 certe
2459 3956 2818 4027 generalitati,
2848 3956 2976 4012 dum
2997 3955 3244 4012 absolute
3270 3957 3457 4026 praeci-

1866 4051 2042 4122 pimus
2063 4051 2184 4120 jura
2224 4051 2449 4108 servari.
2475 4051 2630 4119 Quod
2653 4051 2775 4108 ideo
2803 4066 2946 4106 nunc
2972 4051 3223 4118 dicimus,
3252 4059 3314 4108 ut
3350 4067 3453 4124 op-

1867 4151 2100 4213 portune
2128 4143 2376 4198 omnibus
2406 4143 2462 4198 in
2499 4152 2554 4200 te
2595 4143 2931 4200 consuluisse
2957 4143 3255 4200 videamur.
3288 4146 3456 4202 Decet

1869 4235 2011 4291 enim
2039 4249 2394 4305 praemonere,
2425 4249 2496 4291 ne
2523 4242 2576 4291 te
2599 4235 2711 4304 jam
2741 4235 2945 4292 tardius
2969 4244 3094 4307 post
3113 4236 3286 4293 aliena
3312 4237 3460 4308 peri-

1870 4325 1990 4382 cula
2024 4324 2304 4381 videamur
2357 4325 2498 4382 velle
2537 4325 2828 4398 corrigere.
2887 4326 3162 4384 Bonorum
3208 4329 3457 4401 exempla

1871 4431 2119 4489 sequere,
2153 4426 2208 4473 et
2241 4416 2536 4474 nobilitatis
2580 4426 2686 4474 tua:
2713 4433 2922 4476 memor
2947 4418 3158 4476 incede.
3193 4421 3273 4476 llli
3299 4421 3459 4492 digne

1875 4507 1942 4564 ad
1968 4509 2098 4565 vitia
2126 4511 2340 4579 generis
2363 4509 2444 4566 sui
2474 4509 2718 4580 redeunt,
2750 4511 2840 4581 qui
2865 4513 3257 4584 contemptibili
3289 4515 3462 4586 stirpe

1875 4611 2188 4660 nascuntur.
2230 4602 2325 4660 llis
2353 4603 2514 4675 igitur
2541 4605 2600 4662 in
2639 4603 2841 4660 bonum
2868 4605 3137 4676 publicum
3169 4606 3460 4677 praedictis,

1801 4723 1852 4786 D
1877 4710 1974 4768 per
2001 4697 2243 4768 quintam
2271 4695 2502 4753 feliciter
2529 4697 2876 4754 indictionem
2906 4699 3080 4767 (Anno
3114 4697 3306 4754 Christi
3327 4698 3455 4768 527)

1877 4796 2155 4859 quaesturae
2176 4789 2270 4845 tibi
2293 4789 2541 4858 insignia,
2571 4789 2682 4846 Deo
2700 4797 3008 4860 prmstante,
3044 4792 3194 4862 131
3211 4791 3462 4847 concedi-

1877 4893 1997 4937 mus
2021 4897 2035 4933 :
2063 4879 2325 4936 honorem
2353 4879 2717 4952 prudentium,
2753 4891 2775 4920 ε
2800 4879 3005 4938 fontem
3027 4883 3268 4938 omnium
3293 4883 3460 4950 digni-

1880 4981 2073 5044 tatum,
2113 4973 2328 5043 quando
2373 4973 2568 5030 exinde
2619 4973 2886 5045 procedit,
2928 4975 3075 5045 quod
3118 4973 3464 5043 indulgentia:

1880 5073 2078 5122 nostrae
2106 5064 2354 5136 largitate
2379 5065 2694 5124 manaverit.
2731 5063 2846 5136 Age
2868 5073 2929 5122 ut
2953 5066 3046 5138 qui
3074 5065 3141 5122 ad
3179 5067 3464 5124 consilium

1879 5165 2123 5214 nostrum
2162 5157 2496 5228 adscisceris,
2542 5157 2827 5230 prudentia
2855 5158 3064 5229 cunctis
3109 5165 3165 5214 et
3200 5159 3464 5228 gravitate

1883 5251 2201 5325 praeminere
2227 5252 2486 5310 noscaris.
2518 5251 2654 5308 Nam
2680 5252 2810 5324 quid
2841 5251 2939 5310 tibi
2959 5251 3266 5321 conveniat,
3287 5251 3464 5312 vides.

1885 5509 2020 5569 Vide
2045 5510 2356 5583 Nicephor.,
2387 5511 2480 5571 lib.
2509 5527 2588 5584 m,
2618 5526 2740 5585 cap.
2782 5511 2891 5582 25;
2927 5509 3177 5580 Plinium,
3207 5512 3264 5570 in
3291 5510 3474 5572 Pane-

1885 5595 1998 5640 αντ.
2029 5583 2156 5640 558.
2183 5582 2376 5640 Junnr.
3472 5624 3474 5632 ι

1883 5583 2532 5728 τῇπιρε
2572 5653 2652 5710 lite
2681 5663 2836 5728 erant
2881 5656 2980 5712 sub
3014 5655 3426 5728 imperatoribus
3450 5623 3477 5712 τ’

1893 5723 1986 5782 ille
2013 5726 2160 5794 leges
2187 5723 2470 5792 condebat,
2501 5734 2556 5781 et
2582 5727 2864 5796 veritatem
2892 5723 3112 5796 precum
3151 5727 3468 5794 rimabatur,

1893 5803 1956 5852 ut
1995 5793 2354 5854 subscriberet
2383 5797 2508 5864 illis,
2536 5796 2600 5866 isi
2634 5793 2780 5866 justa
2820 5793 3030 5853 ratione
3067 5799 3385 5862 niterentur,
3412 5807 3475 5854 ut

1891 5866 2078 5938 videre
2100 5875 2181 5922 est
2202 5868 2255 5922 in
2281 5867 2318 5923 l.
2346 5867 2398 5935 2,
2430 5868 2494 5926 C.
2519 5865 2762 5938 Deipetit.
2787 5868 2906 5924 bon.
2929 5869 3099 5936 subl.,'
3127 5878 3184 5924 et
3204 5869 3255 5924 in
3286 5870 3322 5924 1.
3348 5869 3474 5938 υιι..

1894 5935 1958 5994 C.
2007 5936 2087 5992 De
2130 5938 2325 6012 diversi
2347 5954 2542 6012 rescg;
2573 5935 2779 5997 Novell.
2805 5935 3104 6012 Valentin.,
3150 5941 3220 6002 de
3271 5935 3472 6004 liomic,

1894 6021 2026 6072 casu
2052 6017 2144 6066 aut
2162 6008 2270 6068 vol.
2301 6007 2426 6072 fact.
2459 6008 2644 6071 Bnoss.

2961 6106 3039 6173 2i-
