  <div class='ocr_page' id='page_1' title='image "/cluster/home/n/w/nwhite01/storage/ocr_20150623/69/hvd.32044015469349/381.png"; bbox 0 0 4018 6348; ppageno 0'>
   <div class='ocr_carea' id='block_1_1' title="bbox 449 1357 2143 1441">
    <p class='ocr_par' dir='ltr' id='par_1_1' title="bbox 449 1357 2143 1441">
     <span class='ocr_line' id='line_1_1' title="bbox 449 1357 2143 1441; baseline 0.002 -16"><span class='ocrx_word' id='word_1_1' title='bbox 449 1357 457 1368; x_wconf 83' lang='grc'><strong>’</strong></span> <span class='ocrx_word' id='word_1_2' title='bbox 538 1378 727 1425; x_wconf 83' lang='lat' dir='ltr'><strong>nostra</strong></span> <span class='ocrx_word' id='word_1_3' title='bbox 752 1368 1113 1439; x_wconf 88' lang='lat' dir='ltr'><strong>protulerunt,</strong></span> <span class='ocrx_word' id='word_1_4' title='bbox 1159 1368 1375 1441; x_wconf 86' lang='lat' dir='ltr'><strong>quando</strong></span> <span class='ocrx_word' id='word_1_5' title='bbox 1404 1369 1524 1440; x_wconf 89' lang='lat' dir='ltr'><strong>plus</strong></span> <span class='ocrx_word' id='word_1_6' title='bbox 1572 1370 1878 1440; x_wconf 74' lang='lat' dir='ltr'><strong>cogitantur</strong></span> <span class='ocrx_word' id='word_1_7' title='bbox 1923 1374 2143 1429; x_wconf 85' lang='lat' dir='ltr'><strong>omnino</strong></span> 
     </span>
    </p>
   </div>
   <div class='ocr_carea' id='block_1_2' title="bbox 543 344 3845 421">
    <p class='ocr_par' dir='ltr' id='par_1_2' title="bbox 543 344 3845 421">
     <span class='ocr_line' id='line_1_2' title="bbox 543 344 3845 421; baseline 0.004 -13"><span class='ocrx_word' id='word_1_8' title='bbox 543 346 655 408; x_wconf 70' lang='lat'><strong>747</strong></span> <span class='ocrx_word' id='word_1_9' title='bbox 1786 346 1859 405; x_wconf 85' lang='lat' dir='ltr'><strong>M.</strong></span> <span class='ocrx_word' id='word_1_10' title='bbox 1898 346 2175 409; x_wconf 66' lang='lat' dir='ltr'><strong>suasu!</strong></span> <span class='ocrx_word' id='word_1_11' title='bbox 2211 346 2609 415; x_wconf 65' lang='lat' dir='ltr'><strong>cassronom</strong></span> <span class='ocrx_word' id='word_1_12' title='bbox 3718 344 3845 421; x_wconf 70' lang='lat' dir='ltr'><strong>ne</strong></span> 
     </span>
    </p>
   </div>
   <div class='ocr_carea' id='block_1_3' title="bbox 542 456 3838 540">
    <p class='ocr_par' dir='ltr' id='par_1_3' title="bbox 542 456 3838 540">
     <span class='ocr_line' id='line_1_3' title="bbox 542 456 3838 540; baseline 0.004 -21"><span class='ocrx_word' id='word_1_13' title='bbox 542 474 572 504; x_wconf 78' lang='grc' dir='ltr'>ι</span> <span class='ocrx_word' id='word_1_14' title='bbox 595 459 712 520; x_wconf 85' lang='lat' dir='ltr'><strong>Vox</strong></span> <span class='ocrx_word' id='word_1_15' title='bbox 738 462 916 535; x_wconf 87' lang='lat' dir='ltr'><strong>legum</strong></span> <span class='ocrx_word' id='word_1_16' title='bbox 935 456 1148 532; x_wconf 87' lang='lat' dir='ltr'><strong>diceris,</strong></span> <span class='ocrx_word' id='word_1_17' title='bbox 1170 459 1298 520; x_wconf 90' lang='lat' dir='ltr'><strong>dum</strong></span> <span class='ocrx_word' id='word_1_18' title='bbox 1321 475 1423 520; x_wconf 91' lang='lat' dir='ltr'><strong>nos</strong></span> <span class='ocrx_word' id='word_1_19' title='bbox 1444 456 1598 535; x_wconf 83' lang='lat' dir='ltr'><strong>[Ed.,</strong></span> <span class='ocrx_word' id='word_1_20' title='bbox 1625 463 1833 534; x_wconf 75' lang='lat' dir='ltr'><strong>nostra]</strong></span> <span class='ocrx_word' id='word_1_21' title='bbox 1854 461 1977 533; x_wconf 84' lang='lat' dir='ltr'><strong>jura</strong></span> <span class='ocrx_word' id='word_1_22' title='bbox 2005 479 2135 519; x_wconf 92' lang='lat' dir='ltr'><strong>con-</strong></span> <span class='ocrx_word' id='word_1_23' title='bbox 2164 474 2213 532; x_wconf 82' lang='grc' dir='ltr'>Α</span> <span class='ocrx_word' id='word_1_24' title='bbox 2240 483 2297 523; x_wconf 89' lang='lat' dir='ltr'><strong>se</strong></span> <span class='ocrx_word' id='word_1_25' title='bbox 2328 469 2394 522; x_wconf 85' lang='lat' dir='ltr'><strong>ad</strong></span> <span class='ocrx_word' id='word_1_26' title='bbox 2416 476 2730 539; x_wconf 86' lang='lat' dir='ltr'><strong>provectum</strong></span> <span class='ocrx_word' id='word_1_27' title='bbox 2755 477 3048 540; x_wconf 75' lang='lat' dir='ltr'><strong>cognoscat</strong></span> <span class='ocrx_word' id='word_1_28' title='bbox 3075 483 3258 529; x_wconf 88' lang='lat' dir='ltr'><strong>rerum</strong></span> <span class='ocrx_word' id='word_1_29' title='bbox 3272 469 3525 531; x_wconf 82' lang='lat' dir='ltr'><strong>dominos</strong></span> <span class='ocrx_word' id='word_1_30' title='bbox 3548 471 3838 531; x_wconf 66' lang='lat' dir='ltr'><strong>invitasse.</strong></span> 
     </span>
    </p>
   </div>
   <div class='ocr_carea' id='block_1_4' title="bbox 538 552 3840 632">
    <p class='ocr_par' dir='ltr' id='par_1_4' title="bbox 538 552 3840 632">
     <span class='ocr_line' id='line_1_4' title="bbox 538 552 3840 632; baseline 0.002 -19"><span class='ocrx_word' id='word_1_31' title='bbox 538 557 739 613; x_wconf 88' lang='lat' dir='ltr'><strong>dimus.</strong></span> <span class='ocrx_word' id='word_1_32' title='bbox 770 554 1021 613; x_wconf 84' lang='lat' dir='ltr'><strong>incumbe</strong></span> <span class='ocrx_word' id='word_1_33' title='bbox 1048 570 1191 613; x_wconf 90' lang='lat' dir='ltr'><strong>nunc</strong></span> <span class='ocrx_word' id='word_1_34' title='bbox 1218 555 1477 626; x_wconf 72' lang='lat' dir='ltr'><strong>probitati</strong></span> <span class='ocrx_word' id='word_1_35' title='bbox 1528 555 1614 612; x_wconf 87' lang='lat' dir='ltr'><strong>vel</strong></span> <span class='ocrx_word' id='word_1_36' title='bbox 1640 552 1799 624; x_wconf 86' lang='lat' dir='ltr'><strong>ﬁdei;</strong></span> <span class='ocrx_word' id='word_1_37' title='bbox 1834 565 1891 610; x_wconf 92' lang='lat' dir='ltr'><strong>ut</strong></span> <span class='ocrx_word' id='word_1_38' title='bbox 1918 556 2059 612; x_wconf 83' lang='lat' dir='ltr'><strong>sicut</strong></span> <span class='ocrx_word' id='word_1_39' title='bbox 2083 565 2137 613; x_wconf 90' lang='lat' dir='ltr'><strong>te</strong></span> <span class='ocrx_word' id='word_1_40' title='bbox 2241 558 2596 630; x_wconf 79' lang='lat' dir='ltr'><strong>Quapropter,</strong></span> <span class='ocrx_word' id='word_1_41' title='bbox 2628 567 2811 631; x_wconf 82' lang='lat' dir='ltr'><strong>patres</strong></span> <span class='ocrx_word' id='word_1_42' title='bbox 2839 562 3160 632; x_wconf 86' lang='lat' dir='ltr'><strong>conscripti,</strong></span> <span class='ocrx_word' id='word_1_43' title='bbox 3192 560 3456 618; x_wconf 87' lang='lat' dir='ltr'><strong>illustrem</strong></span> <span class='ocrx_word' id='word_1_44' title='bbox 3491 562 3840 620; x_wconf 79' lang='lat' dir='ltr'><strong>Ambrosium</strong></span> 
     </span>
    </p>
   </div>
   <div class='ocr_carea' id='block_1_5' title="bbox 538 647 3841 726">
    <p class='ocr_par' dir='ltr' id='par_1_5' title="bbox 538 647 3841 726">
     <span class='ocr_line' id='line_1_5' title="bbox 538 647 3841 726; baseline 0.002 -22"><span class='ocrx_word' id='word_1_45' title='bbox 538 651 691 722; x_wconf 85' lang='lat' dir='ltr'><strong>prior</strong></span> <span class='ocrx_word' id='word_1_46' title='bbox 717 650 894 705; x_wconf 87' lang='lat' dir='ltr'><strong>honor</strong></span> <span class='ocrx_word' id='word_1_47' title='bbox 921 648 1141 721; x_wconf 90' lang='lat' dir='ltr'><strong>dignum</strong></span> <span class='ocrx_word' id='word_1_48' title='bbox 1178 648 1307 707; x_wconf 87' lang='lat' dir='ltr'><strong>fecit</strong></span> <span class='ocrx_word' id='word_1_49' title='bbox 1346 647 1522 715; x_wconf 83' lang='lat' dir='ltr'><strong>alteri,</strong></span> <span class='ocrx_word' id='word_1_50' title='bbox 1555 649 1633 705; x_wconf 89' lang='lat' dir='ltr'><strong>ita</strong></span> <span class='ocrx_word' id='word_1_51' title='bbox 1662 647 1931 707; x_wconf 87' lang='lat' dir='ltr'><strong>secundus</strong></span> <span class='ocrx_word' id='word_1_52' title='bbox 1966 650 2141 706; x_wconf 85' lang='lat' dir='ltr'><strong>tertiae</strong></span> <span class='ocrx_word' id='word_1_53' title='bbox 2240 659 2525 723; x_wconf 70' lang='lat' dir='ltr'><strong>quaestura:</strong></span> <span class='ocrx_word' id='word_1_54' title='bbox 2558 653 2793 709; x_wconf 83' lang='lat' dir='ltr'><strong>culmine</strong></span> <span class='ocrx_word' id='word_1_55' title='bbox 2822 652 3141 710; x_wconf 82' lang='lat' dir='ltr'><strong>decoratum</strong></span> <span class='ocrx_word' id='word_1_56' title='bbox 3174 654 3329 711; x_wconf 81' lang='lat' dir='ltr'><strong>favor</strong></span> <span class='ocrx_word' id='word_1_57' title='bbox 3354 663 3549 713; x_wconf 67' lang='lat' dir='ltr'><strong>vestrae</strong></span> <span class='ocrx_word' id='word_1_58' title='bbox 3588 656 3841 726; x_wconf 83' lang='lat' dir='ltr'><strong>benigni-</strong></span> 
     </span>
    </p>
   </div>
   <div class='ocr_carea' id='block_1_6' title="bbox 538 742 3839 818">
    <p class='ocr_par' dir='ltr' id='par_1_6' title="bbox 538 742 3839 818">
     <span class='ocr_line' id='line_1_6' title="bbox 538 742 3839 818; baseline 0 -16"><span class='ocrx_word' id='word_1_59' title='bbox 538 743 708 803; x_wconf 82' lang='lat' dir='ltr'><strong>faciat</strong></span> <span class='ocrx_word' id='word_1_60' title='bbox 732 743 1005 817; x_wconf 72' lang='lat' dir='ltr'><strong>dignitati.</strong></span> <span class='ocrx_word' id='word_1_61' title='bbox 2240 742 2368 800; x_wconf 87' lang='lat' dir='ltr'><strong>tatis</strong></span> <span class='ocrx_word' id='word_1_62' title='bbox 2394 743 2647 816; x_wconf 82' lang='lat' dir='ltr'><strong>excipiat.</strong></span> <span class='ocrx_word' id='word_1_63' title='bbox 2678 743 2754 800; x_wconf 88' lang='lat' dir='ltr'><strong>De</strong></span> <span class='ocrx_word' id='word_1_64' title='bbox 2784 744 2875 802; x_wconf 93' lang='lat' dir='ltr'><strong>illo</strong></span> <span class='ocrx_word' id='word_1_65' title='bbox 2902 745 3047 802; x_wconf 87' lang='lat' dir='ltr'><strong>enim</strong></span> <span class='ocrx_word' id='word_1_66' title='bbox 3074 761 3184 802; x_wconf 87' lang='lat' dir='ltr'><strong>non</strong></span> <span class='ocrx_word' id='word_1_67' title='bbox 3210 746 3373 803; x_wconf 85' lang='lat' dir='ltr'><strong>debet</strong></span> <span class='ocrx_word' id='word_1_68' title='bbox 3408 745 3667 815; x_wconf 83' lang='lat' dir='ltr'><strong>dubitari,</strong></span> <span class='ocrx_word' id='word_1_69' title='bbox 3686 747 3784 818; x_wconf 87' lang='lat' dir='ltr'><strong>qui</strong></span> <span class='ocrx_word' id='word_1_70' title='bbox 3807 761 3839 802; x_wconf 83' lang='lat' dir='ltr'><strong>a</strong></span> 
     </span>
    </p>
   </div>
   <div class='ocr_carea' id='block_1_7' title="bbox 1072 835 3839 936">
    <p class='ocr_par' dir='ltr' id='par_1_7' title="bbox 1072 835 3839 936">
     <span class='ocr_line' id='line_1_7' title="bbox 1072 835 3839 936; baseline -0.016 0"><span class='ocrx_word' id='word_1_71' title='bbox 1072 877 1407 936; x_wconf 76' lang='lat' dir='ltr'><strong>EPISTULA</strong></span> <span class='ocrx_word' id='word_1_72' title='bbox 1442 877 1583 936; x_wconf 72' lang='lat' dir='ltr'><strong>xxv.</strong></span> <span class='ocrx_word' id='word_1_73' title='bbox 2239 842 2422 936; x_wconf 59' lang='grc' dir='ltr'><strong>νεδξτο</strong></span> <span class='ocrx_word' id='word_1_74' title='bbox 2446 835 2659 936; x_wconf 49' lang='grc' dir='ltr'><strong>,οτάίηθ</strong></span> <span class='ocrx_word' id='word_1_75' title='bbox 2705 835 2817 909; x_wconf 73' lang='lat' dir='ltr'><strong>iam</strong></span> <span class='ocrx_word' id='word_1_76' title='bbox 2858 836 2914 894; x_wconf 85' lang='lat' dir='ltr'><strong>in</strong></span> <span class='ocrx_word' id='word_1_77' title='bbox 2969 837 3143 909; x_wconf 85' lang='lat' dir='ltr'><strong>prima</strong></span> <span class='ocrx_word' id='word_1_78' title='bbox 3184 836 3451 910; x_wconf 72' lang='lat' dir='ltr'><strong>dignitate</strong></span> <span class='ocrx_word' id='word_1_79' title='bbox 3495 837 3699 895; x_wconf 84' lang='lat' dir='ltr'><strong>meruit</strong></span> <span class='ocrx_word' id='word_1_80' title='bbox 3739 852 3839 911; x_wconf 79' lang='lat' dir='ltr'><strong>ap-</strong></span> 
     </span>
    </p>
   </div>
   <div class='ocr_carea' id='block_1_8' title="bbox 777 926 2477 1033">
    <p class='ocr_par' dir='ltr' id='par_1_8' title="bbox 777 926 2477 1033">
     <span class='ocr_line' id='line_1_8' title="bbox 777 926 2477 1033; baseline -0.014 1"><span class='ocrx_word' id='word_1_81' title='bbox 777 987 1004 1033; x_wconf 64' lang='lat' dir='ltr'><strong>ssuarm</strong></span> <span class='ocrx_word' id='word_1_82' title='bbox 1031 988 1181 1032; x_wconf 78' lang='lat' dir='ltr'><strong>uasis</strong></span> <span class='ocrx_word' id='word_1_83' title='bbox 1208 987 1368 1031; x_wconf 75' lang='lat' dir='ltr'><strong>nouas</strong></span> <span class='ocrx_word' id='word_1_84' title='bbox 1394 986 1764 1031; x_wconf 71' lang='lat' dir='ltr'><strong>ATHALANCUS</strong></span> <span class='ocrx_word' id='word_1_85' title='bbox 1790 988 1916 1031; x_wconf 79' lang='lat' dir='ltr'><strong>uss.</strong></span> <span class='ocrx_word' id='word_1_86' title='bbox 2240 926 2477 998; x_wconf 49' lang='lat' dir='ltr'><strong>Nam&quot;</strong></span> 
     </span>
    </p>
   </div>
   <div class='ocr_carea' id='block_1_9' title="bbox 543 1083 2142 1154">
    <p class='ocr_par' dir='ltr' id='par_1_9' title="bbox 543 1083 2142 1154">
     <span class='ocr_line' id='line_1_9' title="bbox 543 1083 2142 1154; baseline -0.003 -5"><span class='ocrx_word' id='word_1_87' title='bbox 543 1083 764 1149; x_wconf 60' lang='lat' dir='ltr'><strong>Exinde</strong></span> <span class='ocrx_word' id='word_1_88' title='bbox 781 1087 936 1145; x_wconf 76' lang='lat' dir='ltr'><strong>laude</strong></span> <span class='ocrx_word' id='word_1_89' title='bbox 953 1088 1283 1144; x_wconf 79' lang='lat' dir='ltr'><strong>Ambrosium</strong></span> <span class='ocrx_word' id='word_1_90' title='bbox 1308 1097 1551 1154; x_wconf 69' lang='lat' dir='ltr'><strong>exornat,</strong></span> <span class='ocrx_word' id='word_1_91' title='bbox 1583 1096 1633 1143; x_wconf 85' lang='lat' dir='ltr'><strong>et</strong></span> <span class='ocrx_word' id='word_1_92' title='bbox 1661 1090 1869 1145; x_wconf 80' lang='lat' dir='ltr'><strong>nuntiat</strong></span> <span class='ocrx_word' id='word_1_93' title='bbox 1894 1104 1950 1146; x_wconf 80' lang='lat' dir='ltr'><strong>se</strong></span> <span class='ocrx_word' id='word_1_94' title='bbox 1992 1089 2142 1145; x_wconf 83' lang='lat' dir='ltr'><strong>illum</strong></span> 
     </span>
    </p>
   </div>
   <div class='ocr_carea' id='block_1_10' title="bbox 865 1159 1797 1233">
    <p class='ocr_par' dir='ltr' id='par_1_10' title="bbox 865 1159 1797 1233">
     <span class='ocr_line' id='line_1_10' title="bbox 865 1159 1797 1233; baseline 0 -15"><span class='ocrx_word' id='word_1_95' title='bbox 865 1168 1139 1233; x_wconf 65' lang='lat' dir='ltr'><strong>quautam</strong></span> <span class='ocrx_word' id='word_1_96' title='bbox 1164 1159 1420 1232; x_wconf 74' lang='lat' dir='ltr'><strong>dignitate</strong></span> <span class='ocrx_word' id='word_1_97' title='bbox 1444 1160 1797 1233; x_wconf 53' lang='lat' dir='ltr'><strong>insignivit”;</strong></span> 
     </span>
    </p>
   </div>
   <div class='ocr_carea' id='block_1_11' title="bbox 613 1266 3836 1355">
    <p class='ocr_par' dir='ltr' id='par_1_11' title="bbox 613 1266 3836 1355">
     <span class='ocr_line' id='line_1_11' title="bbox 613 1266 3836 1355; baseline -0 -22"><span class='ocrx_word' id='word_1_98' title='bbox 613 1274 878 1347; x_wconf 85' lang='lat' dir='ltr'><strong>Accipite,</strong></span> <span class='ocrx_word' id='word_1_99' title='bbox 907 1282 1091 1349; x_wconf 79' lang='lat' dir='ltr'><strong>patres</strong></span> <span class='ocrx_word' id='word_1_100' title='bbox 1119 1274 1435 1346; x_wconf 85' lang='lat' dir='ltr'><strong>conscripti,</strong></span> <span class='ocrx_word' id='word_1_101' title='bbox 1469 1275 1735 1347; x_wconf 87' lang='lat' dir='ltr'><strong>judicium</strong></span> <span class='ocrx_word' id='word_1_102' title='bbox 1768 1278 1915 1349; x_wconf 89' lang='lat' dir='ltr'><strong>quod</strong></span> <span class='ocrx_word' id='word_1_103' title='bbox 1941 1278 2145 1350; x_wconf 88' lang='lat' dir='ltr'><strong>judicia</strong></span> <span class='ocrx_word' id='word_1_104' title='bbox 2246 1266 2440 1326; x_wconf 68' lang='lat' dir='ltr'><strong>Scribit</strong></span> <span class='ocrx_word' id='word_1_105' title='bbox 2468 1268 2572 1355; x_wconf 66' lang='lat' dir='ltr'><strong>sibi</strong></span> <span class='ocrx_word' id='word_1_106' title='bbox 2597 1272 3170 1355; x_wconf 52' lang='lat' dir='ltr'><strong>gratissimunmﬂuisse,</strong></span> <span class='ocrx_word' id='word_1_107' title='bbox 3218 1271 3357 1355; x_wconf 62' lang='lat' dir='ltr'><strong>quo}!</strong></span> <span class='ocrx_word' id='word_1_108' title='bbox 3390 1271 3696 1355; x_wconf 71' lang='lat' dir='ltr'><strong>pontiﬁcem</strong></span> <span class='ocrx_word' id='word_1_109' title='bbox 3738 1270 3836 1325; x_wconf 78' lang='lat' dir='ltr'><strong>ele-</strong></span> 
     </span>
    </p>
   </div>
   <div class='ocr_carea' id='block_1_12' title="bbox 2405 1342 3675 1415">
    <p class='ocr_par' dir='ltr' id='par_1_12' title="bbox 2405 1342 3675 1415">
     <span class='ocr_line' id='line_1_12' title="bbox 2405 1342 3675 1415; baseline 0 -18"><span class='ocrx_word' id='word_1_110' title='bbox 2405 1342 2575 1413; x_wconf 83' lang='lat' dir='ltr'><strong>gerint</strong></span> <span class='ocrx_word' id='word_1_111' title='bbox 2599 1359 2713 1396; x_wconf 86' lang='lat' dir='ltr'><strong>eum</strong></span> <span class='ocrx_word' id='word_1_112' title='bbox 2740 1358 2887 1415; x_wconf 80' lang='lat' dir='ltr'><strong>quem</strong></span> <span class='ocrx_word' id='word_1_113' title='bbox 2911 1342 3264 1398; x_wconf 78' lang='lat' dir='ltr'><strong>Theodericus</strong></span> <span class='ocrx_word' id='word_1_114' title='bbox 3290 1342 3675 1415; x_wconf 69' lang='lat' dir='ltr'><strong>designarent.</strong></span> 
     </span>
    </p>
   </div>
   <div class='ocr_carea' id='block_1_13' title="bbox 2796 1060 3281 1119">
    <p class='ocr_par' dir='ltr' id='par_1_13' title="bbox 2796 1060 3281 1119">
     <span class='ocr_line' id='line_1_13' title="bbox 2796 1060 3281 1119; baseline 0.004 -2"><span class='ocrx_word' id='word_1_115' title='bbox 2796 1060 3130 1119; x_wconf 85' lang='lat' dir='ltr'><strong>EPISTOLA</strong></span> <span class='ocrx_word' id='word_1_116' title='bbox 3165 1061 3281 1119; x_wconf 79' lang='lat' dir='ltr'><strong>XV.</strong></span> 
     </span>
    </p>
   </div>
   <div class='ocr_carea' id='block_1_14' title="bbox 2466 1168 3606 1213">
    <p class='ocr_par' dir='ltr' id='par_1_14' title="bbox 2466 1168 3606 1213">
     <span class='ocr_line' id='line_1_14' title="bbox 2466 1168 3606 1213; baseline 0.003 -3"><span class='ocrx_word' id='word_1_117' title='bbox 2466 1168 2693 1211; x_wconf 60' lang='lat' dir='ltr'><strong>SBRATUI</strong></span> <span class='ocrx_word' id='word_1_118' title='bbox 2721 1170 2869 1212; x_wconf 77' lang='lat' dir='ltr'><strong>URBIS</strong></span> <span class='ocrx_word' id='word_1_119' title='bbox 2896 1170 3056 1213; x_wconf 67' lang='lat' dir='ltr'><strong>ltOlE</strong></span> <span class='ocrx_word' id='word_1_120' title='bbox 3084 1170 3452 1213; x_wconf 73' lang='grc' dir='ltr'><strong>ΑτιῐΑιΑιιιασε</strong></span> <span class='ocrx_word' id='word_1_121' title='bbox 3478 1172 3606 1213; x_wconf 72' lang='lat' dir='ltr'><strong>REX.</strong></span> 
     </span>
    </p>
   </div>
   <div class='ocr_carea' id='block_1_15' title="bbox 540 1453 3832 1535">
    <p class='ocr_par' dir='ltr' id='par_1_15' title="bbox 540 1453 3832 1535">
     <span class='ocr_line' id='line_1_15' title="bbox 540 1453 3832 1535; baseline 0.002 -18"><span class='ocrx_word' id='word_1_122' title='bbox 540 1476 666 1533; x_wconf 85' lang='lat' dir='ltr'><strong>quae</strong></span> <span class='ocrx_word' id='word_1_123' title='bbox 692 1469 851 1517; x_wconf 90' lang='lat' dir='ltr'><strong>cauta</strong></span> <span class='ocrx_word' id='word_1_124' title='bbox 872 1468 1035 1531; x_wconf 89' lang='lat' dir='ltr'><strong>sunt;</strong></span> <span class='ocrx_word' id='word_1_125' title='bbox 1063 1460 1188 1531; x_wconf 88' lang='lat' dir='ltr'><strong>quia</strong></span> <span class='ocrx_word' id='word_1_126' title='bbox 1218 1461 1342 1516; x_wconf 88' lang='lat' dir='ltr'><strong>talis</strong></span> <span class='ocrx_word' id='word_1_127' title='bbox 1366 1460 1674 1517; x_wconf 88' lang='lat' dir='ltr'><strong>subsecutio</strong></span> <span class='ocrx_word' id='word_1_128' title='bbox 1701 1462 1959 1529; x_wconf 88' lang='lat' dir='ltr'><strong>creditur,</strong></span> <span class='ocrx_word' id='word_1_129' title='bbox 1983 1464 2146 1535; x_wconf 86' lang='lat' dir='ltr'><strong>quale</strong></span> <span class='ocrx_word' id='word_1_130' title='bbox 2316 1453 2689 1511; x_wconf 68' lang='lat' dir='ltr'><strong>GraiiSSimum</strong></span> <span class='ocrx_word' id='word_1_131' title='bbox 2722 1464 2911 1512; x_wconf 70' lang='grc' dir='ltr'><strong>ηοδιτο</strong></span> <span class='ocrx_word' id='word_1_132' title='bbox 2941 1454 3264 1527; x_wconf 80' lang='lat' dir='ltr'><strong>proﬁtemur</strong></span> <span class='ocrx_word' id='word_1_133' title='bbox 3298 1454 3509 1522; x_wconf 61' lang='lat' dir='ltr'><strong>animo:</strong></span> <span class='ocrx_word' id='word_1_134' title='bbox 3541 1453 3692 1524; x_wconf 65' lang='lat' dir='ltr'><strong>(100d</strong></span> <span class='ocrx_word' id='word_1_135' title='bbox 3718 1455 3832 1525; x_wconf 63' lang='lat'><strong>810-</strong></span> 
     </span>
    </p>
   </div>
   <div class='ocr_carea' id='block_1_16' title="bbox 540 1535 3835 1622">
    <p class='ocr_par' dir='ltr' id='par_1_16' title="bbox 540 1535 3835 1622">
     <span class='ocr_line' id='line_1_16' title="bbox 540 1535 3835 1622; baseline -0.002 -15"><span class='ocrx_word' id='word_1_136' title='bbox 540 1535 897 1622; x_wconf 82' lang='lat' dir='ltr'><strong>primordium</strong></span> <span class='ocrx_word' id='word_1_137' title='bbox 950 1552 1164 1610; x_wconf 82' lang='lat' dir='ltr'><strong>venisse</strong></span> <span class='ocrx_word' id='word_1_138' title='bbox 1214 1552 1461 1609; x_wconf 85' lang='lat' dir='ltr'><strong>sentitur.</strong></span> <span class='ocrx_word' id='word_1_139' title='bbox 1506 1552 1675 1610; x_wconf 86' lang='lat' dir='ltr'><strong>Nemo</strong></span> <span class='ocrx_word' id='word_1_140' title='bbox 1715 1555 1859 1610; x_wconf 84' lang='lat' dir='ltr'><strong>enim</strong></span> <span class='ocrx_word' id='word_1_141' title='bbox 1902 1555 2139 1612; x_wconf 73' lang='lat' dir='ltr'><strong>futurum</strong></span> <span class='ocrx_word' id='word_1_142' title='bbox 2242 1548 2377 1605; x_wconf 79' lang='lat' dir='ltr'><strong>riosi</strong></span> <span class='ocrx_word' id='word_1_143' title='bbox 2425 1547 2611 1604; x_wconf 86' lang='lat' dir='ltr'><strong>domui</strong></span> <span class='ocrx_word' id='word_1_144' title='bbox 2648 1548 2732 1604; x_wconf 91' lang='lat' dir='ltr'><strong>avi</strong></span> <span class='ocrx_word' id='word_1_145' title='bbox 2776 1548 2947 1605; x_wconf 87' lang='lat' dir='ltr'><strong>nostri</strong></span> <span class='ocrx_word' id='word_1_146' title='bbox 2994 1546 3348 1620; x_wconf 86' lang='lat' dir='ltr'><strong>respondistis</strong></span> <span class='ocrx_word' id='word_1_147' title='bbox 3389 1547 3444 1602; x_wconf 89' lang='lat' dir='ltr'><strong>in</strong></span> <span class='ocrx_word' id='word_1_148' title='bbox 3492 1547 3835 1618; x_wconf 81' lang='lat' dir='ltr'><strong>episcopatus</strong></span> 
     </span>
    </p>
   </div>
   <div class='ocr_carea' id='block_1_17' title="bbox 542 1638 3836 1720">
    <p class='ocr_par' dir='ltr' id='par_1_17' title="bbox 542 1638 3836 1720">
     <span class='ocr_line' id='line_1_17' title="bbox 542 1638 3836 1720; baseline -0.002 -18"><span class='ocrx_word' id='word_1_149' title='bbox 542 1653 702 1715; x_wconf 86' lang='lat' dir='ltr'><strong>putat</strong></span> <span class='ocrx_word' id='word_1_150' title='bbox 728 1660 849 1703; x_wconf 90' lang='lat' dir='ltr'><strong>esse</strong></span> <span class='ocrx_word' id='word_1_151' title='bbox 869 1644 1207 1715; x_wconf 80' lang='lat' dir='ltr'><strong>diligentem,</strong></span> <span class='ocrx_word' id='word_1_152' title='bbox 1230 1658 1392 1715; x_wconf 86' lang='lat' dir='ltr'><strong>quem</strong></span> <span class='ocrx_word' id='word_1_153' title='bbox 1421 1644 1477 1699; x_wconf 89' lang='lat' dir='ltr'><strong>in</strong></span> <span class='ocrx_word' id='word_1_154' title='bbox 1516 1645 1630 1716; x_wconf 88' lang='lat' dir='ltr'><strong>ipsa</strong></span> <span class='ocrx_word' id='word_1_155' title='bbox 1661 1648 1903 1706; x_wconf 87' lang='lat' dir='ltr'><strong>novitate</strong></span> <span class='ocrx_word' id='word_1_156' title='bbox 1932 1649 2145 1720; x_wconf 89' lang='lat' dir='ltr'><strong>opinio-</strong></span> <span class='ocrx_word' id='word_1_157' title='bbox 2246 1641 2513 1697; x_wconf 90' lang='lat' dir='ltr'><strong>electione</strong></span> <span class='ocrx_word' id='word_1_158' title='bbox 2538 1640 2763 1710; x_wconf 87' lang='lat' dir='ltr'><strong>judicio.</strong></span> <span class='ocrx_word' id='word_1_159' title='bbox 2795 1638 3093 1713; x_wconf 86' lang='lat' dir='ltr'><strong>Oportebat</strong></span> <span class='ocrx_word' id='word_1_160' title='bbox 3120 1640 3263 1697; x_wconf 86' lang='lat' dir='ltr'><strong>enim</strong></span> <span class='ocrx_word' id='word_1_161' title='bbox 3289 1638 3513 1696; x_wconf 88' lang='lat' dir='ltr'><strong>arbitrio</strong></span> <span class='ocrx_word' id='word_1_162' title='bbox 3537 1640 3669 1696; x_wconf 88' lang='lat' dir='ltr'><strong>boni</strong></span> <span class='ocrx_word' id='word_1_163' title='bbox 3693 1640 3836 1711; x_wconf 82' lang='lat' dir='ltr'><strong>prin-</strong></span> 
     </span>
    </p>
   </div>
   <div class='ocr_carea' id='block_1_18' title="bbox 542 1733 3833 1805">
    <p class='ocr_par' dir='ltr' id='par_1_18' title="bbox 542 1733 3833 1805">
     <span class='ocr_line' id='line_1_18' title="bbox 542 1733 3833 1805; baseline 0.001 -12"><span class='ocrx_word' id='word_1_164' title='bbox 542 1736 630 1793; x_wconf 84' lang='lat' dir='ltr'><strong>nis</strong></span> <span class='ocrx_word' id='word_1_165' title='bbox 666 1751 779 1793; x_wconf 79' lang='lat' dir='ltr'><strong>suae</strong></span> <span class='ocrx_word' id='word_1_166' title='bbox 801 1750 911 1792; x_wconf 88' lang='lat' dir='ltr'><strong>non</strong></span> <span class='ocrx_word' id='word_1_167' title='bbox 934 1736 1080 1792; x_wconf 87' lang='lat' dir='ltr'><strong>videt</strong></span> <span class='ocrx_word' id='word_1_168' title='bbox 1107 1750 1231 1792; x_wconf 83' lang='lat' dir='ltr'><strong>esse</strong></span> <span class='ocrx_word' id='word_1_169' title='bbox 1264 1736 1565 1793; x_wconf 81' lang='lat' dir='ltr'><strong>custodem.</strong></span> <span class='ocrx_word' id='word_1_170' title='bbox 1620 1736 1882 1798; x_wconf 80' lang='lat' dir='ltr'><strong>Providus</strong></span> <span class='ocrx_word' id='word_1_171' title='bbox 1929 1741 2145 1799; x_wconf 85' lang='lat' dir='ltr'><strong>institu-</strong></span> <span class='ocrx_word' id='word_1_172' title='bbox 2249 1734 2385 1805; x_wconf 87' lang='lat' dir='ltr'><strong>cipis</strong></span> <span class='ocrx_word' id='word_1_173' title='bbox 2412 1733 2643 1804; x_wconf 84' lang='lat' dir='ltr'><strong>obediri,</strong></span> <span class='ocrx_word' id='word_1_174' title='bbox 2670 1734 2763 1804; x_wconf 88' lang='lat' dir='ltr'><strong>qui</strong></span> <span class='ocrx_word' id='word_1_175' title='bbox 2791 1734 3023 1805; x_wconf 78' lang='lat' dir='ltr'><strong>sapienti</strong></span> <span class='ocrx_word' id='word_1_176' title='bbox 3061 1734 3451 1790; x_wconf 83' lang='lat' dir='ltr'><strong>deliberatione</strong></span> <span class='ocrx_word' id='word_1_177' title='bbox 3476 1740 3833 1805; x_wconf 82' lang='lat' dir='ltr'><strong>pertractans,</strong></span> 
     </span>
    </p>
   </div>
   <div class='ocr_carea' id='block_1_19' title="bbox 540 1825 3833 1928">
    <p class='ocr_par' dir='ltr' id='par_1_19' title="bbox 540 1825 3833 1928">
     <span class='ocr_line' id='line_1_19' title="bbox 540 1825 3833 1928; baseline 0.002 -45"><span class='ocrx_word' id='word_1_178' title='bbox 540 1834 630 1885; x_wconf 85' lang='lat' dir='ltr'><strong>tor</strong></span> <span class='ocrx_word' id='word_1_179' title='bbox 647 1828 693 1883; x_wconf 87' lang='lat' dir='ltr'><strong>si</strong></span> <span class='ocrx_word' id='word_1_180' title='bbox 715 1830 933 1885; x_wconf 86' lang='lat' dir='ltr'><strong>hortum</strong></span> <span class='ocrx_word' id='word_1_181' title='bbox 962 1844 1121 1885; x_wconf 90' lang='lat' dir='ltr'><strong>suum</strong></span> <span class='ocrx_word' id='word_1_182' title='bbox 1147 1827 1391 1885; x_wconf 79' lang='lat' dir='ltr'><strong>fecundis</strong></span> <span class='ocrx_word' id='word_1_183' title='bbox 1416 1828 1605 1885; x_wconf 89' lang='lat' dir='ltr'><strong>nititur</strong></span> <span class='ocrx_word' id='word_1_184' title='bbox 1625 1845 1822 1888; x_wconf 90' lang='lat' dir='ltr'><strong>ornare</strong></span> <span class='ocrx_word' id='word_1_185' title='bbox 1842 1833 2140 1903; x_wconf 87' lang='lat' dir='ltr'><strong>plantariis,</strong></span> <span class='ocrx_word' id='word_1_186' title='bbox 2173 1865 2222 1928; x_wconf 77' lang='grc' dir='ltr'><strong>Β</strong></span> <span class='ocrx_word' id='word_1_187' title='bbox 2248 1825 2491 1896; x_wconf 63' lang='lat' dir='ltr'><strong>(intumis</strong></span> <span class='ocrx_word' id='word_1_188' title='bbox 2522 1825 2575 1881; x_wconf 77' lang='lat' dir='ltr'><strong>in</strong></span> <span class='ocrx_word' id='word_1_189' title='bbox 2611 1826 2787 1883; x_wconf 71' lang='lat' dir='ltr'><strong>aliena</strong></span> <span class='ocrx_word' id='word_1_190' title='bbox 2827 1826 3111 1897; x_wconf 72' lang='lat' dir='ltr'><strong>religione.</strong></span> <span class='ocrx_word' id='word_1_191' title='bbox 3144 1826 3307 1883; x_wconf 73' lang='lat' dir='ltr'><strong>talem</strong></span> <span class='ocrx_word' id='word_1_192' title='bbox 3337 1825 3483 1883; x_wconf 76' lang='lat' dir='ltr'><strong>Visus</strong></span> <span class='ocrx_word' id='word_1_193' title='bbox 3530 1833 3616 1882; x_wconf 66' lang='lat' dir='ltr'><strong>est</strong></span> <span class='ocrx_word' id='word_1_194' title='bbox 3661 1826 3833 1895; x_wconf 78' lang='grc' dir='ltr'><strong>ροηιί-</strong></span> 
     </span>
    </p>
   </div>
   <div class='ocr_carea' id='block_1_20' title="bbox 538 1918 3833 1992">
    <p class='ocr_par' dir='ltr' id='par_1_20' title="bbox 538 1918 3833 1992">
     <span class='ocr_line' id='line_1_20' title="bbox 538 1918 3833 1992; baseline -0.001 -16"><span class='ocrx_word' id='word_1_195' title='bbox 538 1926 604 1976; x_wconf 91' lang='lat' dir='ltr'><strong>ut</strong></span> <span class='ocrx_word' id='word_1_196' title='bbox 654 1920 881 1977; x_wconf 88' lang='lat' dir='ltr'><strong>reddant</strong></span> <span class='ocrx_word' id='word_1_197' title='bbox 926 1920 1132 1978; x_wconf 88' lang='lat' dir='ltr'><strong>fructus</strong></span> <span class='ocrx_word' id='word_1_198' title='bbox 1178 1929 1417 1992; x_wconf 88' lang='lat' dir='ltr'><strong>optatos,</strong></span> <span class='ocrx_word' id='word_1_199' title='bbox 1470 1936 1589 1992; x_wconf 68' lang='lat' dir='ltr'><strong>quze</strong></span> <span class='ocrx_word' id='word_1_200' title='bbox 1644 1923 1888 1981; x_wconf 88' lang='lat' dir='ltr'><strong>sollicitis</strong></span> <span class='ocrx_word' id='word_1_201' title='bbox 1930 1925 2143 1983; x_wconf 88' lang='lat' dir='ltr'><strong>fuerant</strong></span> <span class='ocrx_word' id='word_1_202' title='bbox 2175 1918 2220 1928; x_wconf 85' lang='grc'><strong>“’</strong></span> <span class='ocrx_word' id='word_1_203' title='bbox 2249 1918 2402 1975; x_wconf 69' lang='lat' dir='ltr'><strong>licem</strong></span> <span class='ocrx_word' id='word_1_204' title='bbox 2424 1919 2715 1989; x_wconf 80' lang='lat' dir='ltr'><strong>delegisse,</strong></span> <span class='ocrx_word' id='word_1_205' title='bbox 2745 1927 2804 1975; x_wconf 92' lang='lat' dir='ltr'><strong>ut</strong></span> <span class='ocrx_word' id='word_1_206' title='bbox 2833 1919 2961 1975; x_wconf 85' lang='lat' dir='ltr'><strong>nulli</strong></span> <span class='ocrx_word' id='word_1_207' title='bbox 2993 1919 3189 1976; x_wconf 87' lang='lat' dir='ltr'><strong>merito</strong></span> <span class='ocrx_word' id='word_1_208' title='bbox 3217 1918 3414 1976; x_wconf 88' lang='lat' dir='ltr'><strong>debeat</strong></span> <span class='ocrx_word' id='word_1_209' title='bbox 3437 1918 3757 1989; x_wconf 74' lang='lat' dir='ltr'><strong>displicere;</strong></span> <span class='ocrx_word' id='word_1_210' title='bbox 3779 1924 3833 1971; x_wconf 89' lang='lat' dir='ltr'><strong>ut</strong></span> 
     </span>
    </p>
   </div>
   <div class='ocr_carea' id='block_1_21' title="bbox 540 2009 3831 2089">
    <p class='ocr_par' dir='ltr' id='par_1_21' title="bbox 540 2009 3831 2089">
     <span class='ocr_line' id='line_1_21' title="bbox 540 2009 3831 2089; baseline 0.004 -21"><span class='ocrx_word' id='word_1_211' title='bbox 540 2011 688 2068; x_wconf 87' lang='lat' dir='ltr'><strong>culta</strong></span> <span class='ocrx_word' id='word_1_212' title='bbox 735 2012 1043 2083; x_wconf 87' lang='lat' dir='ltr'><strong>laboribus;</strong></span> <span class='ocrx_word' id='word_1_213' title='bbox 1087 2024 1289 2085; x_wconf 90' lang='lat' dir='ltr'><strong>quanto</strong></span> <span class='ocrx_word' id='word_1_214' title='bbox 1329 2016 1500 2088; x_wconf 89' lang='lat' dir='ltr'><strong>magis</strong></span> <span class='ocrx_word' id='word_1_215' title='bbox 1526 2031 1753 2089; x_wconf 87' lang='lat' dir='ltr'><strong>regnum</strong></span> <span class='ocrx_word' id='word_1_216' title='bbox 1801 2019 1957 2076; x_wconf 88' lang='lat' dir='ltr'><strong>decet</strong></span> <span class='ocrx_word' id='word_1_217' title='bbox 2001 2022 2144 2077; x_wconf 90' lang='lat' dir='ltr'><strong>inter</strong></span> <span class='ocrx_word' id='word_1_218' title='bbox 2246 2009 2551 2080; x_wconf 66' lang='lat' dir='ltr'><strong>agnoscalis</strong></span> <span class='ocrx_word' id='word_1_219' title='bbox 2573 2009 2721 2066; x_wconf 66' lang='lat' dir='ltr'><strong>illum</strong></span> <span class='ocrx_word' id='word_1_220' title='bbox 2744 2011 2849 2067; x_wconf 74' lang='lat' dir='ltr'><strong>hoc</strong></span> <span class='ocrx_word' id='word_1_221' title='bbox 2877 2018 3095 2081; x_wconf 52' lang='lat' dir='ltr'><strong>optasse</strong></span> <span class='ocrx_word' id='word_1_222' title='bbox 3116 2011 3407 2083; x_wconf 57' lang='lat' dir='ltr'><strong>Primipuei</strong></span> <span class='ocrx_word' id='word_1_223' title='bbox 3439 2019 3714 2080; x_wconf 66' lang='grc' dir='ltr'><strong>(ιιιδιθιιιιε</strong></span> <span class='ocrx_word' id='word_1_224' title='bbox 3738 2009 3831 2065; x_wconf 65' lang='grc' dir='ltr'><strong>δο-</strong></span> 
     </span>
    </p>
   </div>
   <div class='ocr_carea' id='block_1_22' title="bbox 539 2103 2144 2185">
    <p class='ocr_par' dir='ltr' id='par_1_22' title="bbox 539 2103 2144 2185">
     <span class='ocr_line' id='line_1_22' title="bbox 539 2103 2144 2185; baseline 0.007 -25"><span class='ocrx_word' id='word_1_225' title='bbox 539 2103 695 2160; x_wconf 87' lang='lat' dir='ltr'><strong>initia</strong></span> <span class='ocrx_word' id='word_1_226' title='bbox 724 2106 872 2175; x_wconf 88' lang='lat' dir='ltr'><strong>pacis</strong></span> <span class='ocrx_word' id='word_1_227' title='bbox 899 2107 1215 2164; x_wconf 77' lang='lat' dir='ltr'><strong>ammoitate</strong></span> <span class='ocrx_word' id='word_1_228' title='bbox 1241 2110 1515 2179; x_wconf 85' lang='lat' dir='ltr'><strong>componi,</strong></span> <span class='ocrx_word' id='word_1_229' title='bbox 1549 2126 1617 2167; x_wconf 90' lang='lat' dir='ltr'><strong>ne</strong></span> <span class='ocrx_word' id='word_1_230' title='bbox 1655 2112 1858 2169; x_wconf 89' lang='lat' dir='ltr'><strong>habere</strong></span> <span class='ocrx_word' id='word_1_231' title='bbox 1906 2114 2144 2185; x_wconf 89' lang='lat' dir='ltr'><strong>speciem</strong></span> 
     </span>
    </p>
   </div>
   <div class='ocr_carea' id='block_1_23' title="bbox 541 2195 2144 2277">
    <p class='ocr_par' dir='ltr' id='par_1_23' title="bbox 541 2195 2144 2277">
     <span class='ocr_line' id='line_1_23' title="bbox 541 2195 2144 2277; baseline 0.009 -29"><span class='ocrx_word' id='word_1_232' title='bbox 541 2196 657 2265; x_wconf 91' lang='lat' dir='ltr'><strong>agri</strong></span> <span class='ocrx_word' id='word_1_233' title='bbox 681 2195 925 2251; x_wconf 90' lang='lat' dir='ltr'><strong>videatur</strong></span> <span class='ocrx_word' id='word_1_234' title='bbox 952 2197 1183 2255; x_wconf 80' lang='lat' dir='ltr'><strong>inculti?</strong></span> <span class='ocrx_word' id='word_1_235' title='bbox 1204 2198 1272 2254; x_wconf 88' lang='lat' dir='ltr'><strong>Et</strong></span> <span class='ocrx_word' id='word_1_236' title='bbox 1297 2200 1423 2257; x_wconf 89' lang='lat' dir='ltr'><strong>ideo</strong></span> <span class='ocrx_word' id='word_1_237' title='bbox 1449 2201 1729 2259; x_wconf 85' lang='lat' dir='ltr'><strong>beneficiis</strong></span> <span class='ocrx_word' id='word_1_238' title='bbox 1764 2207 1967 2262; x_wconf 88' lang='lat' dir='ltr'><strong>nostris</strong></span> <span class='ocrx_word' id='word_1_239' title='bbox 1987 2208 2144 2277; x_wconf 88' lang='lat' dir='ltr'><strong>quasi</strong></span> 
     </span>
    </p>
   </div>
   <div class='ocr_carea' id='block_1_24' title="bbox 541 2289 2145 2371">
    <p class='ocr_par' dir='ltr' id='par_1_24' title="bbox 541 2289 2145 2371">
     <span class='ocr_line' id='line_1_24' title="bbox 541 2289 2145 2371; baseline 0.009 -28"><span class='ocrx_word' id='word_1_240' title='bbox 541 2290 835 2359; x_wconf 85' lang='lat' dir='ltr'><strong>quamdam</strong></span> <span class='ocrx_word' id='word_1_241' title='bbox 857 2289 1081 2360; x_wconf 75' lang='lat' dir='ltr'><strong>ianuam</strong></span> <span class='ocrx_word' id='word_1_242' title='bbox 1107 2293 1465 2364; x_wconf 86' lang='lat' dir='ltr'><strong>cogitavimus</strong></span> <span class='ocrx_word' id='word_1_243' title='bbox 1491 2295 1622 2351; x_wconf 89' lang='lat' dir='ltr'><strong>dare</strong></span> <span class='ocrx_word' id='word_1_244' title='bbox 1660 2305 2016 2368; x_wconf 69' lang='lat' dir='ltr'><strong>quaestorem,</strong></span> <span class='ocrx_word' id='word_1_245' title='bbox 2048 2317 2145 2371; x_wconf 91' lang='lat' dir='ltr'><strong>per</strong></span> 
     </span>
    </p>
   </div>
   <div class='ocr_carea' id='block_1_25' title="bbox 541 2382 2144 2455">
    <p class='ocr_par' dir='ltr' id='par_1_25' title="bbox 541 2382 2144 2455">
     <span class='ocr_line' id='line_1_25' title="bbox 541 2382 2144 2455; baseline 0.009 -19"><span class='ocrx_word' id='word_1_246' title='bbox 541 2394 706 2451; x_wconf 88' lang='lat' dir='ltr'><strong>quem</strong></span> <span class='ocrx_word' id='word_1_247' title='bbox 747 2382 1078 2439; x_wconf 86' lang='lat' dir='ltr'><strong>venientium</strong></span> <span class='ocrx_word' id='word_1_248' title='bbox 1104 2384 1425 2455; x_wconf 87' lang='lat' dir='ltr'><strong>dignitatum</strong></span> <span class='ocrx_word' id='word_1_249' title='bbox 1463 2386 1699 2444; x_wconf 91' lang='lat' dir='ltr'><strong>culmina</strong></span> <span class='ocrx_word' id='word_1_250' title='bbox 1728 2388 1981 2447; x_wconf 89' lang='lat' dir='ltr'><strong>decenter</strong></span> <span class='ocrx_word' id='word_1_251' title='bbox 2024 2394 2144 2450; x_wconf 86' lang='lat' dir='ltr'><strong>exi-</strong></span> 
     </span>
    </p>
   </div>
   <div class='ocr_carea' id='block_1_26' title="bbox 541 2472 2146 2557">
    <p class='ocr_par' dir='ltr' id='par_1_26' title="bbox 541 2472 2146 2557">
     <span class='ocr_line' id='line_1_26' title="bbox 541 2472 2146 2557; baseline 0.009 -27"><span class='ocrx_word' id='word_1_252' title='bbox 541 2481 687 2531; x_wconf 88' lang='lat' dir='ltr'><strong>rent.</strong></span> <span class='ocrx_word' id='word_1_253' title='bbox 718 2472 858 2532; x_wconf 89' lang='lat' dir='ltr'><strong>Sunt</strong></span> <span class='ocrx_word' id='word_1_254' title='bbox 878 2476 1035 2535; x_wconf 83' lang='lat' dir='ltr'><strong>vobis</strong></span> <span class='ocrx_word' id='word_1_255' title='bbox 1057 2488 1209 2536; x_wconf 87' lang='lat' dir='ltr'><strong>certe</strong></span> <span class='ocrx_word' id='word_1_256' title='bbox 1234 2480 1303 2536; x_wconf 88' lang='lat' dir='ltr'><strong>de</strong></span> <span class='ocrx_word' id='word_1_257' title='bbox 1329 2481 1616 2539; x_wconf 87' lang='lat' dir='ltr'><strong>candidato</strong></span> <span class='ocrx_word' id='word_1_258' title='bbox 1651 2492 1800 2552; x_wconf 90' lang='lat' dir='ltr'><strong>nota,</strong></span> <span class='ocrx_word' id='word_1_259' title='bbox 1844 2488 2059 2557; x_wconf 90' lang='lat' dir='ltr'><strong>quando</strong></span> <span class='ocrx_word' id='word_1_260' title='bbox 2088 2496 2146 2546; x_wconf 87' lang='lat' dir='ltr'><strong>ct</strong></span> 
     </span>
    </p>
   </div>
   <div class='ocr_carea' id='block_1_27' title="bbox 540 2565 2145 2650">
    <p class='ocr_par' dir='ltr' id='par_1_27' title="bbox 540 2565 2145 2650">
     <span class='ocr_line' id='line_1_27' title="bbox 540 2565 2145 2650; baseline 0.01 -29"><span class='ocrx_word' id='word_1_261' title='bbox 540 2565 803 2623; x_wconf 89' lang='lat' dir='ltr'><strong>moderna</strong></span> <span class='ocrx_word' id='word_1_262' title='bbox 823 2582 945 2638; x_wconf 65' lang='lat' dir='ltr'><strong>quae</strong></span> <span class='ocrx_word' id='word_1_263' title='bbox 963 2568 1256 2641; x_wconf 88' lang='lat' dir='ltr'><strong>loquimur.</strong></span> <span class='ocrx_word' id='word_1_264' title='bbox 1283 2571 1417 2629; x_wconf 82' lang='lat' dir='ltr'><strong>Nam</strong></span> <span class='ocrx_word' id='word_1_265' title='bbox 1438 2588 1562 2631; x_wconf 91' lang='lat' dir='ltr'><strong>cum</strong></span> <span class='ocrx_word' id='word_1_266' title='bbox 1588 2578 1873 2634; x_wconf 88' lang='lat' dir='ltr'><strong>transitum</strong></span> <span class='ocrx_word' id='word_1_267' title='bbox 1897 2579 2145 2650; x_wconf 74' lang='lat' dir='ltr'><strong>gloriosa:</strong></span> 
     </span>
    </p>
   </div>
   <div class='ocr_carea' id='block_1_28' title="bbox 522 2660 2145 2738">
    <p class='ocr_par' dir='ltr' id='par_1_28' title="bbox 522 2660 2145 2738">
     <span class='ocr_line' id='line_1_28' title="bbox 522 2660 2145 2738; baseline 0.01 -23"><span class='ocrx_word' id='word_1_268' title='bbox 522 2660 818 2727; x_wconf 63' lang='lat' dir='ltr'><strong>memoriae</strong></span> <span class='ocrx_word' id='word_1_269' title='bbox 852 2660 1036 2719; x_wconf 88' lang='lat' dir='ltr'><strong>domui</strong></span> <span class='ocrx_word' id='word_1_270' title='bbox 1061 2664 1150 2720; x_wconf 87' lang='lat' dir='ltr'><strong>avi</strong></span> <span class='ocrx_word' id='word_1_271' title='bbox 1176 2667 1348 2722; x_wconf 88' lang='lat' dir='ltr'><strong>nostri</strong></span> <span class='ocrx_word' id='word_1_272' title='bbox 1375 2666 1741 2738; x_wconf 86' lang='lat' dir='ltr'><strong>subjectorum</strong></span> <span class='ocrx_word' id='word_1_273' title='bbox 1773 2671 1935 2728; x_wconf 85' lang='lat' dir='ltr'><strong>anxia</strong></span> <span class='ocrx_word' id='word_1_274' title='bbox 1980 2673 2145 2731; x_wconf 89' lang='lat' dir='ltr'><strong>corda</strong></span> 
     </span>
    </p>
   </div>
   <div class='ocr_carea' id='block_1_29' title="bbox 540 2751 2146 2838">
    <p class='ocr_par' dir='ltr' id='par_1_29' title="bbox 540 2751 2146 2838">
     <span class='ocr_line' id='line_1_29' title="bbox 540 2751 2146 2838; baseline 0.009 -30"><span class='ocrx_word' id='word_1_275' title='bbox 540 2751 790 2822; x_wconf 88' lang='lat' dir='ltr'><strong>lugerent</strong></span> <span class='ocrx_word' id='word_1_276' title='bbox 817 2754 1041 2828; x_wconf 88' lang='lat' dir='ltr'><strong>(bonum</strong></span> <span class='ocrx_word' id='word_1_277' title='bbox 1061 2757 1259 2830; x_wconf 87' lang='lat' dir='ltr'><strong>quippe</strong></span> <span class='ocrx_word' id='word_1_278' title='bbox 1287 2759 1544 2816; x_wconf 88' lang='lat' dir='ltr'><strong>amissum</strong></span> <span class='ocrx_word' id='word_1_279' title='bbox 1567 2761 1695 2818; x_wconf 91' lang='lat' dir='ltr'><strong>dum</strong></span> <span class='ocrx_word' id='word_1_280' title='bbox 1717 2764 1997 2836; x_wconf 70' lang='lat' dir='ltr'><strong>quaeritur,</strong></span> <span class='ocrx_word' id='word_1_281' title='bbox 2024 2766 2146 2838; x_wconf 91' lang='lat' dir='ltr'><strong>plus</strong></span> 
     </span>
    </p>
   </div>
   <div class='ocr_carea' id='block_1_30' title="bbox 540 2844 2146 2925">
    <p class='ocr_par' dir='ltr' id='par_1_30' title="bbox 540 2844 2146 2925">
     <span class='ocr_line' id='line_1_30' title="bbox 540 2844 2146 2925; baseline 0.009 -25"><span class='ocrx_word' id='word_1_282' title='bbox 540 2844 802 2919; x_wconf 75' lang='lat' dir='ltr'><strong>amatur).</strong></span> <span class='ocrx_word' id='word_1_283' title='bbox 830 2861 930 2912; x_wconf 83' lang='lat' dir='ltr'><strong>Der</strong></span> <span class='ocrx_word' id='word_1_284' title='bbox 950 2862 1076 2904; x_wconf 84' lang='lat' dir='ltr'><strong>eum</strong></span> <span class='ocrx_word' id='word_1_285' title='bbox 1103 2848 1261 2905; x_wconf 79' lang='lat' dir='ltr'><strong>vobis</strong></span> <span class='ocrx_word' id='word_1_286' title='bbox 1286 2858 1345 2905; x_wconf 86' lang='lat' dir='ltr'><strong>et</strong></span> <span class='ocrx_word' id='word_1_287' title='bbox 1366 2851 1555 2907; x_wconf 80' lang='lat' dir='ltr'><strong>nostri</strong></span> <span class='ocrx_word' id='word_1_288' title='bbox 1587 2854 1834 2925; x_wconf 91' lang='lat' dir='ltr'><strong>auspicii,</strong></span> <span class='ocrx_word' id='word_1_289' title='bbox 1862 2864 1916 2912; x_wconf 90' lang='lat' dir='ltr'><strong>et</strong></span> <span class='ocrx_word' id='word_1_290' title='bbox 1954 2864 2146 2914; x_wconf 81' lang='lat' dir='ltr'><strong>vestrae</strong></span> 
     </span>
    </p>
   </div>
   <div class='ocr_carea' id='block_1_31' title="bbox 540 2938 2147 3018">
    <p class='ocr_par' dir='ltr' id='par_1_31' title="bbox 540 2938 2147 3018">
     <span class='ocr_line' id='line_1_31' title="bbox 540 2938 2147 3018; baseline 0.007 -23"><span class='ocrx_word' id='word_1_291' title='bbox 540 2938 845 3001; x_wconf 83' lang='lat' dir='ltr'><strong>securitatis</strong></span> <span class='ocrx_word' id='word_1_292' title='bbox 886 2947 1074 3010; x_wconf 86' lang='lat' dir='ltr'><strong>optata</strong></span> <span class='ocrx_word' id='word_1_293' title='bbox 1132 2950 1449 3014; x_wconf 86' lang='lat' dir='ltr'><strong>patuerunt.</strong></span> <span class='ocrx_word' id='word_1_294' title='bbox 1498 2942 1787 3017; x_wconf 87' lang='lat' dir='ltr'><strong>lntelligite</strong></span> <span class='ocrx_word' id='word_1_295' title='bbox 1839 2948 1985 3018; x_wconf 88' lang='lat' dir='ltr'><strong>quali</strong></span> <span class='ocrx_word' id='word_1_296' title='bbox 2044 2964 2147 3006; x_wconf 89' lang='lat' dir='ltr'><strong>nos</strong></span> 
     </span>
    </p>
   </div>
   <div class='ocr_carea' id='block_1_32' title="bbox 539 3030 2147 3110">
    <p class='ocr_par' dir='ltr' id='par_1_32' title="bbox 539 3030 2147 3110">
     <span class='ocr_line' id='line_1_32' title="bbox 539 3030 2147 3110; baseline 0.009 -26"><span class='ocrx_word' id='word_1_297' title='bbox 539 3030 798 3101; x_wconf 67' lang='lat' dir='ltr'><strong>aequitate</strong></span> <span class='ocrx_word' id='word_1_298' title='bbox 844 3033 1267 3105; x_wconf 86' lang='lat' dir='ltr'><strong>constringimus</strong></span> <span class='ocrx_word' id='word_1_299' title='bbox 1321 3035 1375 3091; x_wconf 91' lang='lat' dir='ltr'><strong>in</strong></span> <span class='ocrx_word' id='word_1_300' title='bbox 1426 3035 1653 3107; x_wconf 82' lang='lat' dir='ltr'><strong>futuris,</strong></span> <span class='ocrx_word' id='word_1_301' title='bbox 1713 3047 1769 3095; x_wconf 95' lang='lat' dir='ltr'><strong>ut</strong></span> <span class='ocrx_word' id='word_1_302' title='bbox 1823 3039 1939 3110; x_wconf 89' lang='lat' dir='ltr'><strong>ipse</strong></span> <span class='ocrx_word' id='word_1_303' title='bbox 1990 3041 2147 3099; x_wconf 88' lang='lat' dir='ltr'><strong>nobis</strong></span> 
     </span>
    </p>
   </div>
   <div class='ocr_carea' id='block_1_33' title="bbox 541 3122 2147 3205">
    <p class='ocr_par' dir='ltr' id='par_1_33' title="bbox 541 3122 2147 3205">
     <span class='ocr_line' id='line_1_33' title="bbox 541 3122 2147 3205; baseline 0.009 -27"><span class='ocrx_word' id='word_1_304' title='bbox 541 3122 721 3192; x_wconf 81' lang='lat' dir='ltr'><strong>legum</strong></span> <span class='ocrx_word' id='word_1_305' title='bbox 752 3123 905 3181; x_wconf 87' lang='lat' dir='ltr'><strong>ﬁeret</strong></span> <span class='ocrx_word' id='word_1_306' title='bbox 937 3140 1147 3199; x_wconf 87' lang='lat' dir='ltr'><strong>custos,</strong></span> <span class='ocrx_word' id='word_1_307' title='bbox 1171 3130 1266 3200; x_wconf 88' lang='lat' dir='ltr'><strong>qui</strong></span> <span class='ocrx_word' id='word_1_308' title='bbox 1290 3132 1675 3189; x_wconf 64' lang='lat' dir='ltr'><strong>conservandae</strong></span> <span class='ocrx_word' id='word_1_309' title='bbox 1697 3133 1922 3205; x_wconf 65' lang='lat' dir='ltr'><strong>justitiaa</strong></span> <span class='ocrx_word' id='word_1_310' title='bbox 1969 3135 2147 3194; x_wconf 79' lang='lat' dir='ltr'><strong>fuerat</strong></span> 
     </span>
    </p>
   </div>
   <div class='ocr_carea' id='block_1_34' title="bbox 530 3215 2219 3316">
    <p class='ocr_par' dir='ltr' id='par_1_34' title="bbox 530 3215 2219 3316">
     <span class='ocr_line' id='line_1_34' title="bbox 530 3215 2219 3316; baseline 0.009 -47"><span class='ocrx_word' id='word_1_311' title='bbox 530 3215 842 3316; x_wconf 69' lang='lat' dir='ltr'><strong>promissor</strong></span> <span class='ocrx_word' id='word_1_312' title='bbox 888 3217 1137 3316; x_wconf 65' lang='lat' dir='ltr'><strong>effectus.</strong></span> <span class='ocrx_word' id='word_1_313' title='bbox 1174 3219 1359 3277; x_wconf 77' lang='lat' dir='ltr'><strong>Adfuit</strong></span> <span class='ocrx_word' id='word_1_314' title='bbox 1401 3222 1670 3281; x_wconf 88' lang='lat' dir='ltr'><strong>mandatis</strong></span> <span class='ocrx_word' id='word_1_315' title='bbox 1706 3226 1976 3296; x_wconf 87' lang='lat' dir='ltr'><strong>regalibus</strong></span> <span class='ocrx_word' id='word_1_316' title='bbox 2011 3227 2140 3302; x_wconf 78' lang='lat' dir='ltr'><strong>(Hs.</strong></span> <span class='ocrx_word' id='word_1_317' title='bbox 2172 3252 2219 3316; x_wconf 71' lang='grc' dir='ltr'>ο</span> 
     </span>
    </p>
   </div>
   <div class='ocr_carea' id='block_1_35' title="bbox 542 3309 2146 3392">
    <p class='ocr_par' dir='ltr' id='par_1_35' title="bbox 542 3309 2146 3392">
     <span class='ocr_line' id='line_1_35' title="bbox 542 3309 2146 3392; baseline 0.009 -29"><span class='ocrx_word' id='word_1_318' title='bbox 542 3310 633 3377; x_wconf 81' lang='lat' dir='ltr'><strong>A.,</strong></span> <span class='ocrx_word' id='word_1_319' title='bbox 665 3309 946 3384; x_wconf 82' lang='lat' dir='ltr'><strong>legalibus]</strong></span> <span class='ocrx_word' id='word_1_320' title='bbox 967 3313 1231 3385; x_wconf 88' lang='lat' dir='ltr'><strong>eloquens</strong></span> <span class='ocrx_word' id='word_1_321' title='bbox 1252 3323 1314 3372; x_wconf 88' lang='lat' dir='ltr'><strong>et</strong></span> <span class='ocrx_word' id='word_1_322' title='bbox 1349 3316 1578 3374; x_wconf 91' lang='lat' dir='ltr'><strong>decorus</strong></span> <span class='ocrx_word' id='word_1_323' title='bbox 1618 3326 1879 3376; x_wconf 89' lang='lat' dir='ltr'><strong>ornator:</strong></span> <span class='ocrx_word' id='word_1_324' title='bbox 1909 3322 2146 3392; x_wconf 88' lang='lat' dir='ltr'><strong>permul-</strong></span> 
     </span>
    </p>
   </div>
   <div class='ocr_carea' id='block_1_36' title="bbox 540 3401 2146 3479">
    <p class='ocr_par' dir='ltr' id='par_1_36' title="bbox 540 3401 2146 3479">
     <span class='ocr_line' id='line_1_36' title="bbox 540 3401 2146 3479; baseline 0.009 -24"><span class='ocrx_word' id='word_1_325' title='bbox 540 3414 678 3456; x_wconf 85' lang='lat' dir='ltr'><strong>cens</strong></span> <span class='ocrx_word' id='word_1_326' title='bbox 703 3401 869 3457; x_wconf 88' lang='lat' dir='ltr'><strong>etiam</strong></span> <span class='ocrx_word' id='word_1_327' title='bbox 888 3402 1185 3475; x_wconf 88' lang='lat' dir='ltr'><strong>inspectus,</strong></span> <span class='ocrx_word' id='word_1_328' title='bbox 1216 3422 1354 3478; x_wconf 90' lang='lat' dir='ltr'><strong>quos</strong></span> <span class='ocrx_word' id='word_1_329' title='bbox 1374 3409 1711 3479; x_wconf 86' lang='lat' dir='ltr'><strong>gratissimos</strong></span> <span class='ocrx_word' id='word_1_330' title='bbox 1746 3410 2008 3468; x_wconf 88' lang='lat' dir='ltr'><strong>reddebat</strong></span> <span class='ocrx_word' id='word_1_331' title='bbox 2049 3428 2146 3469; x_wconf 85' lang='lat' dir='ltr'><strong>au-</strong></span> 
     </span>
    </p>
   </div>
   <div class='ocr_carea' id='block_1_37' title="bbox 543 3491 2145 3575">
    <p class='ocr_par' dir='ltr' id='par_1_37' title="bbox 543 3491 2145 3575">
     <span class='ocr_line' id='line_1_37' title="bbox 543 3491 2145 3575; baseline 0.008 -26"><span class='ocrx_word' id='word_1_332' title='bbox 543 3491 711 3549; x_wconf 83' lang='lat' dir='ltr'><strong>ditus.</strong></span> <span class='ocrx_word' id='word_1_333' title='bbox 734 3492 892 3551; x_wconf 89' lang='lat' dir='ltr'><strong>Tales</strong></span> <span class='ocrx_word' id='word_1_334' title='bbox 913 3498 1057 3553; x_wconf 89' lang='lat' dir='ltr'><strong>enim</strong></span> <span class='ocrx_word' id='word_1_335' title='bbox 1077 3498 1237 3556; x_wconf 87' lang='lat' dir='ltr'><strong>decet</strong></span> <span class='ocrx_word' id='word_1_336' title='bbox 1262 3515 1382 3557; x_wconf 88' lang='lat' dir='ltr'><strong>esse</strong></span> <span class='ocrx_word' id='word_1_337' title='bbox 1408 3501 1611 3559; x_wconf 88' lang='lat' dir='ltr'><strong>aulicos</strong></span> <span class='ocrx_word' id='word_1_338' title='bbox 1637 3503 1807 3575; x_wconf 89' lang='lat' dir='ltr'><strong>viros,</strong></span> <span class='ocrx_word' id='word_1_339' title='bbox 1842 3513 1901 3560; x_wconf 90' lang='lat' dir='ltr'><strong>ut</strong></span> <span class='ocrx_word' id='word_1_340' title='bbox 1940 3514 2145 3563; x_wconf 73' lang='lat' dir='ltr'><strong>naturae</strong></span> 
     </span>
    </p>
   </div>
   <div class='ocr_carea' id='block_1_38' title="bbox 542 3583 2147 3668">
    <p class='ocr_par' dir='ltr' id='par_1_38' title="bbox 542 3583 2147 3668">
     <span class='ocr_line' id='line_1_38' title="bbox 542 3583 2147 3668; baseline 0.009 -28"><span class='ocrx_word' id='word_1_341' title='bbox 542 3583 692 3642; x_wconf 81' lang='lat' dir='ltr'><strong>bona</strong></span> <span class='ocrx_word' id='word_1_342' title='bbox 716 3586 917 3645; x_wconf 89' lang='lat' dir='ltr'><strong>indicio</strong></span> <span class='ocrx_word' id='word_1_343' title='bbox 940 3587 1134 3648; x_wconf 81' lang='lat' dir='ltr'><strong>frontis</strong></span> <span class='ocrx_word' id='word_1_344' title='bbox 1162 3591 1428 3664; x_wconf 86' lang='lat' dir='ltr'><strong>aperiant,</strong></span> <span class='ocrx_word' id='word_1_345' title='bbox 1478 3603 1535 3651; x_wconf 89' lang='lat' dir='ltr'><strong>et</strong></span> <span class='ocrx_word' id='word_1_346' title='bbox 1578 3596 1788 3667; x_wconf 89' lang='lat' dir='ltr'><strong>possint</strong></span> <span class='ocrx_word' id='word_1_347' title='bbox 1828 3598 2046 3668; x_wconf 89' lang='lat' dir='ltr'><strong>agnosci</strong></span> <span class='ocrx_word' id='word_1_348' title='bbox 2076 3598 2147 3656; x_wconf 87' lang='lat' dir='ltr'><strong>de</strong></span> 
     </span>
    </p>
   </div>
   <div class='ocr_carea' id='block_1_39' title="bbox 542 3678 2145 3762">
    <p class='ocr_par' dir='ltr' id='par_1_39' title="bbox 542 3678 2145 3762">
     <span class='ocr_line' id='line_1_39' title="bbox 542 3678 2145 3762; baseline 0.01 -29"><span class='ocrx_word' id='word_1_349' title='bbox 542 3678 811 3746; x_wconf 73' lang='lat' dir='ltr'><strong>moribus,</strong></span> <span class='ocrx_word' id='word_1_350' title='bbox 856 3694 983 3737; x_wconf 90' lang='lat' dir='ltr'><strong>cum</strong></span> <span class='ocrx_word' id='word_1_351' title='bbox 1036 3682 1309 3741; x_wconf 79' lang='lat' dir='ltr'><strong>videntur.</strong></span> <span class='ocrx_word' id='word_1_352' title='bbox 1364 3684 1574 3744; x_wconf 89' lang='lat' dir='ltr'><strong>Tacens</strong></span> <span class='ocrx_word' id='word_1_353' title='bbox 1630 3688 1774 3745; x_wconf 92' lang='lat' dir='ltr'><strong>enim</strong></span> <span class='ocrx_word' id='word_1_354' title='bbox 1824 3689 2145 3762; x_wconf 88' lang='lat' dir='ltr'><strong>plerumque</strong></span> 
     </span>
    </p>
   </div>
   <div class='ocr_carea' id='block_1_40' title="bbox 538 3770 2141 3855">
    <p class='ocr_par' dir='ltr' id='par_1_40' title="bbox 538 3770 2141 3855">
     <span class='ocr_line' id='line_1_40' title="bbox 538 3770 2141 3855; baseline 0.009 -28"><span class='ocrx_word' id='word_1_355' title='bbox 538 3770 893 3844; x_wconf 78' lang='lat' dir='ltr'><strong>despicabilis</strong></span> <span class='ocrx_word' id='word_1_356' title='bbox 936 3782 1041 3848; x_wconf 84' lang='lat' dir='ltr'><strong>est,</strong></span> <span class='ocrx_word' id='word_1_357' title='bbox 1091 3777 1138 3834; x_wconf 87' lang='lat' dir='ltr'><strong>si</strong></span> <span class='ocrx_word' id='word_1_358' title='bbox 1192 3793 1316 3835; x_wconf 91' lang='lat' dir='ltr'><strong>eum</strong></span> <span class='ocrx_word' id='word_1_359' title='bbox 1357 3788 1571 3838; x_wconf 88' lang='lat' dir='ltr'><strong>tantum</strong></span> <span class='ocrx_word' id='word_1_360' title='bbox 1626 3782 1807 3855; x_wconf 88' lang='lat' dir='ltr'><strong>lingua</strong></span> <span class='ocrx_word' id='word_1_361' title='bbox 1855 3784 2141 3842; x_wconf 88' lang='lat' dir='ltr'><strong>nobilitat:</strong></span> 
     </span>
    </p>
   </div>
   <div class='ocr_carea' id='block_1_41' title="bbox 540 3871 2142 3948">
    <p class='ocr_par' dir='ltr' id='par_1_41' title="bbox 540 3871 2142 3948">
     <span class='ocr_line' id='line_1_41' title="bbox 540 3871 2142 3948; baseline 0.008 -25"><span class='ocrx_word' id='word_1_362' title='bbox 540 3882 762 3941; x_wconf 81' lang='lat' dir='ltr'><strong>semper</strong></span> <span class='ocrx_word' id='word_1_363' title='bbox 787 3877 969 3927; x_wconf 88' lang='lat' dir='ltr'><strong>autem</strong></span> <span class='ocrx_word' id='word_1_364' title='bbox 1010 3871 1067 3928; x_wconf 91' lang='lat' dir='ltr'><strong>in</strong></span> <span class='ocrx_word' id='word_1_365' title='bbox 1108 3872 1319 3930; x_wconf 87' lang='lat' dir='ltr'><strong>honore</strong></span> <span class='ocrx_word' id='word_1_366' title='bbox 1350 3882 1552 3943; x_wconf 90' lang='lat' dir='ltr'><strong>manet,</strong></span> <span class='ocrx_word' id='word_1_367' title='bbox 1600 3878 1647 3933; x_wconf 89' lang='lat' dir='ltr'><strong>si</strong></span> <span class='ocrx_word' id='word_1_368' title='bbox 1687 3875 1840 3948; x_wconf 88' lang='lat' dir='ltr'><strong>cujus</strong></span> <span class='ocrx_word' id='word_1_369' title='bbox 1878 3887 1963 3935; x_wconf 89' lang='lat' dir='ltr'><strong>est</strong></span> <span class='ocrx_word' id='word_1_370' title='bbox 1993 3887 2142 3936; x_wconf 87' lang='lat' dir='ltr'><strong>tran-</strong></span> 
     </span>
    </p>
   </div>
   <div class='ocr_carea' id='block_1_42' title="bbox 542 3961 2144 4038">
    <p class='ocr_par' dir='ltr' id='par_1_42' title="bbox 542 3961 2144 4038">
     <span class='ocr_line' id='line_1_42' title="bbox 542 3961 2144 4038; baseline 0.007 -22"><span class='ocrx_word' id='word_1_371' title='bbox 542 3961 745 4031; x_wconf 88' lang='lat' dir='ltr'><strong>quillus</strong></span> <span class='ocrx_word' id='word_1_372' title='bbox 785 3961 1017 4031; x_wconf 88' lang='lat' dir='ltr'><strong>animus,</strong></span> <span class='ocrx_word' id='word_1_373' title='bbox 1046 3978 1174 4021; x_wconf 90' lang='lat' dir='ltr'><strong>eum</strong></span> <span class='ocrx_word' id='word_1_374' title='bbox 1199 3978 1417 4038; x_wconf 90' lang='lat' dir='ltr'><strong>quoque</strong></span> <span class='ocrx_word' id='word_1_375' title='bbox 1459 3967 1835 4026; x_wconf 88' lang='lat' dir='ltr'><strong>serenissimus</strong></span> <span class='ocrx_word' id='word_1_376' title='bbox 1864 3984 2144 4027; x_wconf 85' lang='lat' dir='ltr'><strong>commen-</strong></span> 
     </span>
    </p>
   </div>
   <div class='ocr_carea' id='block_1_43' title="bbox 539 4052 2143 4134">
    <p class='ocr_par' dir='ltr' id='par_1_43' title="bbox 539 4052 2143 4134">
     <span class='ocr_line' id='line_1_43' title="bbox 539 4052 2143 4134; baseline 0.009 -25"><span class='ocrx_word' id='word_1_377' title='bbox 539 4052 637 4111; x_wconf 89' lang='lat' dir='ltr'><strong>det</strong></span> <span class='ocrx_word' id='word_1_378' title='bbox 663 4062 933 4126; x_wconf 86' lang='lat' dir='ltr'><strong>aspectus.</strong></span> <span class='ocrx_word' id='word_1_379' title='bbox 961 4054 1079 4114; x_wconf 80' lang='lat' dir='ltr'><strong>Hoc</strong></span> <span class='ocrx_word' id='word_1_380' title='bbox 1097 4056 1332 4129; x_wconf 89' lang='lat' dir='ltr'><strong>denique</strong></span> <span class='ocrx_word' id='word_1_381' title='bbox 1351 4057 1497 4117; x_wconf 88' lang='lat' dir='ltr'><strong>facto</strong></span> <span class='ocrx_word' id='word_1_382' title='bbox 1521 4066 1782 4118; x_wconf 85' lang='lat' dir='ltr'><strong>testamur</strong></span> <span class='ocrx_word' id='word_1_383' title='bbox 1807 4063 2018 4134; x_wconf 88' lang='lat' dir='ltr'><strong>c0piam</strong></span> <span class='ocrx_word' id='word_1_384' title='bbox 2040 4079 2143 4124; x_wconf 90' lang='lat' dir='ltr'><strong>nos</strong></span> 
     </span>
    </p>
   </div>
   <div class='ocr_carea' id='block_1_44' title="bbox 543 4146 2142 4227">
    <p class='ocr_par' dir='ltr' id='par_1_44' title="bbox 543 4146 2142 4227">
     <span class='ocr_line' id='line_1_44' title="bbox 543 4146 2142 4227; baseline 0.007 -24"><span class='ocrx_word' id='word_1_385' title='bbox 543 4146 749 4204; x_wconf 81' lang='lat' dir='ltr'><strong>habere</strong></span> <span class='ocrx_word' id='word_1_386' title='bbox 792 4148 1157 4219; x_wconf 88' lang='lat' dir='ltr'><strong>prudentium,</strong></span> <span class='ocrx_word' id='word_1_387' title='bbox 1207 4152 1424 4223; x_wconf 89' lang='lat' dir='ltr'><strong>quando</strong></span> <span class='ocrx_word' id='word_1_388' title='bbox 1481 4153 1603 4210; x_wconf 90' lang='lat' dir='ltr'><strong>talis</strong></span> <span class='ocrx_word' id='word_1_389' title='bbox 1652 4154 1888 4226; x_wconf 81' lang='lat' dir='ltr'><strong>eligitur,</strong></span> <span class='ocrx_word' id='word_1_390' title='bbox 1931 4154 2025 4227; x_wconf 88' lang='lat' dir='ltr'><strong>qui</strong></span> <span class='ocrx_word' id='word_1_391' title='bbox 2072 4173 2142 4214; x_wconf 85' lang='lat' dir='ltr'><strong>ex</strong></span> 
     </span>
    </p>
   </div>
   <div class='ocr_carea' id='block_1_45' title="bbox 544 4242 2141 4318">
    <p class='ocr_par' dir='ltr' id='par_1_45' title="bbox 544 4242 2141 4318">
     <span class='ocr_line' id='line_1_45' title="bbox 544 4242 2141 4318; baseline 0.008 -24"><span class='ocrx_word' id='word_1_392' title='bbox 544 4248 777 4311; x_wconf 88' lang='lat' dir='ltr'><strong>utraque</strong></span> <span class='ocrx_word' id='word_1_393' title='bbox 812 4249 967 4314; x_wconf 87' lang='lat' dir='ltr'><strong>parte</strong></span> <span class='ocrx_word' id='word_1_394' title='bbox 1005 4243 1273 4300; x_wconf 88' lang='lat' dir='ltr'><strong>laudetur.</strong></span> <span class='ocrx_word' id='word_1_395' title='bbox 1314 4242 1651 4318; x_wconf 73' lang='lat' dir='ltr'><strong>Eloquentize</strong></span> <span class='ocrx_word' id='word_1_396' title='bbox 1679 4262 1810 4303; x_wconf 90' lang='lat' dir='ltr'><strong>vero</strong></span> <span class='ocrx_word' id='word_1_397' title='bbox 1848 4248 1991 4304; x_wconf 88' lang='lat' dir='ltr'><strong>bona</strong></span> <span class='ocrx_word' id='word_1_398' title='bbox 2021 4249 2141 4306; x_wconf 87' lang='lat' dir='ltr'><strong>ine-</strong></span> 
     </span>
    </p>
   </div>
   <div class='ocr_carea' id='block_1_46' title="bbox 544 4333 2141 4411">
    <p class='ocr_par' dir='ltr' id='par_1_46' title="bbox 544 4333 2141 4411">
     <span class='ocr_line' id='line_1_46' title="bbox 544 4333 2141 4411; baseline 0.008 -26"><span class='ocrx_word' id='word_1_399' title='bbox 544 4340 700 4401; x_wconf 86' lang='lat' dir='ltr'><strong>ptum</strong></span> <span class='ocrx_word' id='word_1_400' title='bbox 728 4340 813 4388; x_wconf 88' lang='lat' dir='ltr'><strong>est</strong></span> <span class='ocrx_word' id='word_1_401' title='bbox 838 4333 896 4388; x_wconf 87' lang='lat' dir='ltr'><strong>in</strong></span> <span class='ocrx_word' id='word_1_402' title='bbox 914 4340 1183 4405; x_wconf 66' lang='lat' dir='ltr'><strong>qumstore</strong></span> <span class='ocrx_word' id='word_1_403' title='bbox 1210 4335 1523 4406; x_wconf 62' lang='lat' dir='ltr'><strong>praedicare,</strong></span> <span class='ocrx_word' id='word_1_404' title='bbox 1547 4352 1670 4393; x_wconf 92' lang='lat' dir='ltr'><strong>cum</strong></span> <span class='ocrx_word' id='word_1_405' title='bbox 1697 4337 1766 4393; x_wconf 90' lang='lat' dir='ltr'><strong>ad</strong></span> <span class='ocrx_word' id='word_1_406' title='bbox 1795 4337 1902 4394; x_wconf 91' lang='lat' dir='ltr'><strong>hoc</strong></span> <span class='ocrx_word' id='word_1_407' title='bbox 1930 4340 2141 4411; x_wconf 86' lang='lat' dir='ltr'><strong>specia-</strong></span> 
     </span>
    </p>
   </div>
   <div class='ocr_carea' id='block_1_47' title="bbox 543 4424 2144 4503">
    <p class='ocr_par' dir='ltr' id='par_1_47' title="bbox 543 4424 2144 4503">
     <span class='ocr_line' id='line_1_47' title="bbox 543 4424 2144 4503; baseline 0.006 -23"><span class='ocrx_word' id='word_1_408' title='bbox 543 4424 671 4481; x_wconf 86' lang='lat' dir='ltr'><strong>liter</strong></span> <span class='ocrx_word' id='word_1_409' title='bbox 689 4426 949 4497; x_wconf 89' lang='lat' dir='ltr'><strong>probetur</strong></span> <span class='ocrx_word' id='word_1_410' title='bbox 975 4426 1232 4499; x_wconf 87' lang='lat' dir='ltr'><strong>adscitus,</strong></span> <span class='ocrx_word' id='word_1_411' title='bbox 1255 4437 1315 4484; x_wconf 92' lang='lat' dir='ltr'><strong>ut</strong></span> <span class='ocrx_word' id='word_1_412' title='bbox 1329 4429 1641 4501; x_wconf 87' lang='lat' dir='ltr'><strong>opinionem</strong></span> <span class='ocrx_word' id='word_1_413' title='bbox 1661 4437 1970 4503; x_wconf 88' lang='lat' dir='ltr'><strong>temporum</strong></span> <span class='ocrx_word' id='word_1_414' title='bbox 1998 4448 2144 4491; x_wconf 89' lang='lat' dir='ltr'><strong>com-</strong></span> 
     </span>
    </p>
   </div>
   <div class='ocr_carea' id='block_1_48' title="bbox 543 4517 2141 4594">
    <p class='ocr_par' dir='ltr' id='par_1_48' title="bbox 543 4517 2141 4594">
     <span class='ocr_line' id='line_1_48' title="bbox 543 4517 2141 4594; baseline 0.003 -19"><span class='ocrx_word' id='word_1_415' title='bbox 543 4517 764 4575; x_wconf 86' lang='lat' dir='ltr'><strong>mendet</strong></span> <span class='ocrx_word' id='word_1_416' title='bbox 814 4519 1076 4590; x_wconf 79' lang='lat' dir='ltr'><strong>qualitate</strong></span> <span class='ocrx_word' id='word_1_417' title='bbox 1126 4520 1416 4579; x_wconf 86' lang='lat' dir='ltr'><strong>dictorum.</strong></span> <span class='ocrx_word' id='word_1_418' title='bbox 1477 4521 1612 4580; x_wconf 79' lang='lat' dir='ltr'><strong>Aliis</strong></span> <span class='ocrx_word' id='word_1_419' title='bbox 1671 4523 1812 4579; x_wconf 89' lang='lat' dir='ltr'><strong>enim</strong></span> <span class='ocrx_word' id='word_1_420' title='bbox 1866 4522 2141 4594; x_wconf 87' lang='lat' dir='ltr'><strong>judicibus</strong></span> 
     </span>
    </p>
   </div>
   <div class='ocr_carea' id='block_1_49' title="bbox 2244 2100 3832 2172">
    <p class='ocr_par' dir='ltr' id='par_1_49' title="bbox 2244 2100 3832 2172">
     <span class='ocr_line' id='line_1_49' title="bbox 2244 2100 3832 2172; baseline -0.002 -14"><span class='ocrx_word' id='word_1_421' title='bbox 2244 2102 2326 2159; x_wconf 87' lang='lat' dir='ltr'><strong>nis</strong></span> <span class='ocrx_word' id='word_1_422' title='bbox 2350 2102 2719 2160; x_wconf 89' lang='lat' dir='ltr'><strong>sacerdotibus</strong></span> <span class='ocrx_word' id='word_1_423' title='bbox 2750 2101 3113 2159; x_wconf 88' lang='lat' dir='ltr'><strong>Ecclesiarum</strong></span> <span class='ocrx_word' id='word_1_424' title='bbox 3157 2102 3397 2159; x_wconf 87' lang='lat' dir='ltr'><strong>omnium</strong></span> <span class='ocrx_word' id='word_1_425' title='bbox 3424 2102 3618 2172; x_wconf 89' lang='lat' dir='ltr'><strong>religio</strong></span> <span class='ocrx_word' id='word_1_426' title='bbox 3664 2100 3832 2172; x_wconf 78' lang='lat' dir='ltr'><strong>pullu-</strong></span> 
     </span>
    </p>
   </div>
   <div class='ocr_carea' id='block_1_50' title="bbox 2246 2196 3832 2271">
    <p class='ocr_par' dir='ltr' id='par_1_50' title="bbox 2246 2196 3832 2271">
     <span class='ocr_line' id='line_1_50' title="bbox 2246 2196 3832 2271; baseline -0.001 -17"><span class='ocrx_word' id='word_1_427' title='bbox 2246 2197 2405 2254; x_wconf 84' lang='lat' dir='ltr'><strong>laret.</strong></span> <span class='ocrx_word' id='word_1_428' title='bbox 2440 2196 2742 2271; x_wconf 80' lang='lat' dir='ltr'><strong>Recepistis</strong></span> <span class='ocrx_word' id='word_1_429' title='bbox 2771 2198 2953 2269; x_wconf 89' lang='lat' dir='ltr'><strong>itaque</strong></span> <span class='ocrx_word' id='word_1_430' title='bbox 2980 2198 3182 2265; x_wconf 91' lang='lat' dir='ltr'><strong>virum,</strong></span> <span class='ocrx_word' id='word_1_431' title='bbox 3215 2206 3273 2255; x_wconf 88' lang='lat' dir='ltr'><strong>et</strong></span> <span class='ocrx_word' id='word_1_432' title='bbox 3304 2197 3484 2254; x_wconf 89' lang='lat' dir='ltr'><strong>divina</strong></span> <span class='ocrx_word' id='word_1_433' title='bbox 3511 2197 3691 2268; x_wconf 86' lang='lat' dir='ltr'><strong>gratia</strong></span> <span class='ocrx_word' id='word_1_434' title='bbox 3716 2210 3832 2267; x_wconf 90' lang='lat' dir='ltr'><strong>pro-</strong></span> 
     </span>
    </p>
   </div>
   <div class='ocr_carea' id='block_1_51' title="bbox 2244 2286 3829 2363">
    <p class='ocr_par' dir='ltr' id='par_1_51' title="bbox 2244 2286 3829 2363">
     <span class='ocr_line' id='line_1_51' title="bbox 2244 2286 3829 2363; baseline -0.001 -19"><span class='ocrx_word' id='word_1_435' title='bbox 2244 2288 2493 2346; x_wconf 87' lang='lat' dir='ltr'><strong>babiliter</strong></span> <span class='ocrx_word' id='word_1_436' title='bbox 2517 2289 2842 2357; x_wconf 88' lang='lat' dir='ltr'><strong>institutum,</strong></span> <span class='ocrx_word' id='word_1_437' title='bbox 2863 2297 2918 2346; x_wconf 88' lang='lat' dir='ltr'><strong>et</strong></span> <span class='ocrx_word' id='word_1_438' title='bbox 2935 2289 3102 2363; x_wconf 87' lang='lat' dir='ltr'><strong>regali</strong></span> <span class='ocrx_word' id='word_1_439' title='bbox 3122 2286 3522 2347; x_wconf 80' lang='lat' dir='ltr'><strong>examinatione</strong></span> <span class='ocrx_word' id='word_1_440' title='bbox 3536 2287 3829 2344; x_wconf 85' lang='lat' dir='ltr'><strong>laudatum.</strong></span> 
     </span>
    </p>
   </div>
   <div class='ocr_carea' id='block_1_52' title="bbox 2244 2378 3834 2454">
    <p class='ocr_par' dir='ltr' id='par_1_52' title="bbox 2244 2378 3834 2454">
     <span class='ocr_line' id='line_1_52' title="bbox 2244 2378 3834 2454; baseline -0.001 -19"><span class='ocrx_word' id='word_1_441' title='bbox 2244 2378 2431 2437; x_wconf 80' lang='lat' dir='ltr'><strong>Nullus</strong></span> <span class='ocrx_word' id='word_1_442' title='bbox 2478 2381 2656 2439; x_wconf 89' lang='lat' dir='ltr'><strong>adhuc</strong></span> <span class='ocrx_word' id='word_1_443' title='bbox 2694 2382 2921 2454; x_wconf 90' lang='lat' dir='ltr'><strong>pristina</strong></span> <span class='ocrx_word' id='word_1_444' title='bbox 2965 2382 3317 2439; x_wconf 86' lang='lat' dir='ltr'><strong>contentione</strong></span> <span class='ocrx_word' id='word_1_445' title='bbox 3356 2387 3631 2438; x_wconf 84' lang='lat' dir='ltr'><strong>teneatur.</strong></span> <span class='ocrx_word' id='word_1_446' title='bbox 3663 2378 3834 2434; x_wconf 78' lang='lat' dir='ltr'><strong>Pudo-</strong></span> 
     </span>
    </p>
   </div>
   <div class='ocr_carea' id='block_1_53' title="bbox 2242 2471 3836 2547">
    <p class='ocr_par' dir='ltr' id='par_1_53' title="bbox 2242 2471 3836 2547">
     <span class='ocr_line' id='line_1_53' title="bbox 2242 2471 3836 2547; baseline -0.001 -16"><span class='ocrx_word' id='word_1_447' title='bbox 2242 2488 2361 2531; x_wconf 85' lang='lat' dir='ltr'><strong>rem</strong></span> <span class='ocrx_word' id='word_1_448' title='bbox 2386 2490 2495 2531; x_wconf 89' lang='lat' dir='ltr'><strong>non</strong></span> <span class='ocrx_word' id='word_1_449' title='bbox 2520 2472 2685 2531; x_wconf 86' lang='lat' dir='ltr'><strong>habet</strong></span> <span class='ocrx_word' id='word_1_450' title='bbox 2708 2475 2855 2546; x_wconf 87' lang='lat' dir='ltr'><strong>victi,</strong></span> <span class='ocrx_word' id='word_1_451' title='bbox 2876 2475 3029 2547; x_wconf 87' lang='lat' dir='ltr'><strong>cujus</strong></span> <span class='ocrx_word' id='word_1_452' title='bbox 3050 2484 3237 2533; x_wconf 89' lang='lat' dir='ltr'><strong>votum</strong></span> <span class='ocrx_word' id='word_1_453' title='bbox 3256 2473 3522 2544; x_wconf 88' lang='lat' dir='ltr'><strong>contingit</strong></span> <span class='ocrx_word' id='word_1_454' title='bbox 3548 2488 3585 2529; x_wconf 89' lang='lat' dir='ltr'><strong>a</strong></span> <span class='ocrx_word' id='word_1_455' title='bbox 3602 2471 3836 2545; x_wconf 83' lang='lat' dir='ltr'><strong>principe</strong></span> 
     </span>
    </p>
   </div>
   <div class='ocr_carea' id='block_1_54' title="bbox 2244 2562 3832 2636">
    <p class='ocr_par' dir='ltr' id='par_1_54' title="bbox 2244 2562 3832 2636">
     <span class='ocr_line' id='line_1_54' title="bbox 2244 2562 3832 2636; baseline -0.002 -16"><span class='ocrx_word' id='word_1_456' title='bbox 2244 2564 2509 2634; x_wconf 88' lang='lat' dir='ltr'><strong>superari.</strong></span> <span class='ocrx_word' id='word_1_457' title='bbox 2559 2563 2654 2623; x_wconf 91' lang='lat' dir='ltr'><strong>llle</strong></span> <span class='ocrx_word' id='word_1_458' title='bbox 2699 2565 2940 2636; x_wconf 91' lang='lat' dir='ltr'><strong>quinimo</strong></span> <span class='ocrx_word' id='word_1_459' title='bbox 2985 2582 3141 2623; x_wconf 91' lang='lat' dir='ltr'><strong>suum</strong></span> <span class='ocrx_word' id='word_1_460' title='bbox 3203 2563 3386 2632; x_wconf 74' lang='lat' dir='ltr'><strong>efﬁcit,</strong></span> <span class='ocrx_word' id='word_1_461' title='bbox 3431 2564 3525 2634; x_wconf 89' lang='lat' dir='ltr'><strong>qui</strong></span> <span class='ocrx_word' id='word_1_462' title='bbox 3571 2577 3700 2619; x_wconf 89' lang='lat' dir='ltr'><strong>eum</strong></span> <span class='ocrx_word' id='word_1_463' title='bbox 3742 2562 3832 2618; x_wconf 87' lang='lat' dir='ltr'><strong>sub</strong></span> 
     </span>
    </p>
   </div>
   <div class='ocr_carea' id='block_1_55' title="bbox 2245 2655 3835 2730">
    <p class='ocr_par' dir='ltr' id='par_1_55' title="bbox 2245 2655 3835 2730">
     <span class='ocr_line' id='line_1_55' title="bbox 2245 2655 3835 2730; baseline 0 -19"><span class='ocrx_word' id='word_1_464' title='bbox 2245 2655 2480 2728; x_wconf 88' lang='lat' dir='ltr'><strong>puritate</strong></span> <span class='ocrx_word' id='word_1_465' title='bbox 2509 2656 2776 2714; x_wconf 83' lang='lat' dir='ltr'><strong>dilexerit.</strong></span> <span class='ocrx_word' id='word_1_466' title='bbox 2800 2658 2935 2714; x_wconf 90' lang='lat' dir='ltr'><strong>Nam</strong></span> <span class='ocrx_word' id='word_1_467' title='bbox 2954 2674 3074 2730; x_wconf 68' lang='lat' dir='ltr'><strong>quae</strong></span> <span class='ocrx_word' id='word_1_468' title='bbox 3092 2658 3163 2715; x_wconf 89' lang='lat' dir='ltr'><strong>sit</strong></span> <span class='ocrx_word' id='word_1_469' title='bbox 3187 2674 3350 2715; x_wconf 67' lang='lat' dir='ltr'><strong>causa</strong></span> <span class='ocrx_word' id='word_1_470' title='bbox 3374 2656 3606 2727; x_wconf 88' lang='lat' dir='ltr'><strong>doloris,</strong></span> <span class='ocrx_word' id='word_1_471' title='bbox 3628 2656 3835 2728; x_wconf 90' lang='lat' dir='ltr'><strong>quando</strong></span> 
     </span>
    </p>
   </div>
   <div class='ocr_carea' id='block_1_56' title="bbox 2245 2746 3833 2824">
    <p class='ocr_par' dir='ltr' id='par_1_56' title="bbox 2245 2746 3833 2824">
     <span class='ocr_line' id='line_1_56' title="bbox 2245 2746 3833 2824; baseline -0.004 -16"><span class='ocrx_word' id='word_1_472' title='bbox 2245 2750 2353 2808; x_wconf 90' lang='lat' dir='ltr'><strong>hoc</strong></span> <span class='ocrx_word' id='word_1_473' title='bbox 2376 2760 2433 2807; x_wconf 89' lang='lat' dir='ltr'><strong>et</strong></span> <span class='ocrx_word' id='word_1_474' title='bbox 2460 2752 2516 2807; x_wconf 89' lang='lat' dir='ltr'><strong>in</strong></span> <span class='ocrx_word' id='word_1_475' title='bbox 2538 2752 2643 2808; x_wconf 89' lang='lat' dir='ltr'><strong>isto</strong></span> <span class='ocrx_word' id='word_1_476' title='bbox 2672 2752 2897 2823; x_wconf 86' lang='lat' dir='ltr'><strong>reperit,</strong></span> <span class='ocrx_word' id='word_1_477' title='bbox 2928 2751 3072 2824; x_wconf 92' lang='lat' dir='ltr'><strong>quod</strong></span> <span class='ocrx_word' id='word_1_478' title='bbox 3100 2750 3257 2807; x_wconf 89' lang='lat' dir='ltr'><strong>alteri</strong></span> <span class='ocrx_word' id='word_1_479' title='bbox 3302 2750 3359 2805; x_wconf 91' lang='lat' dir='ltr'><strong>in</strong></span> <span class='ocrx_word' id='word_1_480' title='bbox 3395 2758 3610 2821; x_wconf 89' lang='lat' dir='ltr'><strong>partem</strong></span> <span class='ocrx_word' id='word_1_481' title='bbox 3651 2746 3833 2803; x_wconf 86' lang='lat' dir='ltr'><strong>ductus</strong></span> 
     </span>
    </p>
   </div>
   <div class='ocr_carea' id='block_1_57' title="bbox 2247 2843 3831 2921">
    <p class='ocr_par' dir='ltr' id='par_1_57' title="bbox 2247 2843 3831 2921">
     <span class='ocr_line' id='line_1_57' title="bbox 2247 2843 3831 2921; baseline -0.003 -17"><span class='ocrx_word' id='word_1_482' title='bbox 2247 2847 2549 2919; x_wconf 86' lang='lat' dir='ltr'><strong>optaverit?</strong></span> <span class='ocrx_word' id='word_1_483' title='bbox 2577 2846 2761 2903; x_wconf 90' lang='lat' dir='ltr'><strong>Civica</strong></span> <span class='ocrx_word' id='word_1_484' title='bbox 2792 2844 2941 2921; x_wconf 82' lang='lat' dir='ltr'><strong>[Ed.,</strong></span> <span class='ocrx_word' id='word_1_485' title='bbox 2972 2845 3175 2919; x_wconf 89' lang='lat' dir='ltr'><strong>crinca]</strong></span> <span class='ocrx_word' id='word_1_486' title='bbox 3206 2854 3335 2903; x_wconf 88' lang='lat' dir='ltr'><strong>sunt</strong></span> <span class='ocrx_word' id='word_1_487' title='bbox 3374 2847 3478 2902; x_wconf 88' lang='lat' dir='ltr'><strong>ista</strong></span> <span class='ocrx_word' id='word_1_488' title='bbox 3517 2843 3831 2910; x_wconf 80' lang='lat' dir='ltr'><strong>certamina,</strong></span> 
     </span>
    </p>
   </div>
   <div class='ocr_carea' id='block_1_58' title="bbox 2246 2940 3835 3025">
    <p class='ocr_par' dir='ltr' id='par_1_58' title="bbox 2246 2940 3835 3025">
     <span class='ocr_line' id='line_1_58' title="bbox 2246 2940 3835 3025; baseline 0 -30"><span class='ocrx_word' id='word_1_489' title='bbox 2246 2954 2425 3012; x_wconf 83' lang='lat' dir='ltr'><strong>pugna</strong></span> <span class='ocrx_word' id='word_1_490' title='bbox 2462 2941 2578 3025; x_wconf 71' lang='lat' dir='ltr'><strong>sine</strong></span> <span class='ocrx_word' id='word_1_491' title='bbox 2619 2940 2786 3012; x_wconf 89' lang='lat' dir='ltr'><strong>ferro,</strong></span> <span class='ocrx_word' id='word_1_492' title='bbox 2816 2941 2932 2996; x_wconf 86' lang='lat' dir='ltr'><strong>rixa</strong></span> <span class='ocrx_word' id='word_1_493' title='bbox 2971 2941 3089 3021; x_wconf 91' lang='lat' dir='ltr'><strong>sine</strong></span> <span class='ocrx_word' id='word_1_494' title='bbox 3137 2941 3304 3010; x_wconf 90' lang='lat' dir='ltr'><strong>odio;</strong></span> <span class='ocrx_word' id='word_1_495' title='bbox 3351 2941 3705 3008; x_wconf 84' lang='lat' dir='ltr'><strong>clamoribus,</strong></span> <span class='ocrx_word' id='word_1_496' title='bbox 3735 2954 3835 2996; x_wconf 90' lang='lat' dir='ltr'><strong>non</strong></span> 
     </span>
    </p>
   </div>
   <div class='ocr_carea' id='block_1_59' title="bbox 2246 3033 3836 3107">
    <p class='ocr_par' dir='ltr' id='par_1_59' title="bbox 2246 3033 3836 3107">
     <span class='ocr_line' id='line_1_59' title="bbox 2246 3033 3836 3107; baseline 0 -18"><span class='ocrx_word' id='word_1_497' title='bbox 2246 3033 2524 3107; x_wconf 77' lang='lat' dir='ltr'><strong>doloribus</strong></span> <span class='ocrx_word' id='word_1_498' title='bbox 2552 3049 2638 3090; x_wconf 91' lang='lat' dir='ltr'><strong>res</strong></span> <span class='ocrx_word' id='word_1_499' title='bbox 2665 3034 2770 3091; x_wconf 87' lang='lat' dir='ltr'><strong>ista</strong></span> <span class='ocrx_word' id='word_1_500' title='bbox 2795 3036 3091 3107; x_wconf 87' lang='lat' dir='ltr'><strong>peragitur.</strong></span> <span class='ocrx_word' id='word_1_501' title='bbox 3122 3034 3258 3093; x_wconf 81' lang='lat' dir='ltr'><strong>Nam</strong></span> <span class='ocrx_word' id='word_1_502' title='bbox 3286 3036 3390 3091; x_wconf 88' lang='lat' dir='ltr'><strong>etsi</strong></span> <span class='ocrx_word' id='word_1_503' title='bbox 3436 3049 3675 3106; x_wconf 83' lang='lat' dir='ltr'><strong>persona</strong></span> <span class='ocrx_word' id='word_1_504' title='bbox 3714 3034 3836 3090; x_wconf 86' lang='lat' dir='ltr'><strong>sub-</strong></span> 
     </span>
    </p>
   </div>
   <div class='ocr_carea' id='block_1_60' title="bbox 2246 3102 3836 3197">
    <p class='ocr_par' dir='ltr' id='par_1_60' title="bbox 2246 3102 3836 3197">
     <span class='ocr_line' id='line_1_60' title="bbox 2246 3102 3836 3197; baseline 0 -16"><span class='ocrx_word' id='word_1_505' title='bbox 2246 3133 2397 3181; x_wconf 88' lang='lat' dir='ltr'><strong>mota</strong></span> <span class='ocrx_word' id='word_1_506' title='bbox 2426 3102 2513 3192; x_wconf 62' lang='lat' dir='ltr'><strong>si’t,</strong></span> <span class='ocrx_word' id='word_1_507' title='bbox 2548 3126 2679 3182; x_wconf 90' lang='lat' dir='ltr'><strong>nihil</strong></span> <span class='ocrx_word' id='word_1_508' title='bbox 2702 3102 2883 3184; x_wconf 81' lang='lat' dir='ltr'><strong>tamen</strong></span> <span class='ocrx_word' id='word_1_509' title='bbox 2907 3102 3209 3186; x_wconf 36' lang='lat' dir='ltr'><strong>avfidelibus</strong></span> <span class='ocrx_word' id='word_1_510' title='bbox 3232 3102 3517 3197; x_wconf 78' lang='lat' dir='ltr'><strong>amittitur,</strong></span> <span class='ocrx_word' id='word_1_511' title='bbox 3546 3142 3672 3186; x_wconf 87' lang='lat' dir='ltr'><strong>cum</strong></span> <span class='ocrx_word' id='word_1_512' title='bbox 3690 3136 3836 3197; x_wconf 85' lang='lat' dir='ltr'><strong>opta-</strong></span> 
     </span>
    </p>
   </div>
   <div class='ocr_carea' id='block_1_61' title="bbox 2250 3218 3837 3293">
    <p class='ocr_par' dir='ltr' id='par_1_61' title="bbox 2250 3218 3837 3293">
     <span class='ocr_line' id='line_1_61' title="bbox 2250 3218 3837 3293; baseline 0.003 -22"><span class='ocrx_word' id='word_1_513' title='bbox 2250 3224 2363 3271; x_wconf 92' lang='lat' dir='ltr'><strong>tum</strong></span> <span class='ocrx_word' id='word_1_514' title='bbox 2411 3218 2771 3276; x_wconf 89' lang='lat' dir='ltr'><strong>sacerdotium</strong></span> <span class='ocrx_word' id='word_1_515' title='bbox 2816 3220 3143 3292; x_wconf 85' lang='lat' dir='ltr'><strong>possidetur.</strong></span> <span class='ocrx_word' id='word_1_516' title='bbox 3174 3221 3532 3293; x_wconf 82' lang='lat' dir='ltr'><strong>Quapropter,</strong></span> <span class='ocrx_word' id='word_1_517' title='bbox 3581 3220 3837 3277; x_wconf 84' lang='lat' dir='ltr'><strong>redeunte</strong></span> 
     </span>
    </p>
   </div>
   <div class='ocr_carea' id='block_1_62' title="bbox 2248 3308 3837 3382">
    <p class='ocr_par' dir='ltr' id='par_1_62' title="bbox 2248 3308 3837 3382">
     <span class='ocr_line' id='line_1_62' title="bbox 2248 3308 3837 3382; baseline 0.001 -18"><span class='ocrx_word' id='word_1_518' title='bbox 2248 3308 2428 3379; x_wconf 86' lang='lat' dir='ltr'><strong>legato</strong></span> <span class='ocrx_word' id='word_1_519' title='bbox 2475 3319 2689 3381; x_wconf 88' lang='lat' dir='ltr'><strong>vestro,</strong></span> <span class='ocrx_word' id='word_1_520' title='bbox 2745 3312 2941 3369; x_wconf 91' lang='lat' dir='ltr'><strong>illustri</strong></span> <span class='ocrx_word' id='word_1_521' title='bbox 2987 3314 3105 3370; x_wconf 92' lang='lat' dir='ltr'><strong>viro</strong></span> <span class='ocrx_word' id='word_1_522' title='bbox 3153 3312 3451 3382; x_wconf 89' lang='lat' dir='ltr'><strong>Publiano,</strong></span> <span class='ocrx_word' id='word_1_523' title='bbox 3515 3311 3837 3368; x_wconf 86' lang='lat' dir='ltr'><strong>rationabile</strong></span> 
     </span>
    </p>
   </div>
   <div class='ocr_carea' id='block_1_63' title="bbox 2248 3402 3837 3476">
    <p class='ocr_par' dir='ltr' id='par_1_63' title="bbox 2248 3402 3837 3476">
     <span class='ocr_line' id='line_1_63' title="bbox 2248 3402 3837 3476; baseline 0 -17"><span class='ocrx_word' id='word_1_524' title='bbox 2248 3402 2501 3461; x_wconf 88' lang='lat' dir='ltr'><strong>duximus</strong></span> <span class='ocrx_word' id='word_1_525' title='bbox 2524 3405 2591 3461; x_wconf 91' lang='lat' dir='ltr'><strong>ad</strong></span> <span class='ocrx_word' id='word_1_526' title='bbox 2612 3414 2813 3463; x_wconf 67' lang='lat' dir='ltr'><strong>cretum</strong></span> <span class='ocrx_word' id='word_1_527' title='bbox 2837 3415 3077 3464; x_wconf 90' lang='lat' dir='ltr'><strong>vestrum</strong></span> <span class='ocrx_word' id='word_1_528' title='bbox 3103 3406 3442 3464; x_wconf 87' lang='lat' dir='ltr'><strong>salutationis</strong></span> <span class='ocrx_word' id='word_1_529' title='bbox 3462 3406 3643 3476; x_wconf 85' lang='lat' dir='ltr'><strong>apices</strong></span> <span class='ocrx_word' id='word_1_530' title='bbox 3666 3404 3837 3459; x_wconf 88' lang='lat' dir='ltr'><strong>desti-</strong></span> 
     </span>
    </p>
   </div>
   <div class='ocr_carea' id='block_1_64' title="bbox 2249 3497 3835 3573">
    <p class='ocr_par' dir='ltr' id='par_1_64' title="bbox 2249 3497 3835 3573">
     <span class='ocr_line' id='line_1_64' title="bbox 2249 3497 3835 3573; baseline 0 -20"><span class='ocrx_word' id='word_1_531' title='bbox 2249 3513 2401 3554; x_wconf 89' lang='lat' dir='ltr'><strong>nare.</strong></span> <span class='ocrx_word' id='word_1_532' title='bbox 2432 3497 2624 3570; x_wconf 85' lang='lat' dir='ltr'><strong>Magna</strong></span> <span class='ocrx_word' id='word_1_533' title='bbox 2666 3500 2811 3557; x_wconf 89' lang='lat' dir='ltr'><strong>enim</strong></span> <span class='ocrx_word' id='word_1_534' title='bbox 2848 3500 3185 3572; x_wconf 88' lang='lat' dir='ltr'><strong>jucunditate</strong></span> <span class='ocrx_word' id='word_1_535' title='bbox 3229 3501 3571 3573; x_wconf 87' lang='lat' dir='ltr'><strong>perfruimur,</strong></span> <span class='ocrx_word' id='word_1_536' title='bbox 3622 3498 3835 3569; x_wconf 85' lang='lat' dir='ltr'><strong>quoties</strong></span> 
     </span>
    </p>
   </div>
   <div class='ocr_carea' id='block_1_65' title="bbox 2247 3590 3834 3665">
    <p class='ocr_par' dir='ltr' id='par_1_65' title="bbox 2247 3590 3834 3665">
     <span class='ocr_line' id='line_1_65' title="bbox 2247 3590 3834 3665; baseline -0.001 -17"><span class='ocrx_word' id='word_1_537' title='bbox 2247 3605 2373 3648; x_wconf 90' lang='lat' dir='ltr'><strong>cum</strong></span> <span class='ocrx_word' id='word_1_538' title='bbox 2419 3593 2617 3649; x_wconf 87' lang='lat' dir='ltr'><strong>nostris</strong></span> <span class='ocrx_word' id='word_1_539' title='bbox 2665 3594 2982 3665; x_wconf 83' lang='lat' dir='ltr'><strong>proceribus</strong></span> <span class='ocrx_word' id='word_1_540' title='bbox 3027 3594 3192 3652; x_wconf 88' lang='lat' dir='ltr'><strong>verba</strong></span> <span class='ocrx_word' id='word_1_541' title='bbox 3252 3594 3563 3650; x_wconf 87' lang='lat' dir='ltr'><strong>miscemus.</strong></span> <span class='ocrx_word' id='word_1_542' title='bbox 3612 3590 3683 3646; x_wconf 83' lang='lat' dir='ltr'><strong>Et</strong></span> <span class='ocrx_word' id='word_1_543' title='bbox 3736 3591 3834 3646; x_wconf 83' lang='lat' dir='ltr'><strong>hoc</strong></span> 
     </span>
    </p>
   </div>
   <div class='ocr_carea' id='block_1_66' title="bbox 2247 3681 3832 3755">
    <p class='ocr_par' dir='ltr' id='par_1_66' title="bbox 2247 3681 3832 3755">
     <span class='ocr_line' id='line_1_66' title="bbox 2247 3681 3832 3755; baseline -0.001 -16"><span class='ocrx_word' id='word_1_544' title='bbox 2247 3696 2464 3755; x_wconf 91' lang='lat' dir='ltr'><strong>quoque</strong></span> <span class='ocrx_word' id='word_1_545' title='bbox 2510 3684 2890 3742; x_wconf 88' lang='lat' dir='ltr'><strong>suavissimum</strong></span> <span class='ocrx_word' id='word_1_546' title='bbox 2930 3686 3087 3743; x_wconf 85' lang='lat' dir='ltr'><strong>vobis</strong></span> <span class='ocrx_word' id='word_1_547' title='bbox 3134 3685 3357 3742; x_wconf 90' lang='lat' dir='ltr'><strong>minime</strong></span> <span class='ocrx_word' id='word_1_548' title='bbox 3400 3684 3748 3751; x_wconf 85' lang='lat' dir='ltr'><strong>dubitamus,</strong></span> <span class='ocrx_word' id='word_1_549' title='bbox 3790 3681 3832 3737; x_wconf 84' lang='lat' dir='ltr'><strong>si</strong></span> 
     </span>
    </p>
   </div>
   <div class='ocr_carea' id='block_1_67' title="bbox 2246 3774 3832 3852">
    <p class='ocr_par' dir='ltr' id='par_1_67' title="bbox 2246 3774 3832 3852">
     <span class='ocr_line' id='line_1_67' title="bbox 2246 3774 3832 3852; baseline 0.001 -21"><span class='ocrx_word' id='word_1_550' title='bbox 2246 3774 2391 3845; x_wconf 89' lang='lat' dir='ltr'><strong>quod</strong></span> <span class='ocrx_word' id='word_1_551' title='bbox 2420 3775 2562 3833; x_wconf 91' lang='lat' dir='ltr'><strong>illius</strong></span> <span class='ocrx_word' id='word_1_552' title='bbox 2591 3775 2796 3836; x_wconf 81' lang='lat' dir='ltr'><strong>fecistis</strong></span> <span class='ocrx_word' id='word_1_553' title='bbox 2838 3778 3087 3852; x_wconf 90' lang='lat' dir='ltr'><strong>imperio,</strong></span> <span class='ocrx_word' id='word_1_554' title='bbox 3118 3778 3276 3836; x_wconf 90' lang='lat' dir='ltr'><strong>nobis</strong></span> <span class='ocrx_word' id='word_1_555' title='bbox 3315 3778 3480 3836; x_wconf 82' lang='lat' dir='ltr'><strong>etiam</strong></span> <span class='ocrx_word' id='word_1_556' title='bbox 3510 3777 3832 3849; x_wconf 81' lang='lat' dir='ltr'><strong>cognoscitis</strong></span> 
     </span>
    </p>
   </div>
   <div class='ocr_carea' id='block_1_68' title="bbox 2246 3869 2699 3939">
    <p class='ocr_par' dir='ltr' id='par_1_68' title="bbox 2246 3869 2699 3939">
     <span class='ocr_line' id='line_1_68' title="bbox 2246 3869 2699 3939; baseline 0.009 -16"><span class='ocrx_word' id='word_1_557' title='bbox 2246 3880 2367 3924; x_wconf 90' lang='lat' dir='ltr'><strong>esse</strong></span> <span class='ocrx_word' id='word_1_558' title='bbox 2387 3869 2699 3939; x_wconf 89' lang='lat' dir='ltr'><strong>gratiosum.</strong></span> 
     </span>
    </p>
   </div>
   <div class='ocr_carea' id='block_1_69' title="bbox 2697 4006 3398 4081">
    <p class='ocr_par' dir='ltr' id='par_1_69' title="bbox 2697 4006 3398 4081">
     <span class='ocr_line' id='line_1_69' title="bbox 2697 4006 3398 4081; baseline 0.003 -18"><span class='ocrx_word' id='word_1_559' title='bbox 2697 4007 2852 4081; x_wconf 75' lang='lat'><strong>132</strong></span> <span class='ocrx_word' id='word_1_560' title='bbox 2890 4006 3224 4065; x_wconf 76' lang='lat' dir='ltr'><strong>EPISTOLA</strong></span> <span class='ocrx_word' id='word_1_561' title='bbox 3259 4007 3398 4066; x_wconf 75' lang='lat' dir='ltr'><strong>xw.</strong></span> 
     </span>
    </p>
   </div>
   <div class='ocr_carea' id='block_1_70' title="bbox 2387 4132 3689 4178">
    <p class='ocr_par' dir='ltr' id='par_1_70' title="bbox 2387 4132 3689 4178">
     <span class='ocr_line' id='line_1_70' title="bbox 2387 4132 3689 4178; baseline 0.003 -4"><span class='ocrx_word' id='word_1_562' title='bbox 2387 4132 2616 4176; x_wconf 76' lang='lat' dir='ltr'><strong>OPILIONI</strong></span> <span class='ocrx_word' id='word_1_563' title='bbox 2640 4133 2826 4177; x_wconf 69' lang='lat' dir='ltr'><strong>COIITI</strong></span> <span class='ocrx_word' id='word_1_564' title='bbox 2853 4136 3130 4178; x_wconf 71' lang='lat' dir='ltr'><strong>SACBARUM</strong></span> <span class='ocrx_word' id='word_1_565' title='bbox 3160 4137 3526 4178; x_wconf 70' lang='lat' dir='ltr'><strong>ATHALARICUS</strong></span> <span class='ocrx_word' id='word_1_566' title='bbox 3565 4137 3689 4178; x_wconf 71' lang='lat' dir='ltr'><strong>REI.</strong></span> 
     </span>
    </p>
   </div>
   <div class='ocr_carea' id='block_1_71' title="bbox 2246 4230 3830 4307">
    <p class='ocr_par' dir='ltr' id='par_1_71' title="bbox 2246 4230 3830 4307">
     <span class='ocr_line' id='line_1_71' title="bbox 2246 4230 3830 4307; baseline 0.001 -17"><span class='ocrx_word' id='word_1_567' title='bbox 2246 4230 2477 4290; x_wconf 78' lang='lat' dir='ltr'><strong>Summis</strong></span> <span class='ocrx_word' id='word_1_568' title='bbox 2497 4232 2737 4307; x_wconf 79' lang='lat' dir='ltr'><strong>laudibus</strong></span> <span class='ocrx_word' id='word_1_569' title='bbox 2760 4250 2876 4290; x_wconf 85' lang='lat' dir='ltr'><strong>eum</strong></span> <span class='ocrx_word' id='word_1_570' title='bbox 2896 4251 3012 4307; x_wconf 85' lang='lat' dir='ltr'><strong>cum</strong></span> <span class='ocrx_word' id='word_1_571' title='bbox 3043 4237 3208 4307; x_wconf 77' lang='lat' dir='ltr'><strong>fratre</strong></span> <span class='ocrx_word' id='word_1_572' title='bbox 3226 4236 3453 4303; x_wconf 73' lang='lat' dir='ltr'><strong>extollit,</strong></span> <span class='ocrx_word' id='word_1_573' title='bbox 3483 4245 3535 4290; x_wconf 83' lang='lat' dir='ltr'><strong>et</strong></span> <span class='ocrx_word' id='word_1_574' title='bbox 3563 4235 3643 4290; x_wconf 81' lang='lat' dir='ltr'><strong>illi</strong></span> <span class='ocrx_word' id='word_1_575' title='bbox 3670 4237 3830 4293; x_wconf 71' lang='lat' dir='ltr'><strong>corni-</strong></span> 
     </span>
    </p>
   </div>
   <div class='ocr_carea' id='block_1_72' title="bbox 2493 4305 3585 4379">
    <p class='ocr_par' dir='ltr' id='par_1_72' title="bbox 2493 4305 3585 4379">
     <span class='ocr_line' id='line_1_72' title="bbox 2493 4305 3585 4379; baseline 0.003 -21"><span class='ocrx_word' id='word_1_576' title='bbox 2493 4305 2647 4360; x_wconf 83' lang='lat' dir='ltr'><strong>tivam</strong></span> <span class='ocrx_word' id='word_1_577' title='bbox 2676 4320 2947 4361; x_wconf 81' lang='lat' dir='ltr'><strong>sacrarum</strong></span> <span class='ocrx_word' id='word_1_578' title='bbox 2968 4305 3305 4379; x_wconf 76' lang='lat' dir='ltr'><strong>largitionum</strong></span> <span class='ocrx_word' id='word_1_579' title='bbox 3331 4307 3585 4363; x_wconf 78' lang='lat' dir='ltr'><strong>concedit.</strong></span> 
     </span>
    </p>
   </div>
   <div class='ocr_carea' id='block_1_73' title="bbox 2313 4419 3829 4491">
    <p class='ocr_par' dir='ltr' id='par_1_73' title="bbox 2313 4419 3829 4491">
     <span class='ocr_line' id='line_1_73' title="bbox 2313 4419 3829 4491; baseline -0.003 -13"><span class='ocrx_word' id='word_1_580' title='bbox 2313 4419 2503 4478; x_wconf 90' lang='lat' dir='ltr'><strong>Solent</strong></span> <span class='ocrx_word' id='word_1_581' title='bbox 2529 4419 2747 4491; x_wconf 90' lang='lat' dir='ltr'><strong>quidem</strong></span> <span class='ocrx_word' id='word_1_582' title='bbox 2768 4420 3048 4478; x_wconf 89' lang='lat' dir='ltr'><strong>venientes</strong></span> <span class='ocrx_word' id='word_1_583' title='bbox 3076 4420 3145 4477; x_wconf 90' lang='lat' dir='ltr'><strong>ad</strong></span> <span class='ocrx_word' id='word_1_584' title='bbox 3172 4420 3377 4476; x_wconf 89' lang='lat' dir='ltr'><strong>aulicas</strong></span> <span class='ocrx_word' id='word_1_585' title='bbox 3402 4419 3699 4490; x_wconf 85' lang='lat' dir='ltr'><strong>dignitates</strong></span> <span class='ocrx_word' id='word_1_586' title='bbox 3717 4419 3829 4475; x_wconf 87' lang='lat' dir='ltr'><strong>diu-</strong></span> 
     </span>
    </p>
   </div>
   <div class='ocr_carea' id='block_1_74' title="bbox 2244 4512 3828 4587">
    <p class='ocr_par' dir='ltr' id='par_1_74' title="bbox 2244 4512 3828 4587">
     <span class='ocr_line' id='line_1_74' title="bbox 2244 4512 3828 4587; baseline -0.003 -16"><span class='ocrx_word' id='word_1_587' title='bbox 2244 4514 2357 4572; x_wconf 91' lang='lat' dir='ltr'><strong>tina</strong></span> <span class='ocrx_word' id='word_1_588' title='bbox 2402 4514 2779 4587; x_wconf 85' lang='lat' dir='ltr'><strong>exploratione</strong></span> <span class='ocrx_word' id='word_1_589' title='bbox 2826 4514 3093 4583; x_wconf 88' lang='lat' dir='ltr'><strong>trutinari,</strong></span> <span class='ocrx_word' id='word_1_590' title='bbox 3146 4529 3215 4573; x_wconf 89' lang='lat' dir='ltr'><strong>ne</strong></span> <span class='ocrx_word' id='word_1_591' title='bbox 3253 4513 3531 4585; x_wconf 83' lang='lat' dir='ltr'><strong>imperiale</strong></span> <span class='ocrx_word' id='word_1_592' title='bbox 3575 4512 3828 4582; x_wconf 85' lang='lat' dir='ltr'><strong>judicium</strong></span> 
     </span>
    </p>
   </div>
   <div class='ocr_carea' id='block_1_75' title="bbox 542 4606 3828 4713">
    <p class='ocr_par' dir='ltr' id='par_1_75' title="bbox 542 4606 3828 4713">
     <span class='ocr_line' id='line_1_75' title="bbox 542 4606 3828 4713; baseline 0.004 -50"><span class='ocrx_word' id='word_1_593' title='bbox 542 4609 947 4680; x_wconf 85' lang='lat' dir='ltr'><strong>provinciarum</strong></span> <span class='ocrx_word' id='word_1_594' title='bbox 975 4611 1328 4669; x_wconf 90' lang='lat' dir='ltr'><strong>committitur</strong></span> <span class='ocrx_word' id='word_1_595' title='bbox 1349 4614 1581 4680; x_wconf 80' lang='lat' dir='ltr'><strong>exactio,</strong></span> <span class='ocrx_word' id='word_1_596' title='bbox 1605 4614 1722 4671; x_wconf 91' lang='lat' dir='ltr'><strong>aliis</strong></span> <span class='ocrx_word' id='word_1_597' title='bbox 1745 4615 1938 4685; x_wconf 91' lang='lat' dir='ltr'><strong>privati</strong></span> <span class='ocrx_word' id='word_1_598' title='bbox 1962 4615 2140 4671; x_wconf 81' lang='lat' dir='ltr'><strong>aerarii</strong></span> <span class='ocrx_word' id='word_1_599' title='bbox 2165 4648 2219 4713; x_wconf 62' lang='grc' dir='ltr'>ο</span> <span class='ocrx_word' id='word_1_600' title='bbox 2244 4609 2446 4683; x_wconf 86' lang='lat' dir='ltr'><strong>aliquid</strong></span> <span class='ocrx_word' id='word_1_601' title='bbox 2475 4609 2711 4682; x_wconf 89' lang='lat' dir='ltr'><strong>probare</strong></span> <span class='ocrx_word' id='word_1_602' title='bbox 2736 4607 2986 4665; x_wconf 90' lang='lat' dir='ltr'><strong>videatur</strong></span> <span class='ocrx_word' id='word_1_603' title='bbox 3012 4608 3346 4712; x_wconf 69' lang='lat' dir='ltr'><strong>ambiguum,</strong></span> <span class='ocrx_word' id='word_1_604' title='bbox 3373 4607 3632 4713; x_wconf 48' lang='lat' dir='ltr'><strong>qufniam</strong></span> <span class='ocrx_word' id='word_1_605' title='bbox 3666 4606 3828 4713; x_wconf 51' lang='lat' dir='ltr'><strong>sit?“</strong></span> 
     </span>
    </p>
   </div>
   <div class='ocr_carea' id='block_1_76' title="bbox 544 4696 3830 4778">
    <p class='ocr_par' dir='ltr' id='par_1_76' title="bbox 544 4696 3830 4778">
     <span class='ocr_line' id='line_1_76' title="bbox 544 4696 3830 4778; baseline -0.002 -18"><span class='ocrx_word' id='word_1_606' title='bbox 544 4703 791 4760; x_wconf 84' lang='lat' dir='ltr'><strong>custodia</strong></span> <span class='ocrx_word' id='word_1_607' title='bbox 810 4701 1117 4774; x_wconf 86' lang='lat' dir='ltr'><strong>delegatur;</strong></span> <span class='ocrx_word' id='word_1_608' title='bbox 1145 4706 1271 4763; x_wconf 91' lang='lat' dir='ltr'><strong>huic</strong></span> <span class='ocrx_word' id='word_1_609' title='bbox 1299 4716 1479 4763; x_wconf 89' lang='lat' dir='ltr'><strong>autem</strong></span> <span class='ocrx_word' id='word_1_610' title='bbox 1506 4707 1695 4762; x_wconf 67' lang='lat' dir='ltr'><strong>aulica:</strong></span> <span class='ocrx_word' id='word_1_611' title='bbox 1724 4706 1879 4763; x_wconf 55' lang='lat' dir='ltr'><strong>fama;</strong></span> <span class='ocrx_word' id='word_1_612' title='bbox 1908 4708 2138 4778; x_wconf 88' lang='lat' dir='ltr'><strong>insignia</strong></span> <span class='ocrx_word' id='word_1_613' title='bbox 2165 4696 2213 4713; x_wconf 68' lang='grc'><strong><em>⁷</em></strong></span> <span class='ocrx_word' id='word_1_614' title='bbox 2243 4702 2398 4775; x_wconf 85' lang='lat' dir='ltr'><strong>regni</strong></span> <span class='ocrx_word' id='word_1_615' title='bbox 2423 4710 2509 4761; x_wconf 86' lang='lat' dir='ltr'><strong>est</strong></span> <span class='ocrx_word' id='word_1_616' title='bbox 2535 4702 2805 4773; x_wconf 85' lang='lat' dir='ltr'><strong>reperisse</strong></span> <span class='ocrx_word' id='word_1_617' title='bbox 2828 4700 3041 4773; x_wconf 76' lang='lat' dir='ltr'><strong>iudices</strong></span> <span class='ocrx_word' id='word_1_618' title='bbox 3068 4699 3387 4770; x_wconf 84' lang='lat' dir='ltr'><strong>exquisitos.</strong></span> <span class='ocrx_word' id='word_1_619' title='bbox 3434 4697 3546 4756; x_wconf 88' lang='lat' dir='ltr'><strong>Sed</strong></span> <span class='ocrx_word' id='word_1_620' title='bbox 3586 4706 3702 4753; x_wconf 83' lang='lat' dir='ltr'><strong>tam</strong></span> <span class='ocrx_word' id='word_1_621' title='bbox 3740 4696 3830 4752; x_wconf 82' lang='lat' dir='ltr'><strong>fre-</strong></span> 
     </span>
    </p>
   </div>
   <div class='ocr_carea' id='block_1_77' title="bbox 540 4796 2139 4872">
    <p class='ocr_par' dir='ltr' id='par_1_77' title="bbox 540 4796 2139 4872">
     <span class='ocr_line' id='line_1_77' title="bbox 540 4796 2139 4872; baseline 0.004 -21"><span class='ocrx_word' id='word_1_622' title='bbox 540 4802 902 4867; x_wconf 87' lang='lat' dir='ltr'><strong>reponuntur,</strong></span> <span class='ocrx_word' id='word_1_623' title='bbox 932 4796 1075 4853; x_wconf 88' lang='lat' dir='ltr'><strong>unde</strong></span> <span class='ocrx_word' id='word_1_624' title='bbox 1104 4813 1202 4869; x_wconf 91' lang='lat' dir='ltr'><strong>per</strong></span> <span class='ocrx_word' id='word_1_625' title='bbox 1227 4808 1400 4856; x_wconf 88' lang='lat' dir='ltr'><strong>totum</strong></span> <span class='ocrx_word' id='word_1_626' title='bbox 1423 4801 1683 4855; x_wconf 88' lang='lat' dir='ltr'><strong>mundum</strong></span> <span class='ocrx_word' id='word_1_627' title='bbox 1711 4801 1894 4871; x_wconf 89' lang='lat' dir='ltr'><strong>opinio</strong></span> <span class='ocrx_word' id='word_1_628' title='bbox 1922 4802 2139 4872; x_wconf 81' lang='lat' dir='ltr'><strong>vulgata</strong></span> 
     </span>
    </p>
   </div>
   <div class='ocr_carea' id='block_1_78' title="bbox 540 4886 2138 4962">
    <p class='ocr_par' dir='ltr' id='par_1_78' title="bbox 540 4886 2138 4962">
     <span class='ocr_line' id='line_1_78' title="bbox 540 4886 2138 4962; baseline 0.003 -19"><span class='ocrx_word' id='word_1_629' title='bbox 540 4886 810 4945; x_wconf 87' lang='lat' dir='ltr'><strong>laudetur.</strong></span> <span class='ocrx_word' id='word_1_630' title='bbox 857 4886 1013 4956; x_wconf 85' lang='lat' dir='ltr'><strong>Quod</strong></span> <span class='ocrx_word' id='word_1_631' title='bbox 1041 4889 1198 4946; x_wconf 87' lang='lat' dir='ltr'><strong>nobis</strong></span> <span class='ocrx_word' id='word_1_632' title='bbox 1225 4890 1382 4959; x_wconf 89' lang='lat' dir='ltr'><strong>adeo,</strong></span> <span class='ocrx_word' id='word_1_633' title='bbox 1412 4899 1597 4962; x_wconf 87' lang='lat' dir='ltr'><strong>patres</strong></span> <span class='ocrx_word' id='word_1_634' title='bbox 1640 4891 1954 4962; x_wconf 89' lang='lat' dir='ltr'><strong>conscripti,</strong></span> <span class='ocrx_word' id='word_1_635' title='bbox 1992 4893 2138 4950; x_wconf 82' lang='lat' dir='ltr'><strong>aesti-</strong></span> 
     </span>
    </p>
   </div>
   <div class='ocr_carea' id='block_1_79' title="bbox 539 4979 2141 5054">
    <p class='ocr_par' dir='ltr' id='par_1_79' title="bbox 539 4979 2141 5054">
     <span class='ocr_line' id='line_1_79' title="bbox 539 4979 2141 5054; baseline 0.004 -18"><span class='ocrx_word' id='word_1_636' title='bbox 539 4981 807 5037; x_wconf 84' lang='lat' dir='ltr'><strong>mavimus</strong></span> <span class='ocrx_word' id='word_1_637' title='bbox 859 4995 981 5039; x_wconf 89' lang='lat' dir='ltr'><strong>esse</strong></span> <span class='ocrx_word' id='word_1_638' title='bbox 1023 4980 1409 5053; x_wconf 86' lang='lat' dir='ltr'><strong>repetendum,</strong></span> <span class='ocrx_word' id='word_1_639' title='bbox 1453 4988 1515 5036; x_wconf 89' lang='lat' dir='ltr'><strong>ut</strong></span> <span class='ocrx_word' id='word_1_640' title='bbox 1556 4979 1695 5039; x_wconf 88' lang='lat' dir='ltr'><strong>tales</strong></span> <span class='ocrx_word' id='word_1_641' title='bbox 1750 4997 1849 5039; x_wconf 86' lang='lat' dir='ltr'><strong>nos</strong></span> <span class='ocrx_word' id='word_1_642' title='bbox 1895 4998 2141 5054; x_wconf 66' lang='lat' dir='ltr'><strong>qumrcre</strong></span> 
     </span>
    </p>
   </div>
   <div class='ocr_carea' id='block_1_80' title="bbox 540 5072 2140 5143">
    <p class='ocr_par' dir='ltr' id='par_1_80' title="bbox 540 5072 2140 5143">
     <span class='ocr_line' id='line_1_80' title="bbox 540 5072 2140 5143; baseline 0.002 -13"><span class='ocrx_word' id='word_1_643' title='bbox 540 5073 798 5141; x_wconf 79' lang='lat' dir='ltr'><strong>credatis,</strong></span> <span class='ocrx_word' id='word_1_644' title='bbox 828 5073 1019 5143; x_wconf 86' lang='lat' dir='ltr'><strong>quales</strong></span> <span class='ocrx_word' id='word_1_645' title='bbox 1039 5082 1097 5129; x_wconf 88' lang='lat' dir='ltr'><strong>et</strong></span> <span class='ocrx_word' id='word_1_646' title='bbox 1122 5082 1323 5130; x_wconf 62' lang='lat' dir='ltr'><strong>nostra:</strong></span> <span class='ocrx_word' id='word_1_647' title='bbox 1361 5072 1527 5141; x_wconf 89' lang='lat' dir='ltr'><strong>laudi,</strong></span> <span class='ocrx_word' id='word_1_648' title='bbox 1560 5081 1617 5130; x_wconf 91' lang='lat' dir='ltr'><strong>et</strong></span> <span class='ocrx_word' id='word_1_649' title='bbox 1642 5079 1834 5131; x_wconf 72' lang='lat' dir='ltr'><strong>vestra:</strong></span> <span class='ocrx_word' id='word_1_650' title='bbox 1861 5074 2140 5133; x_wconf 86' lang='lat' dir='ltr'><strong>securitati</strong></span> 
     </span>
    </p>
   </div>
   <div class='ocr_carea' id='block_1_81' title="bbox 540 5164 2140 5243">
    <p class='ocr_par' dir='ltr' id='par_1_81' title="bbox 540 5164 2140 5243">
     <span class='ocr_line' id='line_1_81' title="bbox 540 5164 2140 5243; baseline 0.003 -21"><span class='ocrx_word' id='word_1_651' title='bbox 540 5164 819 5238; x_wconf 80' lang='lat' dir='ltr'><strong>expediat.</strong></span> <span class='ocrx_word' id='word_1_652' title='bbox 843 5165 1095 5224; x_wconf 88' lang='lat' dir='ltr'><strong>inveniri.</strong></span> <span class='ocrx_word' id='word_1_653' title='bbox 1140 5166 1433 5238; x_wconf 86' lang='lat' dir='ltr'><strong>Agnoscite</strong></span> <span class='ocrx_word' id='word_1_654' title='bbox 1459 5165 1605 5224; x_wconf 82' lang='lat' dir='ltr'><strong>docti</strong></span> <span class='ocrx_word' id='word_1_655' title='bbox 1639 5167 1843 5224; x_wconf 92' lang='lat' dir='ltr'><strong>bonum</strong></span> <span class='ocrx_word' id='word_1_656' title='bbox 1880 5168 2140 5243; x_wconf 89' lang='lat' dir='ltr'><strong>principis</strong></span> 
     </span>
    </p>
   </div>
   <div class='ocr_carea' id='block_1_82' title="bbox 539 5256 2140 5332">
    <p class='ocr_par' dir='ltr' id='par_1_82' title="bbox 539 5256 2140 5332">
     <span class='ocr_line' id='line_1_82' title="bbox 539 5256 2140 5332; baseline 0.002 -19"><span class='ocrx_word' id='word_1_657' title='bbox 539 5266 767 5326; x_wconf 82' lang='lat' dir='ltr'><strong>votum;</strong></span> <span class='ocrx_word' id='word_1_658' title='bbox 793 5257 1054 5318; x_wconf 76' lang='lat' dir='ltr'><strong>conﬁdite</strong></span> <span class='ocrx_word' id='word_1_659' title='bbox 1076 5258 1146 5314; x_wconf 85' lang='lat' dir='ltr'><strong>dc</strong></span> <span class='ocrx_word' id='word_1_660' title='bbox 1172 5256 1472 5326; x_wconf 75' lang='lat' dir='ltr'><strong>beneficiis,</strong></span> <span class='ocrx_word' id='word_1_661' title='bbox 1499 5259 1593 5330; x_wconf 89' lang='lat' dir='ltr'><strong>qui</strong></span> <span class='ocrx_word' id='word_1_662' title='bbox 1618 5259 1923 5317; x_wconf 85' lang='lat' dir='ltr'><strong>litterarum</strong></span> <span class='ocrx_word' id='word_1_663' title='bbox 1948 5261 2140 5332; x_wconf 86' lang='lat' dir='ltr'><strong>proha-</strong></span> 
     </span>
    </p>
   </div>
   <div class='ocr_carea' id='block_1_83' title="bbox 539 5348 2136 5425">
    <p class='ocr_par' dir='ltr' id='par_1_83' title="bbox 539 5348 2136 5425">
     <span class='ocr_line' id='line_1_83' title="bbox 539 5348 2136 5425; baseline 0.003 -18"><span class='ocrx_word' id='word_1_664' title='bbox 539 5349 674 5407; x_wconf 90' lang='lat' dir='ltr'><strong>mini</strong></span> <span class='ocrx_word' id='word_1_665' title='bbox 708 5348 912 5409; x_wconf 87' lang='lat' dir='ltr'><strong>habere</strong></span> <span class='ocrx_word' id='word_1_666' title='bbox 951 5350 1221 5409; x_wconf 88' lang='lat' dir='ltr'><strong>notitiam.</strong></span> <span class='ocrx_word' id='word_1_667' title='bbox 1250 5349 1566 5423; x_wconf 85' lang='lat' dir='ltr'><strong>Segnissimi</strong></span> <span class='ocrx_word' id='word_1_668' title='bbox 1605 5360 1688 5409; x_wconf 93' lang='lat' dir='ltr'><strong>est</strong></span> <span class='ocrx_word' id='word_1_669' title='bbox 1731 5358 1969 5425; x_wconf 89' lang='lat' dir='ltr'><strong>torpere,</strong></span> <span class='ocrx_word' id='word_1_670' title='bbox 2011 5369 2136 5411; x_wconf 90' lang='lat' dir='ltr'><strong>cum</strong></span> 
     </span>
    </p>
   </div>
   <div class='ocr_carea' id='block_1_84' title="bbox 540 5569 2133 5701">
    <p class='ocr_par' dir='ltr' id='par_1_84' title="bbox 540 5569 2133 5701">
     <span class='ocr_line' id='line_1_84' title="bbox 540 5569 2133 5701; baseline 0.004 -75"><span class='ocrx_word' id='word_1_671' title='bbox 540 5570 917 5701; x_wconf 48' lang='lat' dir='ltr'><strong>ngidonius</strong></span> <span class='ocrx_word' id='word_1_672' title='bbox 942 5571 1292 5646; x_wconf 79' lang='lat' dir='ltr'><strong>Apollinaris,</strong></span> <span class='ocrx_word' id='word_1_673' title='bbox 1323 5573 1378 5631; x_wconf 93' lang='lat' dir='ltr'><strong>in</strong></span> <span class='ocrx_word' id='word_1_674' title='bbox 1406 5586 1667 5648; x_wconf 84' lang='lat' dir='ltr'><strong>panegyr.</strong></span> <span class='ocrx_word' id='word_1_675' title='bbox 1692 5570 1999 5645; x_wconf 81' lang='lat' dir='ltr'><strong>Majorian.,</strong></span> <span class='ocrx_word' id='word_1_676' title='bbox 2031 5569 2133 5630; x_wconf 86' lang='lat' dir='ltr'><strong>sub</strong></span> 
     </span>
    </p>
   </div>
   <div class='ocr_carea' id='block_1_85' title="bbox 616 5659 1604 5797">
    <p class='ocr_par' dir='ltr' id='par_1_85' title="bbox 616 5659 1604 5797">
     <span class='ocr_line' id='line_1_85' title="bbox 616 5659 738 5702; baseline -0.033 0"><span class='ocrx_word' id='word_1_677' title='bbox 616 5659 702 5702; x_wconf 87' lang='lat' dir='ltr'><strong>em</strong></span> <span class='ocrx_word' id='word_1_678' title='bbox 725 5663 738 5698; x_wconf 73' lang='grc' dir='ltr'>ε</span> 
     </span>
     <span class='ocr_line' id='line_1_86' title="bbox 680 5736 1604 5797; baseline -0.001 -11"><span class='ocrx_word' id='word_1_679' title='bbox 680 5796 691 5797; x_wconf 20' lang='grc' dir='ltr'>ί</span> <span class='ocrx_word' id='word_1_680' title='bbox 1003 5736 1154 5797; x_wconf 75' lang='lat' dir='ltr'><strong>antis</strong></span> <span class='ocrx_word' id='word_1_681' title='bbox 1174 5739 1404 5797; x_wconf 80' lang='lat' dir='ltr'><strong>dignatur</strong></span> <span class='ocrx_word' id='word_1_682' title='bbox 1431 5736 1490 5787; x_wconf 87' lang='lat' dir='ltr'><strong>ab</strong></span> <span class='ocrx_word' id='word_1_683' title='bbox 1517 5747 1604 5785; x_wconf 89' lang='lat' dir='ltr'><strong>ore</strong></span> 
     </span>
    </p>
   </div>
   <div class='ocr_carea' id='block_1_86' title="bbox 666 5795 1889 5909">
    <p class='ocr_par' dir='ltr' id='par_1_86' title="bbox 666 5795 1889 5909">
     <span class='ocr_line' id='line_1_87' title="bbox 666 5795 1889 5909; baseline -0.001 -63"><span class='ocrx_word' id='word_1_684' title='bbox 666 5796 893 5909; x_wconf 40' lang='lat' dir='ltr'><strong>ﬁt;</strong></span> <span class='ocrx_word' id='word_1_685' title='bbox 910 5800 1031 5846; x_wconf 86' lang='lat' dir='ltr'><strong>orbe</strong></span> <span class='ocrx_word' id='word_1_686' title='bbox 1053 5795 1207 5860; x_wconf 71' lang='lat' dir='ltr'><strong>ldqut,</strong></span> <span class='ocrx_word' id='word_1_687' title='bbox 1228 5795 1345 5848; x_wconf 67' lang='lat' dir='ltr'><strong>licet</strong></span> <span class='ocrx_word' id='word_1_688' title='bbox 1368 5806 1420 5848; x_wconf 90' lang='lat' dir='ltr'><strong>et</strong></span> <span class='ocrx_word' id='word_1_689' title='bbox 1436 5804 1681 5861; x_wconf 80' lang='lat' dir='ltr'><strong>quaestore</strong></span> <span class='ocrx_word' id='word_1_690' title='bbox 1699 5795 1889 5847; x_wconf 82' lang='lat' dir='ltr'><strong>diserto</strong></span> 
     </span>
    </p>
   </div>
   <div class='ocr_carea' id='block_1_87' title="bbox 536 5916 2133 6013">
    <p class='ocr_par' dir='ltr' id='par_1_87' title="bbox 536 5916 2133 6013">
     <span class='ocr_line' id='line_1_88' title="bbox 536 5916 2133 6013; baseline 0.002 -17"><span class='ocrx_word' id='word_1_691' title='bbox 536 5916 617 5996; x_wconf 71' lang='lat' dir='ltr'><strong>Et</strong></span> <span class='ocrx_word' id='word_1_692' title='bbox 660 5945 845 5995; x_wconf 77' lang='lat' dir='ltr'><strong>noster</strong></span> <span class='ocrx_word' id='word_1_693' title='bbox 868 5939 1241 6009; x_wconf 77' lang='lat' dir='ltr'><strong>Cassiodorus,</strong></span> <span class='ocrx_word' id='word_1_694' title='bbox 1289 5940 1381 5997; x_wconf 91' lang='lat' dir='ltr'><strong>lib.</strong></span> <span class='ocrx_word' id='word_1_695' title='bbox 1413 5955 1487 6010; x_wconf 80' lang='lat' dir='ltr'><strong>vi,</strong></span> <span class='ocrx_word' id='word_1_696' title='bbox 1532 5940 1587 5998; x_wconf 81' lang='lat' dir='ltr'><strong>in</strong></span> <span class='ocrx_word' id='word_1_697' title='bbox 1614 5939 1771 6000; x_wconf 90' lang='lat' dir='ltr'><strong>form.</strong></span> <span class='ocrx_word' id='word_1_698' title='bbox 1811 5948 2133 6013; x_wconf 72' lang='lat' dir='ltr'><strong>quaestum;</strong></span> 
     </span>
    </p>
   </div>
   <div class='ocr_carea' id='block_1_88' title="bbox 2244 4794 3827 4867">
    <p class='ocr_par' dir='ltr' id='par_1_88' title="bbox 2244 4794 3827 4867">
     <span class='ocr_line' id='line_1_89' title="bbox 2244 4794 3827 4867; baseline -0.005 -15"><span class='ocrx_word' id='word_1_699' title='bbox 2244 4810 2417 4867; x_wconf 88' lang='lat' dir='ltr'><strong>quens</strong></span> <span class='ocrx_word' id='word_1_700' title='bbox 2445 4804 2530 4851; x_wconf 93' lang='lat' dir='ltr'><strong>est</strong></span> <span class='ocrx_word' id='word_1_701' title='bbox 2548 4795 2761 4851; x_wconf 67' lang='lat' dir='ltr'><strong>familia:</strong></span> <span class='ocrx_word' id='word_1_702' title='bbox 2788 4802 2979 4852; x_wconf 64' lang='lat' dir='ltr'><strong>vestrae</strong></span> <span class='ocrx_word' id='word_1_703' title='bbox 3010 4794 3350 4852; x_wconf 87' lang='lat' dir='ltr'><strong>felicissimus</strong></span> <span class='ocrx_word' id='word_1_704' title='bbox 3386 4801 3703 4865; x_wconf 85' lang='lat' dir='ltr'><strong>provectus,</strong></span> <span class='ocrx_word' id='word_1_705' title='bbox 3730 4799 3827 4845; x_wconf 86' lang='lat' dir='ltr'><strong>tam</strong></span> 
     </span>
    </p>
   </div>
   <div class='ocr_carea' id='block_1_89' title="bbox 2245 4881 3828 4961">
    <p class='ocr_par' dir='ltr' id='par_1_89' title="bbox 2245 4881 3828 4961">
     <span class='ocr_line' id='line_1_90' title="bbox 2245 4881 3828 4961; baseline -0.005 -14"><span class='ocrx_word' id='word_1_706' title='bbox 2245 4887 2300 4947; x_wconf 91' lang='lat' dir='ltr'><strong>in</strong></span> <span class='ocrx_word' id='word_1_707' title='bbox 2330 4888 2513 4945; x_wconf 89' lang='lat' dir='ltr'><strong>multis</strong></span> <span class='ocrx_word' id='word_1_708' title='bbox 2531 4887 2777 4961; x_wconf 89' lang='lat' dir='ltr'><strong>personis</strong></span> <span class='ocrx_word' id='word_1_709' title='bbox 2798 4887 3070 4944; x_wconf 88' lang='lat' dir='ltr'><strong>declarata</strong></span> <span class='ocrx_word' id='word_1_710' title='bbox 3092 4886 3398 4958; x_wconf 88' lang='lat' dir='ltr'><strong>prudentia,</strong></span> <span class='ocrx_word' id='word_1_711' title='bbox 3420 4893 3481 4941; x_wconf 92' lang='lat' dir='ltr'><strong>ut</strong></span> <span class='ocrx_word' id='word_1_712' title='bbox 3495 4884 3627 4940; x_wconf 88' lang='lat' dir='ltr'><strong>licet</strong></span> <span class='ocrx_word' id='word_1_713' title='bbox 3643 4881 3828 4952; x_wconf 80' lang='lat' dir='ltr'><strong>aliquis</strong></span> 
     </span>
    </p>
   </div>
   <div class='ocr_carea' id='block_1_90' title="bbox 2244 4976 3830 5049">
    <p class='ocr_par' dir='ltr' id='par_1_90' title="bbox 2244 4976 3830 5049">
     <span class='ocr_line' id='line_1_91' title="bbox 2244 4976 3830 5049; baseline -0.003 -14"><span class='ocrx_word' id='word_1_714' title='bbox 2244 4993 2344 5037; x_wconf 87' lang='lat' dir='ltr'><strong>vos</strong></span> <span class='ocrx_word' id='word_1_715' title='bbox 2372 4979 2536 5049; x_wconf 89' lang='lat' dir='ltr'><strong>eligat</strong></span> <span class='ocrx_word' id='word_1_716' title='bbox 2562 4979 2632 5035; x_wconf 88' lang='lat' dir='ltr'><strong>ad</strong></span> <span class='ocrx_word' id='word_1_717' title='bbox 2669 4979 2924 5047; x_wconf 89' lang='lat' dir='ltr'><strong>subitum,</strong></span> <span class='ocrx_word' id='word_1_718' title='bbox 2954 4978 3088 5035; x_wconf 90' lang='lat' dir='ltr'><strong>nihil</strong></span> <span class='ocrx_word' id='word_1_719' title='bbox 3136 4978 3329 5037; x_wconf 85' lang='lat' dir='ltr'><strong>fecisse</strong></span> <span class='ocrx_word' id='word_1_720' title='bbox 3372 4977 3624 5035; x_wconf 85' lang='lat' dir='ltr'><strong>videatur</strong></span> <span class='ocrx_word' id='word_1_721' title='bbox 3660 4976 3830 5031; x_wconf 79' lang='lat' dir='ltr'><strong>incer—</strong></span> 
     </span>
    </p>
   </div>
   <div class='ocr_carea' id='block_1_91' title="bbox 2248 5066 3827 5133">
    <p class='ocr_par' dir='ltr' id='par_1_91' title="bbox 2248 5066 3827 5133">
     <span class='ocr_line' id='line_1_92' title="bbox 2248 5066 3827 5133; baseline -0.006 -3"><span class='ocrx_word' id='word_1_722' title='bbox 2248 5080 2382 5130; x_wconf 88' lang='lat' dir='ltr'><strong>tum.</strong></span> <span class='ocrx_word' id='word_1_723' title='bbox 2439 5071 2857 5129; x_wconf 85' lang='lat' dir='ltr'><strong>Similitudinem</strong></span> <span class='ocrx_word' id='word_1_724' title='bbox 2910 5086 3133 5129; x_wconf 89' lang='lat' dir='ltr'><strong>suorum</strong></span> <span class='ocrx_word' id='word_1_725' title='bbox 3191 5069 3319 5128; x_wconf 82' lang='lat' dir='ltr'><strong>felix</strong></span> <span class='ocrx_word' id='word_1_726' title='bbox 3370 5084 3509 5126; x_wconf 87' lang='lat' dir='ltr'><strong>vena</strong></span> <span class='ocrx_word' id='word_1_727' title='bbox 3552 5066 3827 5133; x_wconf 87' lang='lat' dir='ltr'><strong>custodit,</strong></span> 
     </span>
    </p>
   </div>
   <div class='ocr_carea' id='block_1_92' title="bbox 2243 5156 3826 5237">
    <p class='ocr_par' dir='ltr' id='par_1_92' title="bbox 2243 5156 3826 5237">
     <span class='ocr_line' id='line_1_93' title="bbox 2243 5156 3826 5237; baseline -0.006 -16"><span class='ocrx_word' id='word_1_728' title='bbox 2243 5164 2460 5237; x_wconf 87' lang='lat' dir='ltr'><strong>quando</strong></span> <span class='ocrx_word' id='word_1_729' title='bbox 2504 5164 2673 5237; x_wconf 90' lang='lat' dir='ltr'><strong>pudet</strong></span> <span class='ocrx_word' id='word_1_730' title='bbox 2707 5164 3040 5235; x_wconf 89' lang='lat' dir='ltr'><strong>delinquere,</strong></span> <span class='ocrx_word' id='word_1_731' title='bbox 3083 5163 3179 5234; x_wconf 89' lang='lat' dir='ltr'><strong>qui</strong></span> <span class='ocrx_word' id='word_1_732' title='bbox 3209 5160 3407 5220; x_wconf 87' lang='lat' dir='ltr'><strong>similia</strong></span> <span class='ocrx_word' id='word_1_733' title='bbox 3452 5165 3736 5230; x_wconf 86' lang='lat' dir='ltr'><strong>nequeunt</strong></span> <span class='ocrx_word' id='word_1_734' title='bbox 3778 5156 3826 5212; x_wconf 88' lang='lat' dir='ltr'><strong>in</strong></span> 
     </span>
    </p>
   </div>
   <div class='ocr_carea' id='block_1_93' title="bbox 2240 5247 3830 5329">
    <p class='ocr_par' dir='ltr' id='par_1_93' title="bbox 2240 5247 3830 5329">
     <span class='ocr_line' id='line_1_94' title="bbox 2240 5247 3830 5329; baseline -0.008 -14"><span class='ocrx_word' id='word_1_735' title='bbox 2240 5274 2340 5316; x_wconf 88' lang='lat' dir='ltr'><strong>suo</strong></span> <span class='ocrx_word' id='word_1_736' title='bbox 2359 5271 2559 5328; x_wconf 86' lang='lat' dir='ltr'><strong>genere</strong></span> <span class='ocrx_word' id='word_1_737' title='bbox 2580 5257 2838 5329; x_wconf 89' lang='lat' dir='ltr'><strong>reperire.</strong></span> <span class='ocrx_word' id='word_1_738' title='bbox 2862 5255 3001 5312; x_wconf 85' lang='lat' dir='ltr'><strong>Hinc</strong></span> <span class='ocrx_word' id='word_1_739' title='bbox 3028 5253 3279 5325; x_wconf 90' lang='lat' dir='ltr'><strong>estquod</strong></span> <span class='ocrx_word' id='word_1_740' title='bbox 3302 5253 3496 5310; x_wconf 86' lang='lat' dir='ltr'><strong>melius</strong></span> <span class='ocrx_word' id='word_1_741' title='bbox 3524 5247 3830 5321; x_wconf 86' lang='lat' dir='ltr'><strong>agnoscitur</strong></span> 
     </span>
    </p>
   </div>
   <div class='ocr_carea' id='block_1_94' title="bbox 2241 5340 3829 5424">
    <p class='ocr_par' dir='ltr' id='par_1_94' title="bbox 2241 5340 3829 5424">
     <span class='ocr_line' id='line_1_95' title="bbox 2241 5340 3829 5424; baseline -0.009 -14"><span class='ocrx_word' id='word_1_742' title='bbox 2241 5351 2468 5424; x_wconf 86' lang='lat' dir='ltr'><strong>elegisse</strong></span> <span class='ocrx_word' id='word_1_743' title='bbox 2515 5350 2777 5422; x_wconf 87' lang='lat' dir='ltr'><strong>nobilem,</strong></span> <span class='ocrx_word' id='word_1_744' title='bbox 2825 5365 2988 5423; x_wconf 89' lang='lat' dir='ltr'><strong>quam</strong></span> <span class='ocrx_word' id='word_1_745' title='bbox 3027 5348 3221 5406; x_wconf 87' lang='lat' dir='ltr'><strong>fecisse</strong></span> <span class='ocrx_word' id='word_1_746' title='bbox 3267 5345 3511 5414; x_wconf 88' lang='lat' dir='ltr'><strong>felicem;</strong></span> <span class='ocrx_word' id='word_1_747' title='bbox 3562 5343 3691 5414; x_wconf 90' lang='lat' dir='ltr'><strong>quia</strong></span> <span class='ocrx_word' id='word_1_748' title='bbox 3738 5340 3829 5397; x_wconf 85' lang='lat' dir='ltr'><strong>istc</strong></span> 
     </span>
    </p>
   </div>
   <div class='ocr_carea' id='block_1_95' title="bbox 2237 5568 3828 5653">
    <p class='ocr_par' dir='ltr' id='par_1_95' title="bbox 2237 5568 3828 5653">
     <span class='ocr_line' id='line_1_96' title="bbox 2237 5568 3828 5653; baseline -0.004 -21"><span class='ocrx_word' id='word_1_749' title='bbox 2237 5572 2451 5653; x_wconf 75' lang='lat' dir='ltr'><strong>Quanto</strong></span> <span class='ocrx_word' id='word_1_750' title='bbox 2479 5575 2764 5653; x_wconf 78' lang='lat' dir='ltr'><strong>facundior</strong></span> <span class='ocrx_word' id='word_1_751' title='bbox 2789 5571 2952 5653; x_wconf 72' lang='lat' dir='ltr'><strong>debet</strong></span> <span class='ocrx_word' id='word_1_752' title='bbox 2968 5586 3113 5653; x_wconf 68' lang='lat' dir='ltr'><strong>esse,</strong></span> <span class='ocrx_word' id='word_1_753' title='bbox 3145 5570 3238 5643; x_wconf 87' lang='lat' dir='ltr'><strong>qui</strong></span> <span class='ocrx_word' id='word_1_754' title='bbox 3260 5568 3643 5653; x_wconf 83' lang='lat' dir='ltr'><strong>ore_principis</strong></span> <span class='ocrx_word' id='word_1_755' title='bbox 3660 5583 3828 5653; x_wconf 75' lang='lat' dir='ltr'><strong>popu-</strong></span> 
     </span>
    </p>
   </div>
   <div class='ocr_carea' id='block_1_96' title="bbox 2237 5644 3827 5724">
    <p class='ocr_par' dir='ltr' id='par_1_96' title="bbox 2237 5644 3827 5724">
     <span class='ocr_line' id='line_1_97' title="bbox 2237 5644 3827 5724; baseline -0.007 -20"><span class='ocrx_word' id='word_1_756' title='bbox 2237 5648 2320 5703; x_wconf 91' lang='lat' dir='ltr'><strong>los</strong></span> <span class='ocrx_word' id='word_1_757' title='bbox 2345 5649 2589 5704; x_wconf 84' lang='lat' dir='ltr'><strong>noscitur</strong></span> <span class='ocrx_word' id='word_1_758' title='bbox 2610 5646 2940 5724; x_wconf 80' lang='lat' dir='ltr'><strong>admonere?</strong></span> <span class='ocrx_word' id='word_1_759' title='bbox 2968 5644 3165 5700; x_wconf 87' lang='lat' dir='ltr'><strong>Notum</strong></span> <span class='ocrx_word' id='word_1_760' title='bbox 3195 5648 3279 5698; x_wconf 83' lang='lat' dir='ltr'><strong>est</strong></span> <span class='ocrx_word' id='word_1_761' title='bbox 3304 5644 3467 5724; x_wconf 70' lang='lat' dir='ltr'><strong>etiam</strong></span> <span class='ocrx_word' id='word_1_762' title='bbox 3503 5644 3827 5724; x_wconf 61' lang='lat' dir='ltr'><strong>quaestorum</strong></span> 
     </span>
    </p>
   </div>
   <div class='ocr_carea' id='block_1_97' title="bbox 2244 5707 3829 5793">
    <p class='ocr_par' dir='ltr' id='par_1_97' title="bbox 2244 5707 3829 5793">
     <span class='ocr_line' id='line_1_98' title="bbox 2244 5707 3829 5793; baseline -0.008 -18"><span class='ocrx_word' id='word_1_763' title='bbox 2244 5733 2419 5793; x_wconf 80' lang='lat' dir='ltr'><strong>opera</strong></span> <span class='ocrx_word' id='word_1_764' title='bbox 2448 5735 2575 5775; x_wconf 87' lang='lat' dir='ltr'><strong>usos</strong></span> <span class='ocrx_word' id='word_1_765' title='bbox 2616 5719 2991 5793; x_wconf 67' lang='lat' dir='ltr'><strong>imperatores.</strong></span> <span class='ocrx_word' id='word_1_766' title='bbox 3038 5729 3163 5771; x_wconf 91' lang='lat' dir='ltr'><strong>cum</strong></span> <span class='ocrx_word' id='word_1_767' title='bbox 3208 5707 3655 5793; x_wconf 55' lang='lat' dir='ltr'><strong>orationes,&#39;_aut</strong></span> <span class='ocrx_word' id='word_1_768' title='bbox 3700 5707 3829 5793; x_wconf 77' lang='lat' dir='ltr'><strong>quid</strong></span> 
     </span>
    </p>
   </div>
   <div class='ocr_carea' id='block_1_98' title="bbox 2244 5782 3829 5853">
    <p class='ocr_par' dir='ltr' id='par_1_98' title="bbox 2244 5782 3829 5853">
     <span class='ocr_line' id='line_1_99' title="bbox 2244 5782 3829 5853; baseline -0.005 -9"><span class='ocrx_word' id='word_1_769' title='bbox 2244 5782 2390 5846; x_wconf 77' lang='lat' dir='ltr'><strong>aliud</strong></span> <span class='ocrx_word' id='word_1_770' title='bbox 2410 5792 2463 5845; x_wconf 93' lang='lat' dir='ltr'><strong>in</strong></span> <span class='ocrx_word' id='word_1_771' title='bbox 2488 5782 3016 5853; x_wconf 66' lang='lat' dir='ltr'><strong>senatu&#39;recitarent,</strong></span> <span class='ocrx_word' id='word_1_772' title='bbox 3060 5795 3121 5841; x_wconf 95' lang='lat' dir='ltr'><strong>ut</strong></span> <span class='ocrx_word' id='word_1_773' title='bbox 3148 5799 3216 5840; x_wconf 86' lang='lat' dir='ltr'><strong>ex</strong></span> <span class='ocrx_word' id='word_1_774' title='bbox 3238 5782 3503 5853; x_wconf 86' lang='lat' dir='ltr'><strong>Suetonio</strong></span> <span class='ocrx_word' id='word_1_775' title='bbox 3543 5782 3757 5853; x_wconf 63' lang='lat' dir='ltr'><strong>liquet,</strong></span> <span class='ocrx_word' id='word_1_776' title='bbox 3776 5782 3829 5853; x_wconf 72' lang='lat' dir='ltr'><strong>in</strong></span> 
     </span>
    </p>
   </div>
   <div class='ocr_carea' id='block_1_99' title="bbox 2236 5850 3823 5990">
    <p class='ocr_par' dir='ltr' id='par_1_99' title="bbox 2236 5850 3823 5990">
     <span class='ocr_line' id='line_1_100' title="bbox 2236 5850 3823 5990; baseline -0.005 -76"><span class='ocrx_word' id='word_1_777' title='bbox 2236 5860 2497 5990; x_wconf 56' lang='grc' dir='ltr'><strong>⁸ἒιιεςιιδιο,</strong></span> <span class='ocrx_word' id='word_1_778' title='bbox 2522 5859 2755 5933; x_wconf 81' lang='lat' dir='ltr'><strong>cap.65;</strong></span> <span class='ocrx_word' id='word_1_779' title='bbox 2785 5850 3143 5931; x_wconf 32' lang='lat' dir='ltr'><strong>inTito,&#39;cap.</strong></span> <span class='ocrx_word' id='word_1_780' title='bbox 3167 5856 3235 5926; x_wconf 86' lang='lat'><strong>6;</strong></span> <span class='ocrx_word' id='word_1_781' title='bbox 3265 5856 3320 5913; x_wconf 91' lang='lat' dir='ltr'><strong>in</strong></span> <span class='ocrx_word' id='word_1_782' title='bbox 3342 5852 3576 5923; x_wconf 79' lang='lat' dir='ltr'><strong>Nerone,</strong></span> <span class='ocrx_word' id='word_1_783' title='bbox 3603 5850 3823 5926; x_wconf 71' lang='lat' dir='ltr'><strong>capJS.</strong></span> 
     </span>
     <span class='ocr_line' id='line_1_101' title="bbox 2282 5947 2478 5990; baseline 0 0"><span class='ocrx_word' id='word_1_784' title='bbox 2282 5947 2478 5990; x_wconf 77' lang='lat' dir='ltr'><strong>ORNER.</strong></span> 
     </span>
    </p>
   </div>
   <div class='ocr_carea' id='block_1_100' title="bbox 2282 5947 2478 5991">
    <p class='ocr_par' dir='ltr' id='par_1_100' title="bbox 2282 5947 2478 5991">
     <span class='ocr_line' id='line_1_102' title="bbox 2282 5947 2478 5991; baseline 0 -1"><span class='ocrx_word' id='word_1_785' title='bbox 2282 5947 2478 5991; x_wconf 68' lang='grc' dir='ltr'><strong>οιυιειι.</strong></span> 
     </span>
    </p>
   </div>
  </div>
