3958 6454
217 462 336 524 πυ

1502 466 1860 527 γΑιιιΑιιυΜ
1900 465 2101 525 LIBER
2140 464 2273 524 VIII.

214 593 635 664 commonitus,
684 608 782 665 per
823 601 1068 652 veterum
1112 607 1174 650 se
1234 592 1374 649 facta
1423 590 1690 657 custodit;
1747 588 1837 643 ille
1864 591 1916 651 Α
2009 598 2059 643 et
2084 589 2211 657 petit
2238 597 2293 665 ut
2323 586 2529 665 faveant
2557 587 2866 656 promotioni
2894 585 3094 659 ejusad
3118 591 3406 645 comitivam
3430 608 3518 647 ta-

215 686 559 757 exemplum
579 704 688 743 non
718 688 904 758 habet,
942 689 1045 745 nisi
1081 686 1225 758 quod
1255 686 1464 742 fecerit.
1499 684 1838 755 Quapropter

217 793 447 836 secure
484 781 576 836 tibi
604 781 875 838 credimus
902 782 1048 853 quod
1068 781 1229 840 toties
1253 788 1346 836 tuo
1374 778 1554 849 generi
1585 775 1837 833 commis-

216 885 352 927 sum
380 871 558 929 fuisse
583 873 895 943 gaudemus.
927 873 1089 929 Pater
1114 872 1197 930 his
1222 871 1455 928 fascibus
1482 867 1712 941 praefuit,
1744 865 1840 922 sed

218 974 283 1023 et
312 967 502 1022 frater
523 967 715 1023 eadem
737 966 1065 1038 resplenduit
1104 966 1368 1022 claritate.
1409 962 1529 1033 Ipsa
1574 960 1837 1031 quodam-

218 1058 405 1113 modo
446 1057 685 1128 dignitas
713 1059 768 1113 in
797 1059 1081 1130 penatibus
1107 1057 1303 1113 vestris
1349 1056 1515 1109 larem
1556 1049 1753 1123 posuit,
1785 1058 1839 1104 et

218 1149 608 1207 domesticum
636 1151 837 1209 factum
860 1161 944 1208 est
972 1152 1241 1224 publicum
1269 1150 1451 1206 decus.
1484 1146 1617 1201 Nam
1640 1144 1839 1200 militiae

219 1240 500 1297 ordinem
555 1242 655 1299 sub
709 1241 946 1299 fraterna
997 1243 1156 1299 laude
1211 1240 1469 1307 didicisti;
1523 1238 1608 1294 cui
1652 1244 1840 1293 mutuo

219 1350 530 1395 connexus
582 1338 815 1410 affectu,
858 1340 1121 1411 implebas
1168 1336 1441 1394 laboribus
1495 1335 1735 1398 socium,
1786 1340 1841 1386 et

221 1428 602 1486 consiliorum
632 1431 1046 1503 participatione
1080 1444 1417 1502 germanum,
1457 1428 1526 1484 ad
1573 1436 1625 1482 te
1661 1424 1840 1498 potius

222 1521 527 1592 pertinere
575 1523 877 1594 dijudieans
940 1525 1086 1597 quod
1134 1523 1302 1579 frater
1356 1528 1663 1592 acceperat.
1725 1518 1841 1575 Iioe

220 1612 444 1670 baculo
473 1615 839 1673 reclinabatur
866 1617 957 1674 ille
982 1617 1223 1686 felicior,
1250 1624 1372 1673 astu
1400 1613 1643 1684 quaedam
1670 1612 1839 1682 negli-

222 1718 373 1776 gens
404 1710 831 1779 praesumptione
863 1710 960 1777 tui,
991 1710 1119 1781 quia
1145 1725 1245 1781 per
1273 1718 1326 1766 te
1372 1708 1551 1766 omnia
1583 1706 1841 1764 cernebat

223 1796 485 1868 impleri.
515 1797 594 1855 En
623 1799 779 1857 dulce
799 1800 1027 1858 fratrum
1052 1802 1389 1873 obsequium,
1418 1809 1472 1857 et
1496 1799 1839 1873 prtesentium

224 1895 562 1961 temporum
588 1893 813 1965 antiqua
840 1895 1150 1951 concordia.
1184 1895 1331 1951 Bene
1355 1895 1552 1951 talibus
1591 1894 1839 1951 sensibus

2012 675 2217 713 crurum
2250 658 2601 729 largitionum.

2010 791 2179 847 Tanta
2206 798 2309 859 est,
2357 799 2538 862 patres
2587 791 2899 863 conscripti,
2942 794 2996 848 in
3025 795 3311 857 candidato
3360 799 3518 869 copia

1936 884 2277 949 meritorum,
2306 891 2367 938 ut
2388 896 2674 938 vereamur
2701 897 2771 940 ne
2810 884 3011 941 tardius
3048 894 3266 956 putetur
3290 890 3516 958 electus,

1938 991 2101 1048 quam
2141 991 2249 1032 non
2289 976 2359 1031 sit
2401 974 2600 1045 judicio
2635 976 3033 1046 comprobatus.
3076 977 3207 1033 Nam
3235 996 3354 1036 cum
3383 981 3520 1037 diva:

1937 1070 2215 1124 memoriae
2244 1083 2374 1123 avus
2405 1076 2591 1123 noster
2616 1068 2850 1139 optimos
2874 1070 3021 1126 viros
3048 1071 3388 1141 exquireret,
3408 1088 3519 1131 slo-

1937 1160 2020 1215 bis
2048 1174 2172 1215 eum
2200 1160 2646 1215 irremuneratum
2677 1160 2987 1230 prosperior
3014 1158 3227 1217 fortuna
3262 1164 3519 1220 servavit.

1937 1250 2019 1306 Illi
2046 1252 2243 1323 paruit,
2274 1250 2353 1307 illi
2388 1251 2554 1305 multa
2585 1250 2925 1307 oﬂieiositate
2952 1252 3196 1321 servivit,
3240 1264 3301 1310 et
3345 1269 3377 1309 a
3419 1255 3521 1312 do-

1938 1341 2085 1398 mino
2132 1342 2432 1413 largissime
2469 1341 2858 1399 beneficiorum
2903 1344 3019 1399 sine
3063 1345 3243 1417 aliqua
3288 1345 3522 1403 retribu-

1941 1436 2089 1493 tione
2115 1442 2327 1491 constat
2354 1448 2475 1491 esse
2504 1434 2840 1491 derelictum.
2862 1435 3038 1493 Credo
3067 1437 3232 1493 dilata
3259 1446 3345 1495 est
3369 1454 3523 1496 com-

1938 1528 2188 1601 pensatio
2216 1527 2415 1593 meriti,
2442 1535 2501 1582 ut
2526 1526 2680 1582 nobis
2708 1526 2886 1597 aptior
2906 1527 3094 1602 [Edd.,
3117 1532 3237 1598 Aa,
3262 1530 3526 1606 apertior]

1939 1619 2096 1678 fieret
2137 1634 2300 1678 causa
2343 1618 2653 1690 praestandi.
2703 1617 3003 1675 Conveniat
3054 1622 3196 1677 enim
3242 1636 3305 1679 se
3356 1623 3528 1694 pietas

1940 1720 2125 1769 nostra
2156 1712 2273 1782 lege
2300 1719 2529 1766 natum.
2552 1709 2891 1781 Condignum
2913 1718 2999 1768 est
3026 1710 3095 1767 ab
3122 1710 3336 1768 hmrede
3365 1714 3523 1781 solvi,

1934 1806 2083 1877 quod
2106 1805 2361 1862 collatum
2385 1811 2599 1860 constat
2617 1804 2844 1861 auctori.
2870 1803 2979 1861 Cur
3000 1804 3143 1860 enim
3168 1805 3528 1863 muniﬁcentia

1942 1906 2127 1955 nostra
2156 1912 2281 1954 eum
2305 1896 2570 1966 differret,
2597 1912 2719 1953 cum
2749 1911 2871 1953 eum
2899 1896 3165 1967 proficere
3193 1898 3531 1956 consuetudo

219 1980 511 2051 judicium
531 1985 791 2055 creditur,
820 1987 914 2057 qui
940 2001 1159 2043 servare
1179 2002 1361 2044 mores
1383 1986 1699 2045 naturaliter
1716 2000 1839 2041 sen-
1870 1984 1919 2044 B
1942 2000 2051 2045 suae
2076 1987 2370 2045 nobilitatis
2399 1988 2651 2057 urgeret?
2690 1985 2853 2042 Pater
2881 1986 3007 2042 huic
3045 2002 3209 2044 manu
3238 1989 3436 2055 clarus,
3462 2003 3529 2045 ac

226 2073 479 2130 tiuntur.
502 2075 657 2143 Quod
680 2076 726 2133 si
744 2079 947 2135 alumni
966 2094 1211 2137 secessus
1251 2088 1308 2136 et
1326 2078 1654 2151 provinciale
1674 2078 1841 2134 otium

224 2163 389 2219 forte
423 2165 722 2237 libuissent,
750 2169 821 2225 ad
847 2178 904 2227 te
941 2178 1173 2229 catervae
1200 2172 1537 2227 causantium
1583 2179 1639 2227 et
1678 2171 1841 2227 anxia

228 2257 550 2314 currebant
578 2269 701 2317 vota
727 2262 998 2321 Izesorum.
1028 2264 1161 2320 Boni
1184 2265 1383 2335 judicis
1403 2265 1545 2321 inter
1570 2279 1667 2321 eos
1690 2280 1841 2321 assu-

229 2349 440 2406 mebas
469 2350 741 2422 oflicium;
771 2363 826 2411 et
866 2355 1167 2412 futurorum
1190 2356 1422 2426 quodam
1449 2364 1674 2427 urgente
1700 2370 1841 2425 prae-

228 2440 424 2511 sagio,
484 2442 628 2512 quod
676 2459 708 2499 a
763 2446 919 2503 nobis
965 2448 1210 2517 accipere
1249 2455 1483 2518 poteras,
1530 2448 1843 2504 meritorum

232 2534 621 2604 assumptione
646 2538 962 2607 peragebas.
1000 2537 1339 2597 Meminimus
1367 2541 1530 2597 etiam
1555 2556 1661 2612 qua
1690 2540 1844 2595 nobis

233 2624 294 2681 in
319 2628 637 2698 primordiis
655 2633 810 2701 regni
833 2635 1005 2691 nostri
1026 2634 1317 2694 devotione
1334 2638 1604 2705 servieris,
1627 2636 1844 2708 quando

234 2720 493 2778 maxime
539 2724 908 2780 necessarium
962 2723 1198 2781 fidelium
1247 2728 1476 2796 habetur
1504 2727 1841 2796 obsequium.

174 2872 177 2873 ν
235 2809 386 2867 Nam
425 2828 547 2871 cum
593 2822 717 2885 post
763 2818 1048 2873 transitum
1103 2795 1428 2891 [Juretu‘ld
1459 2829 1555 2887 est,
1584 2817 1841 2891 mortem]

218 2900 392 2959 τίνω
420 2906 696 2961 memoria:
742 2907 928 2963 domni
974 2908 1063 2965 avi
1108 2910 1278 2966 nostri
1325 2911 1486 2966 anxia
1525 2911 1843 2981 populorum

234 3002 379 3051 vota
427 2995 781 3068 trepidarent,
829 3006 886 3055 et
923 2999 993 3057 de
1038 3002 1175 3057 tanti
1220 3001 1373 3071 regni
1415 3002 1591 3058 adhuc
1635 3002 1844 3059 incerto

238 3087 471 3145 haerede
498 3089 867 3159 subjectorum
893 3107 955 3149 se
982 3093 1143 3150 corda
1168 3094 1571 3165 perfunderent,
1604 3096 1842 3168 auspicia

238 3188 441 3235 nostra
464 3178 745 3251 Liguribus
770 3181 901 3240 felix
924 3186 1155 3256 portitor
1173 3186 1463 3255 nuntiasti;
1487 3197 1542 3244 et
1569 3188 1845 3259 sapientiae

242 3279 361 3329 tuae
391 3270 719 3330 allocutione
768 3273 965 3331 firmati
1010 3291 1321 3347 mterorem,
1359 3293 1521 3348 quem
1548 3278 1616 3335 de
1642 3293 1843 3335 occasu

1946 2097 2156 2139 summa
2190 2082 2289 2137 fuit
2316 2096 2528 2138 morum
2557 2080 2839 2137 nobilitate
2865 2083 3205 2153 conspicuus,
3233 2097 3397 2153 quem
3430 2098 3531 2141 nec

1944 2172 2207 2230 ferventia
2234 2173 2374 2229 bella
2402 2180 2725 2244 respuenmt
2742 2215 2757 2242 ,
2787 2188 2909 2229 eum
2939 2174 3226 2244 tranquilla
3251 2176 3361 2231 otia
3390 2190 3532 2247 prte-

1944 2266 2188 2324 dicarent
2221 2285 2235 2321 :
2289 2281 2521 2338 corpore
2561 2266 2787 2333 validus,
2831 2264 3066 2323 amicitia
3112 2269 3384 2338 robustus,
3431 2271 3533 2327 cvi

1944 2358 2323 2428 antiquitatem
2371 2359 2648 2428 gestabat,
2699 2357 2926 2428 abiectis
2975 2360 3346 2443 sarculi‘vitiis
3390 2361 3528 2433 HIs.

1944 2451 2105 2517 Aud.,
2138 2450 2364 2520 abjeetis
2382 2450 2593 2507 steculis
2620 2448 2927 2523 Odoacris],
2957 2450 3158 2508 ditatus
3180 2452 3340 2509 claris
3360 2454 3534 2511 bono-

1944 2542 2112 2598 ribus.
2145 2541 2241 2598 llis
2258 2542 2592 2613 temporibus
2619 2542 2834 2597 habitus
2854 2550 2940 2597 est
2965 2542 3213 2609 eximius,
3242 2560 3363 2601 cum
3386 2545 3533 2617 prin-

1944 2650 2075 2705 ceps
2102 2649 2211 2690 non
2238 2641 2383 2690 esset
2401 2643 2639 2689 erectus.
2669 2632 2779 2689 Sed
2797 2632 2925 2704 quid
2942 2634 3226 2704 antiquam
3246 2646 3532 2705 parentum

1945 2725 2063 2795 ejus
2101 2724 2397 2794 repetimus
2441 2722 2803 2791 nobilitatem,
2833 2737 2957 2777 cum
2985 2724 3160 2778 vicina
3189 2725 3535 2796 resplendeat

1946 2816 2069 2871 luce
2093 2814 2365 2885 germani;
2395 2813 2549 2883 cujus
2589 2829 2697 2868 non
2727 2813 2905 2869 dicam
2943 2815 3301 2885 proximitati,
3322 2818 3418 2872 sed
3444 2818 3533 2873 vel

1946 2907 2193 2963 amicitiae
2236 2905 2587 2975 eonjunctum
2629 2905 2793 2961 fuisse
2844 2913 3025 2975 potest
3070 2919 3191 2962 esse
3230 2905 3534 2965 laudabile?

1947 2996 2116 3067 Hujus
2142 2995 2427 3052 virtutibus
2464 2995 2540 3049 ita
2586 3008 2645 3050 se
2688 2993 2915 3050 sociavit
2940 2999 3104 3064 atque
3126 2997 3441 3063 connexuit,
3470 3007 3532 3054 ut

1944 3091 2050 3147 hoc
2077 3090 2256 3161 potius
2283 3088 2354 3143 sit
2379 3087 2666 3154 incertum,
2696 3086 2789 3155 qui
2832 3084 3005 3155 magis
3038 3100 3107 3141 ex
3132 3086 3307 3143 altero
3333 3087 3533 3158 prtedi-

1942 3192 2116 3242 cetur.
2142 3181 2404 3238 Amicitiis
2425 3180 2516 3237 ille
2539 3188 2760 3252 praestat
2787 3179 2975 3248 fidem;
3001 3178 3099 3237 sed
3126 3194 3376 3251 magnam
3396 3197 3529 3255 pm-

1946 3276 2126 3333 nissis
2152 3274 2318 3331 debet
2356 3274 2458 3330 iste
2502 3272 2880 3329 constantiam.
2912 3270 3006 3327 Ille
3045 3286 3262 3342 quoque
3302 3276 3529 3333 avaritia

241 3373 635 3436 conceperant,
668 3374 791 3422 ortu
836 3368 1008 3425 nostri
1034 3368 1248 3441 imperii
1284 3369 1338 3426 in
1376 3369 1567 3439 gaudia
1596 3385 1838 3426 commu-
1867 3359 1913 3424 C
1940 3385 2165 3437 vacuus,
2196 3376 2252 3424 et
2278 3367 2378 3423 iste
2406 3382 2437 3421 a
2465 3364 2842 3436 cupiditatibus
2863 3365 3123 3437 probatur
3138 3366 3367 3423 alienus.
3390 3366 3529 3424 Ilinc

242 3454 462 3511 tabant.
492 3455 775 3515 lnnovatio
796 3460 941 3529 regis
969 3461 1089 3517 sine
1114 3460 1297 3531 aliqua
1324 3460 1640 3518 confusione
1667 3469 1843 3517 trans-

244 3546 367 3616 ivit,
388 3555 446 3605 et
462 3548 765 3609 sollicitudo
790 3560 882 3608 tua
904 3552 1154 3623 praestitit
1171 3552 1318 3622 quod
1345 3568 1444 3609 nos
1471 3552 1647 3609 nullus
1672 3550 1843 3609 offen-

246 3637 352 3695 dit.
383 3639 562 3712 Atque
579 3640 701 3698 ideo
720 3643 949 3714 probato
970 3642 1166 3699 talibus
1192 3642 1449 3699 institutis
1470 3642 1537 3698 ab
1551 3641 1842 3699 indictione

246 3729 489 3787 feliciter
506 3740 661 3789 sexta
690 3734 864 3805 (Anno
893 3730 1087 3789 Christi
1117 3731 1242 3805 528)
1279 3748 1556 3791 sacrarum
1600 3733 1843 3804 largitio-

246 3836 383 3879 num
412 3825 742 3893 comitivam,
770 3826 1001 3897 propitia
1025 3825 1120 3881 tibi
1147 3825 1455 3891 Divinitate,
1474 3824 1838 3884 concedimus.

255 3915 466 3975 Usurus
510 3934 571 3976 es
618 3920 865 3981 omnibus
912 3920 1205 3991 privilegiis
1249 3927 1411 3990 atque
1466 3918 1842 3977 emolumentis

249 4024 370 4081 quae
397 4011 465 4067 ad
496 4020 617 4069 tuos
636 4011 952 4069 decessores
980 4012 1305 4082 pertinuisse
1336 4018 1651 4068 noscuntur.
1688 4010 1843 4066 Absit

250 4106 398 4160 enim
430 4113 490 4161 ut
528 4106 700 4176 aliqua
741 4106 1022 4163 calumnia:
1060 4103 1461 4161 machinatione
1504 4102 1838 4173 quatiantur,

250 4196 344 4267 qui
371 4197 605 4253 actionis
632 4211 743 4253 suae
770 4195 1022 4253 firmitate
1042 4196 1360 4253 consistunt.
1390 4194 1514 4250 Fuit
1541 4195 1684 4251 enim
1706 4202 1843 4250 tem-

249 4305 374 4363 pus,
407 4306 531 4347 eum
557 4307 654 4363 per
680 4292 950 4349 delatores
976 4300 1304 4349 vexarentur
1330 4298 1387 4347 et
1408 4290 1636 4360 iudices.
1668 4290 1845 4361 Depo-

254 4381 369 4437 nite
423 4381 535 4450 jam
583 4381 945 4449 formidinem,
988 4384 1081 4454 qui
1128 4398 1237 4439 non
1306 4383 1516 4439 habetis
1561 4396 1841 4439 errorem:

253 4471 520 4530 fructibus
562 4482 865 4530 vestrarum
895 4475 1106 4531 utimini
1153 4474 1505 4545 dignitatum;
1549 4489 1675 4530 nam
1701 4473 1846 4544 quod

255 4564 411 4620 vobis
432 4578 529 4635 per
551 4564 867 4621 decessores
895 4564 1428 4636 praedecessoresque
1461 4573 1675 4621 nostros
1704 4572 1844 4620 tem-

255 4657 482 4726 poribus
516 4656 699 4713 domni
744 4658 830 4714 avi
878 4658 1049 4714 nostri
1096 4657 1431 4713 consuetudo
1470 4658 1631 4727 longa
1674 4655 1842 4723 dedit,

1940 3470 2025 3519 est
2045 3460 2190 3532 quod
2211 3466 2409 3515 norunt
2432 3457 2651 3526 regibus
2676 3470 2896 3513 servare
2922 3455 3104 3521 fidem,
3128 3456 3256 3526 quia
3280 3460 3530 3517 nesciunt

1940 3554 2027 3611 vel
2049 3554 2189 3609 inter
2215 3549 2453 3622 mquaies
2476 3563 2733 3607 exemere
2759 3547 3059 3619 perfidiam.
3081 3548 3157 3605 Ibi
3175 3550 3319 3606 enim
3345 3566 3528 3609 mores

1941 3641 2149 3699 facilius
2177 3642 2497 3714 probantur,
2528 3640 2623 3696 ubi
2648 3648 2841 3695 natura
2868 3639 2969 3695 sub
2996 3639 3247 3697 libertate
3265 3648 3525 3697 monstra-

1940 3743 2050 3795 tur.
2081 3736 2363 3805 Quomodo
2389 3749 2519 3807 ergo
2539 3733 2640 3790 sub
2660 3733 2895 3805 puritate
2915 3748 3023 3789 non
3042 3732 3279 3789 serviant
3296 3732 3529 3790 dominis

1942 3827 2073 3898 suis,
2113 3827 2205 3898 qui
2262 3828 2510 3883 nesciunt
2554 3825 2787 3882 illusisse
2838 3824 3094 3894 collegis?
3139 3822 3235 3881 llis
3280 3823 3527 3882 laudibus

1942 3922 2146 3981 electus
2190 3936 2222 3976 a
2266 3920 2513 3991 conjuge,
2572 3917 2852 3975 Basiliam:
2889 3917 3127 3975 sociatus
3180 3916 3353 3972 fertur
3404 3931 3527 3973 esse

1941 4016 2181 4081 familiae;
2212 4015 2357 4087 quod
2386 4015 2701 4086 plerumque
2734 4012 2915 4069 evenit
2953 4026 2986 4065 a
3025 4010 3232 4066 meritis
3271 4009 3528 4080 conjungi

1940 4124 2103 4182 posse
2157 4108 2441 4165 nobilibus.
2495 4105 2745 4175 Inspicite
2788 4104 2844 4159 in
2888 4117 2976 4169 eo,
3021 4102 3067 4157 si
3112 4102 3315 4171 placet,
3362 4100 3527 4157 etiam

1942 4202 2260 4259 familiarem
2302 4200 2496 4263 vitam,
2554 4197 2681 4266 quia
2723 4194 2918 4265 smpins
2975 4192 3272 4262 majoribus
3328 4194 3527 4250 nostris

1942 4296 2088 4352 viros
2127 4291 2418 4348 industrios
2458 4289 2573 4343 hzee
2619 4288 2770 4357 signa
2816 4284 3189 4356 prodiderunt.
3239 4282 3348 4340 Res
3402 4284 3529 4340 huic

1942 4387 2153 4458 privata
2184 4390 2333 4438 tanto
2360 4380 2460 4437 fuit
2486 4377 2854 4435 moderamine
2889 4376 3170 4447 disposita,
3213 4383 3273 4431 ut
3304 4389 3406 4431 nec
3428 4376 3528 4431 ali-

1943 4492 2050 4548 qua
2078 4474 2368 4531 tenacitate
2393 4469 2658 4538 sorderet,
2700 4483 2802 4525 nec
2846 4467 3041 4525 iterum
3071 4467 3236 4523 nimia
3264 4466 3529 4525 effusione

1945 4571 2236 4627 laberetur.
2264 4565 2504 4622 Gentiles
2531 4565 2697 4632 victu,
2728 4563 3003 4619 Romanos
3029 4560 3130 4617 sibi
3154 4559 3371 4631 judiciis
3390 4560 3529 4617 obii-

1947 4663 2139 4734 gabat;
2177 4668 2233 4715 et
2283 4657 2429 4714 unde
2476 4656 2803 4728 ingratitudo
2850 4654 3004 4727 133
3034 4652 3386 4722 dignitatibus
3411 4651 3529 4722 ple-

258 4744 586 4816 indulgentia
616 4763 833 4818 quoque
877 4756 1064 4804 nostra
1090 4748 1343 4805 custodit.
1373 4745 1710 4804 Conferimus
1749 4746 1845 4802 tibi
1872 4750 1923 4811 D
1947 4767 2171 4822 rumque
2198 4750 2363 4818 venit,
2392 4750 2493 4805 iste
2519 4746 2869 4819 disceptando
2913 4745 3014 4802 sibi
3042 4745 3331 4800 amicitiam
3375 4743 3530 4799 ςοιιί-

258 4837 524 4896 honorem
552 4840 814 4910 germani,
840 4840 935 4897 sed
964 4849 1021 4896 tu
1042 4840 1202 4897 fidem
1232 4840 1349 4911 ejus
1371 4840 1583 4896 imitare
1612 4838 1839 4894 servitii.

260 4930 394 4988 Nam
448 4932 494 4988 si
546 4933 696 4988 illum
752 4933 1023 5003 sequeris,
1080 4931 1280 4988 multos
1331 4931 1488 4989 laude
1541 4929 1841 5001 praecedis:

260 5028 435 5082 virum
462 5026 799 5084 auctoritatis
821 5026 1086 5092 maximae,
1104 5025 1346 5097 probata:
1364 5023 1681 5082 constantia:
1703 5023 1842 5097 [Ac.,

262 5118 648 5192 conscientiae],
680 5119 774 5188 qui
813 5119 912 5175 sub
951 5124 1102 5174 tanto
1142 5117 1383 5189 principe
1429 5125 1485 5173 et
1529 5116 1644 5171 sine
1688 5114 1844 5185 culpa

264 5210 458 5279 paruit,
487 5218 543 5267 et
566 5209 826 5281 justitiam
852 5211 1100 5266 laudatus
1129 5207 1393 5265 exercuit.
1426 5200 1738 5276 Promptum
1764 5211 1846 5260 est

265 5302 408 5357 enim
445 5303 713 5359 :estimare
759 5301 885 5372 quid
937 5299 1184 5371 gesserit,
1230 5297 1446 5369 quando
1485 5296 1585 5353 sub
1634 5296 1845 5364 ingrato

266 5405 577 5452 successore
604 5393 899 5467 palatinum
927 5392 1163 5451 officium
1191 5389 1458 5463 praeconia
1500 5388 1617 5460 ejus
1663 5395 1847 5443 tacere

268 5502 374 5543 non
403 5488 597 5559 potuit.
639 5485 863 5544 Difficile
911 5487 1094 5558 itaque
1138 5500 1247 5542 non
1285 5490 1370 5540 est
1414 5481 1655 5539 moribus
1692 5477 1846 5549 sequi

269 5594 426 5650 P0888
459 5598 808 5654 germanum;
837 5582 960 5654 quia
999 5588 1055 5638 et
1099 5580 1155 5636 in
1192 5574 1622 5636 conversationis
1667 5570 1845 5629 fructu

270 5672 581 5748 plerumque
593 5675 956 5741 consentiunt,
969 5673 1062 5746 qui
1076 5672 1233 5730 unius
1251 5670 1456 5729 semine
1466 5673 1840 5742 procreantur.

787 5806 1119 5867 EPISTOLA
1156 5802 1315 5864 XVII.

484 5938 705 5982 SENATUI
734 5940 879 5982 URBIS
915 5939 1071 5981 ROME
1101 5933 1461 5978 ATHALARICUS
1500 5930 1624 5973 REX.

268 6008 494 6080 lutum
534 6015 713 6074 laudat
736 6014 1043 6089 Opilionem,
1068 6024 1265 6086 patrem
1312 6020 1359 6067 et
1400 6011 1615 6081 fratrem
1643 6005 1841 6073 ἱρεὶαδὶ

1943 4846 2123 4916 gebat.
2155 4844 2345 4900 Videte
2363 4841 2490 4913 quid
2516 4841 2677 4897 faciat
2704 4839 2897 4896 nobilis
2916 4846 3129 4894 natura.
3158 4836 3241 4893 Ex
3257 4835 3529 4905 judicibus

1946 4946 2105 4995 natus
2139 4936 2396 4991 arbitrum
2438 4934 2661 5003 agebat;
2688 4931 2835 5003 quod
2876 4930 2979 4988 nisi
3008 4944 3077 4985 ex
3102 4943 3313 4984 morum
3341 4926 3530 4998 probi-

1945 5038 2058 5086 tate
2096 5028 2239 5084 nulla
2280 5033 2461 5099 potest
2499 5025 2811 5096 contingere
2855 5023 3087 5080 ratione.
3117 5020 3254 5077 Nam
3295 5018 3537 5076 fascibus

1946 5119 2185 5186 obedire,
2211 5118 2527 5189 plerumque
2554 5114 2833 5188 potestatis
2874 5113 3168 5172 necessitas
3212 5110 3395 5181 cogit:
3432 5127 3534 5183 pa-

1950 5227 2070 5268 rere
2089 5210 2257 5281 judici
2282 5209 2515 5281 privato,
2540 5208 2656 5268 sola
2675 5207 3071 5267 sententiarum
3099 5203 3341 5275 probitas
3379 5202 3533 5259 facit.

1950 5304 2101 5360 Unde
2141 5302 2295 5360 nobis
2333 5301 2454 5374 plus
2500 5300 2672 5358 laudis
2709 5298 2922 5358 videtur
2960 5296 3161 5352 habere
3194 5293 3539 5352 voluntarius

1939 5395 2129 5467 judex,
2154 5394 2371 5464 quando
2416 5393 2488 5454 ad
2520 5390 2850 5451 audientiam
2892 5404 3003 5447 non
3028 5386 3264 5458 eligitur,
3294 5384 3401 5442 nisi
3447 5386 3538 5456 qui

1941 5489 2117 5562 justus
2151 5502 2271 5546 esse
2315 5486 2555 5544 moribus
2596 5484 2913 5542 restituatur.
2942 5478 3306 5552 Quapropter,
3348 5482 3537 5548 patres

1947 5581 2256 5654 conscripti,
2288 5581 2465 5639 favete
2508 5578 2704 5636 vestris
2748 5573 2996 5641 alumnis,
3025 5580 3083 5631 et
3117 5569 3320 5629 nostris
3356 5568 3537 5625 favete

1940 5676 2176 5749 judiciis.
2216 5674 2467 5733 Secundo
2508 5671 2579 5728 ad
2622 5677 2861 5727 vestram
2889 5666 3097 5725 curiam
3138 5664 3307 5731 venit,
3336 5661 3433 5735 qui
3463 5672 3537 5716 ex

1946 5779 2198 5829 senatore
2240 5777 2399 5826 natus
2427 5774 2530 5836 est,
2576 5771 2633 5823 et
2660 5762 2851 5822 aulicis
2879 5759 3235 5834 dignitatibus
3269 5756 3533 5830 probatur

1942 5862 2261 5922 honoratus.

3410 438 3631 530 750'
