4018 6348
316 408 377 453 ἠ
467 388 566 449 751

983 494 1315 554 EPISTOLA
1355 491 1537 548 XVIII.

513 615 685 658 rsum
711 612 834 653 vmo
854 611 1117 659 ILLUSTRI,
1141 607 1435 656 QU.-ESTOltt,
1464 600 1826 643 nnaumcvs
1848 599 1977 639 nsx.

473 695 607 751 Eum
634 702 681 748 et
708 689 1044 762 amplissimis
1090 684 1332 809 (augibust
1380 680 1631 747 celebrat,
1693 686 1742 732 et
1788 681 2050 747 quwstura

1209 772 1307 809 orta
1338 794 1353 807 .

1209 772 1353 811 οηαι.

543 856 941 915 Professionem
972 857 1185 909 constat
1209 862 1329 903 esse
1363 843 1582 915 justitize
1605 886 1619 908 ,
1648 842 1827 910 legum
1848 837 2055 909 peritos

471 949 680 1022 iudices
706 946 988 1011 ordinare;
1016 941 1145 1013 quia
1171 940 1261 995 vix
1299 941 1483 1008 potest
1511 932 1800 1002 negligere,
1831 929 1925 998 qui
1953 942 2056 982 no-

471 1019 554 1098 vit
599 1038 947 1110 aequitatem;
1001 1047 1104 1090 nec
1141 1030 1299 1085 facile
1344 1029 1544 1083 erroris
1592 1023 1722 1080 vitio
1762 1019 2057 1085 sordescit,

474 1147 638 1205 quem
666 1130 911 1187 doctrina
953 1124 1281 1198 purgaverit.
1312 1119 1523 1175 Dudum
1552 1126 1606 1172 te
1633 1114 1933 1172 forensibus
1958 1126 2059 1166 ne-

477 1203 640 1297 gotiis
666 1221 1009 1277 insudantem
1035 1216 1225 1275 oculus
1257 1210 1552 1283 imperialis
1581 1207 1828 1279 aspexit;
1860 1219 1963 1260 nec
1982 1203 2061 1257 la-

477 1296 597 1373 tere
621 1315 799 1387 potuit
818 1328 925 1384 qua
947 1311 1051 1367 fide
1079 1315 1327 1377 suscepta
1350 1302 1653 1378 peregeris,
1681 1314 1787 1368 qua
1816 1296 2061 1352 luculen-

481 1408 557 1463 tia
589 1414 817 1462 tractata
846 1402 1204 1475 peroraveris.
1231 1398 1412 1467 IEquo
1441 1393 1610 1463 gradu
1639 1388 1947 1460 eloquentia
1969 1393 2064 1440 tua

483 1505 645 1567 atque
688 1494 1016 1551 conscientia
1058 1492 1262 1563 pariter
1296 1487 1644 1551 incedebant;
1682 1483 1858 1537 nullus
1887 1490 1915 1519 ι
1942 1494 2065 1535 sus-

483 1594 675 1658 ceptus
700 1584 846 1656 quod
874 1584 1103 1654 amplius
1142 1580 1477 1636 desideraret
1514 1576 1732 1642 habuit;
1774 1574 1950 1629 nullus
1974 1570 2064 1642 ju-

483 1681 663 1736 dicum
692 1677 837 1748 quod
864 1677 920 1732 in
946 1683 1000 1731 te
1027 1673 1299 1743 corrigere
1343 1677 1529 1740 posset
1576 1666 1800 1722 invenit.
1827 1661 2069 1719 Accessit

484 1774 628 1829 enim
653 1779 910 1827 venustas
964 1767 1075 1822 oris
1124 1772 1180 1819 et
1225 1762 1443 1818 castitas
1489 1760 1673 1815 animi.
1715 1757 1975 1813 Juvenem
2012 1761 2069 1808 te

1680 374 1748 429 Μ.
1793 367 2067 429 ABRELII
2103 360 2502 425 CASSIODORI

2084 485 2131 546 Α
2159 489 2246 537 tur
2274 477 2569 535 innumeris
2594 513 2610 540 ,
2636 472 2886 529 laudatur
2931 467 3145 542 pinguis
3175 475 3291 523 am
3316 461 3538 522 densior
3562 468 3747 533 seges.

3641 345 3753 405 753

2154 573 2459 643 Antiquitas
2486 585 2578 625 vos
2607 568 2732 624 fecit
2755 564 2963 621 nobiles
2992 561 3215 631 haberi,
3239 574 3342 616 nos
3368 569 3621 616 senatum
3644 571 3751 613 vc-

2155 665 2331 721 lumus
2374 665 2534 719 etiam
2578 661 2647 716 de
2696 656 3084 714 numerositate
3140 651 3445 726 prmdicari.
3482 648 3626 708 Hinc
3666 658 3754 707 est

2156 756 2299 828 quod
2327 755 2479 811 vobis
2505 766 2795 822 aggregare
2822 750 3067 820 cupimus
3102 763 3262 818 quem
3299 744 3602 818 reperimus
3631 743 3756 801 ubi-

2157 864 2371 920 cunque
2409 848 2759 919 prtecipuum.
2790 843 2924 899 Nam
2950 842 3078 898 licet
3106 839 3248 913 apud
3268 854 3368 895 vos
3402 836 3755 894 seminarium

2158 941 2229 997 sit
2253 948 2492 1006 senatus,
2524 946 2703 992 tamen
2723 943 2779 991 et
2801 934 2869 990 de
2897 940 3083 989 nostra
3120 928 3451 1000 indulgentia
3488 927 3759 998 nascitur,

2158 1033 2250 1103 qui
2266 1031 2459 1087 vestris
2488 1028 2717 1085 canibus
2750 1026 3073 1098 applicetur.
3106 1024 3367 1079 Alumnos
3402 1028 3615 1079 cunctae
3661 1034 3761 1075 no-

2160 1124 2247 1181 bis
2278 1124 2496 1194 pariunt
2535 1121 2721 1177 aulica
2748 1119 3072 1190 dignitates;
3108 1125 3375 1188 qumstura
3411 1122 3592 1170 autem
3632 1128 3764 1169 vere

2162 1227 2335 1276 mater
2381 1217 2648 1274 senatoris
2694 1223 2800 1281 est,
2851 1213 3109 1285 quoniam
3149 1226 3217 1268 ex
3259 1207 3548 1281 prudentia
3584 1207 3760 1264 venit.

2164 1312 2302 1378 Quid
2341 1310 2483 1365 enim
2523 1308 2736 1377 dignius
2763 1321 2926 1377 quam
2955 1304 3119 1361 curiae
3142 1302 3461 1375 participem
3501 1299 3644 1365 ﬁeri,
3673 1297 3765 1368 qui

2166 1402 2392 1458 adhaesit
2434 1400 2661 1456 consilio
2703 1396 3025 1469 principali?
3062 1393 3169 1452 Sed
3194 1392 3323 1464 quia
3364 1391 3619 1465 prudenti
3646 1390 3763 1447 vim

2167 1511 2277 1553 non
2316 1494 2512 1550 sufficit
2541 1492 2863 1564 generaliter
2902 1489 3160 1548 conclusa
3183 1485 3447 1553 laudatio,
3484 1484 3607 1555 ejus
3636 1493 3765 1540 nota

2167 1589 2495 1661 propriaque
2535 1594 2834 1655 tangamus.
2887 1581 3223 1651 Quatstorem
3267 1587 3532 1647 nostrum,
3584 1585 3769 1648 patres

2170 1680 2503 1750 conscripti,
2542 1677 2854 1748 cognoscite
2900 1674 3210 1745 eloquentia
3270 1674 3421 1745 prius
3467 1672 3769 1728 exercitata

2171 1772 2461 1843 placuisse,
2485 1778 2542 1825 et
2563 1770 2641 1826 sic
2664 1766 3037 1825 advocationis
3056 1781 3166 1823 sum
3187 1765 3328 1839 [Ac.,
3353 1762 3505 1830 Nim,
3529 1761 3766 1835 assidue]

485 1865 634 1921 solus
661 1864 825 1919 decor
871 1857 1146 1921 ostendit,
1180 1856 1247 1911 ab
1290 1870 1386 1910 ore
1414 1854 1673 1924 primmvo
1721 1864 1858 1906 cana
1903 1847 2069 1903 verba
2103 1875 2152 1937 Β
2176 1863 2397 1918 crebras
2431 1861 2608 1931 egisse
2630 1860 2905 1927 victorias,
2947 1865 3008 1914 ιη
3043 1859 3237 1915 merito
3274 1857 3377 1915 sibi
3415 1872 3540 1913 eum
3574 1856 3770 1913 deuio

484 1960 859 2010 manaverunt.
892 1947 1182 2006 Contendit
1204 1944 1304 2000 flos
1323 1944 1498 1999 mtatis
1527 1950 1584 1997 et
1610 1940 1890 1997 maturitas
1918 1952 2074 1993 men-

486 2048 555 2103 tis
584 2066 598 2101 :
637 2046 733 2102 sed
779 2044 962 2117 potius
990 2042 1080 2097 illa
1109 2038 1415 2110 superavit,
1441 2052 1561 2106 qua:
1591 2050 1689 2090 nos
1719 2033 1787 2088 ad
1816 2032 2075 2086 virtutum

487 2139 686 2210 gradus
735 2137 1072 2206 gloriamque
1118 2130 1384 2201 perducit.
1436 2129 1777 2199 Quapropter
1829 2132 2077 2195 aptamus

489 2243 716 2284 munera
778 2224 985 2282 nomini
1043 2230 1100 2279 et
1151 2222 1358 2277 meritis
1412 2220 1549 2284 tuis;
1590 2227 1649 2273 ut
1696 2231 1891 2272 arcana
1930 2214 2075 2283 regia

438 2378 441 2379 ν
494 2321 665 2376 fidelis
693 2318 927 2387 accipias
950 2353 965 2379 ,
991 2323 1049 2371 et
1074 2314 1157 2368 vir
1185 2314 1447 2382 eloquens
1492 2311 1786 2365 litteratam
1835 2306 2077 2376 reperias

492 2412 829 2481 dignitatem.
853 2407 1006 2463 Nunc
1032 2421 1224 2463 causas
1250 2405 1485 2474 gloriose
1507 2402 1707 2471 judica,
1739 2414 1873 2469 quas
1901 2397 2081 2454 lauda-

494 2505 675 2561 biliter
702 2502 994 2575 perorabas
1022 2517 1037 2553 :
1081 2498 1315 2554 assideat
1353 2496 1446 2551 tibi
1469 2495 1686 2566 propria
1707 2501 1763 2549 et
1783 2492 2079 2548 exercitata

495 2597 762 2654 doctrina.
822 2593 983 2649 Modo
1012 2598 1098 2648 est
1124 2590 1253 2646 felix
1274 2596 1331 2645 et
1356 2596 1505 2645 certa
1556 2586 1794 2642 conditio
1841 2584 2082 2654 negotio-

495 2705 647 2756 rum,
678 2686 893 2758 quando
920 2685 1011 2740 ille
1054 2682 1378 2740 sententiam
1407 2679 1571 2748 dicit,
1617 2678 1710 2748 qui
1751 2692 1861 2732 non
1900 2680 2081 2747 potest

496 2781 749 2852 ignorare
776 2778 921 2849 quod
948 2777 1118 2849 eligit.
1161 2774 1279 2830 Non
1317 2773 1461 2829 enim
1489 2770 1645 2827 decet
1662 2769 1898 2839 judicem
1919 2766 2080 2822 mini-

494 2881 666 2930 strum
695 2887 814 2928 esse
839 2869 1135 2927 voluntatis
1178 2866 1433 2931 alterius;
1479 2871 1541 2918 ut
1567 2861 1738 2931 magis
1783 2858 1942 2915 alteri
1985 2871 2082 2927 pa-

494 2972 643 3032 reat,
673 2965 760 3019 cui
789 2972 869 3019 tot
893 2962 1091 3018 milites
1116 2955 1510 3014 obsecundant.
1533 2952 1693 3010 Certe
1713 2952 1761 3007 si
1782 2951 1837 3005 in
1858 2948 1978 3003 aliis
1999 2957 2084 3003 to-

496 3056 775 3113 lerandum
813 3066 1111 3125 utcunque,
1158 3050 1317 3106 nimis
1359 3049 1414 3103 in
1459 3054 1729 3118 quaestore
1773 3040 2082 3113 pudendum

496 3158 613 3219 est;
640 3159 700 3206 ut
726 3149 819 3221 qui
844 3148 1061 3219 eligitur
1084 3144 1153 3200 ad
1177 3141 1437 3215 principis
1474 3138 1757 3196 consilium
1782 3175 1798 3202 ,
1828 3132 2081 3189 solatium

497 3250 779 3315 exspectet
802 3242 1056 3296 alienum.
1076 3236 1141 3290 Et
1162 3236 1307 3301 ideo,
1329 3232 1473 3304 quod
1502 3230 1614 3284 Deo
1636 3226 1855 3298 auspice
1880 3223 2082 3279 dictum

497 3314 721 3404 sit,iper
747 3340 957 3389 sextam
983 3327 1335 3385 indictionem
1366 3323 1538 3393 (Anno
1566 3320 1758 3375 Christi
1790 3314 1915 3387 528)
1943 3328 2086 3384 quai-

497 3433 663 3483 stura:
708 3423 806 3479 tibi
851 3420 1180 3479 conferimus
1231 3416 1569 3485 dignitatem.
1609 3410 1718 3466 Sed
1743 3418 1868 3464 tuus
1909 3406 2085 3461 honor

499 3516 763 3588 imperitis
782 3514 1130 3585 opprobrium
1159 3519 1263 3567 est.
1288 3509 1424 3564 Nam
1446 3506 1585 3562 sicut
1611 3500 1945 3559 conscientia
1961 3498 2083 3553 laeta

499 3616 607 3678 est,
635 3622 754 3679 quae
780 3605 1096 3677 provehitur
1128 3601 1351 3667 meritis,
1382 3599 1461 3654 ita
1487 3596 1588 3652 sub
1616 3602 1771 3650 reatu
1794 3591 1961 3662 jacet,
1988 3588 2084 3660 qui

497 3717 561 3759 se
604 3702 864 3769 imparem
898 3694 1176 3767 cognoscit
1202 3690 1517 3748 muneribus
1544 3683 1870 3744 consecutis.
1903 3679 2084 3736 Habes

497 3793 708 3865 priscos
736 3790 881 3845 viros
907 3828 923 3855 ,
953 3802 1090 3858 quos
1113 3794 1167 3841 te
1192 3784 1384 3839 deceat
1402 3778 1620 3836 imitari.
1651 3773 1901 3831 Praeccde
1942 3770 2084 3825 fama

497 3862 661 3954 quem
701 3880 944 3952 sequeris
968 3878 1245 3948 dignitate.
1276 3874 1411 3930 Nam
1440 3872 1485 3927 si
1511 3880 1563 3927 te
1601 3868 1813 3941 privata
1832 3866 1944 3921 vita
1971 3862 2083 3918 vir~

499 3976 703 4031 tutibus
727 3973 993 4041 exercuit,
1021 3976 1224 4041 quanto
1253 3967 1445 4023 melius
1472 3972 1729 4036 provecta
1757 3956 2084 4015 declarabit?

498 4065 785 4137 Sumpsisti
813 4079 1013 4121 nomen
1044 4078 1114 4118 ex
1134 4060 1340 4117 meritis
1372 4077 1386 4114 :
1419 4055 1653 4122 custodi,
1677 4060 1739 4109 ut
1764 4064 1977 4121 semper
2003 4048 2086 4103 lae-

499 4159 631 4215 teris
676 4156 907 4213 veritate
953 4153 1222 4211 vocabuli.
1253 4150 1391 4206 Nam
1419 4163 1542 4204 cum
1571 4145 1749 4202 omnis
1792 4139 2083 4213 appellatio
2134 4186 2139 4189 .

500 4250 569 4306 ad
595 4247 945 4305 declarandas
986 4261 1075 4303 res
1117 4244 1365 4300 videatur
1395 4240 1647 4311 imposita
1673 4276 1688 4302 ,
1715 4235 1873 4291 nimis
1894 4234 2085 4288 absur-

498 4345 629 4399 dum
658 4349 739 4398 est
765 4349 986 4412 portare
1010 4354 1209 4395 nomen
1243 4338 1508 4402 alienum,
1541 4342 1597 4390 et
1618 4330 1761 4386 aliud
1790 4328 1893 4384 dici
1921 4341 2085 4398 quam

500 4433 671 4505 possit
698 4433 754 4487 in
798 4432 1040 4488 moribus
1089 4429 1336 4486 inveniri.
1369 4427 1571 4483 Verum
1619 4424 1733 4479 haec
1770 4422 1925 4477 boum
1953 4435 2085 4475 con-

500 4522 738 4578 scientia:
764 4522 907 4578 dicta
953 4518 1225 4577 sufficiant
1254 4538 1268 4573 :
1300 4520 1426 4590 quia
1453 4517 1688 4574 dubitari
1735 4514 1804 4571 de
1833 4513 1928 4570 illo
1965 4526 2085 4567 cre~

500 4612 662 4681 ditur,
693 4613 783 4683 qui
810 4613 1051 4685 plurimis
1080 4614 1416 4669 admonetur.

1032 4746 1363 4803 EPISTOLA
1400 4744 1535 4801 XIX.

719 4853 947 4897 δΕΝΔτυι
984 4854 1135 4895 URBIS
1162 4856 1323 4896 ιιοιίιε
1353 4852 1723 4894 ATIIALARICUS
1746 4851 1872 4892 REX.

504 4930 729 4988 Felicem
757 4947 874 5015 cum
889 4933 1100 5015 familia
1127 4932 1366 5004 plurimis
1397 4938 1550 5015 ornat
1577 4930 1817 5012 laudibus
1842 4967 1858 4996 ,
1879 4936 1930 4983 el
1956 4927 2090 4984 scri-

849 5001 921 5057 bit
949 5020 1003 5057 se
1027 5001 1143 5058 eum
1171 5013 1473 5075 quwstorem
1502 5001 1732 5071 elegisse.

571 5094 723 5149 Licet
745 5101 919 5150 coetus
938 5100 1121 5149 vester
1148 5093 1381 5163 genuino
1404 5090 1520 5163 [Ασ.
1547 5099 1597 5146 et
1624 5091 1821 5159 Forn.,
1847 5087 2089 5163 gemino]

501 5183 786 5255 splendore
811 5199 1028 5256 semper
1055 5183 1346 5239 irradietur
1365 5223 1381 5251 ,
1413 5182 1609 5239 clarior
1638 5191 1819 5239 tamen
1852 5184 2093 5239 redditur

502 5274 713 5346 quoties
757 5285 985 5345 augetur
1008 5275 1210 5329 lumine
1233 5273 1572 5344 dignitatum.
1605 5274 1740 5331 Nam
1770 5275 1967 5332 coelum
2010 5275 2092 5345 ip-

501 5382 622 5425 sum
666 5368 837 5426 stellis
863 5367 1258 5443 c0piosissimis
1284 5368 1407 5440 plus
1447 5369 1700 5441 refulget,
1732 5377 1787 5426 et
1807 5370 1874 5426 de
1903 5383 2094 5425 nume-

502 5475 625 5517 rosa
662 5462 1062 5533 pulchritudine
1090 5461 1393 5519 mirabilem
1420 5462 1750 5519 intuentibus
1792 5461 1967 5517 reddit
1993 5460 2091 5515 de-

502 5568 708 5626 corem.
748 5554 963 5612 Naturae
1010 5555 1276 5626 siquidem
1328 5556 1549 5612 insitum
1577 5562 1662 5612 est
1715 5560 1775 5609 ut
1819 5552 2090 5609 bonorum

502 5647 661 5719 cepia
689 5647 812 5718 plus
836 5647 1091 5705 delectet.
1139 5645 1302 5707 Prata
1338 5647 1574 5719 denique
1600 5645 1824 5706 ﬂoribus
1851 5647 2086 5719 pingun-

2181 1953 2519 2025 triumphalis
2574 1952 2903 2019 adsciverit,
2956 1958 3224 2021 quatenus
3274 1949 3468 2020 palmis
3522 1948 3771 2006 felicibus

2179 2046 2529 2116 inauguratus
2580 2044 2731 2100 vobis
2770 2044 2927 2100 daret
2966 2044 3149 2100 omina
3186 2043 3513 2100 laureatum.
3564 2042 3650 2097 Ad
3693 2041 3771 2098 fo-

2177 2152 2336 2193 rense
2353 2136 2688 2209 gymnasium
2712 2136 2887 2206 prima
2906 2143 3067 2192 aetate
3092 2134 3373 2202 deductus,
3397 2133 3605 2191 studuit
3626 2149 3769 2190 scm-

2178 2248 2277 2305 per
2300 2232 2594 2302 integritati
2615 2231 2842 2299 mentis;
2879 2238 2937 2287 et
2962 2231 3327 2287 nobilissimus
3347 2229 3580 2301 pudore,
3607 2228 3770 2285 casti-

2182 2332 2349 2380 tatem
2384 2323 2625 2395 corporis
2677 2324 2776 2379 sub
2818 2323 2986 2379 nimio
3024 2323 3214 2380 labore
3247 2321 3527 2393 transegit.
3574 2319 3773 2377 Orator

2180 2414 2473 2482 facundus,
2520 2416 2868 2485 gravissimus
2906 2423 3166 2486 patronus
3189 2455 3206 2482 ,
3250 2422 3533 2485 susceptas
3582 2426 3774 2469 causas

2181 2506 2293 2561 suis
2314 2506 2597 2575 praeconiis
2626 2505 2951 2575 adjuvabat;
2980 2506 3199 2576 quando
3232 2504 3382 2561 credi
3424 2519 3534 2560 non
3562 2509 3775 2576 poterat

2183 2595 2461 2665 negotium
2489 2596 2869 2666 improbabile,
2904 2596 2991 2653 cui
3024 2596 3150 2653 talis
3176 2595 3462 2652 videbatur
3496 2595 3771 2652 assistere.

2183 2684 2373 2740 Nonne
2389 2686 2803 2756 praetermittere
2819 2687 2964 2744 hunc
2983 2686 3158 2742 virum
3174 2693 3317 2743 esset
3337 2684 3614 2757 publicum
3635 2685 3776 2741 dam.

2181 2783 2351 2837 num?
2380 2780 2519 2848 Quid
2555 2782 2700 2837 enim
2727 2790 2821 2839 aut
2847 2783 3003 2839 nobis
3042 2790 3137 2839 aut
3155 2781 3310 2839 vobis
3336 2780 3499 2839 debet
3533 2797 3659 2839 esse
3684 2797 3774 2848 ao-

2183 2846 2585 2946 ceptius—quam
2612 2883 2797 2932 vestro
2834 2876 3091 2947 conjungi
3118 2876 3297 2942 lateri,
3333 2878 3427 2947 qui
3452 2876 3599 2933 inter
3634 2846 3777 2948 leges

2182 2967 2381 3021 meruit
2429 2969 2751 3038 approbari?
2790 2970 2989 3025 Amare
3035 2985 3272 3040 namque
3307 2984 3400 3026 eas
3441 2978 3643 3042 potest,
3684 2984 3777 3042 per

2183 3074 2317 3130 quas
2347 3059 2540 3118 doctus
2566 3062 2762 3117 enituit
2789 3081 2803 3116 :
2831 3062 2963 3119 dum
2988 3062 3207 3119 affectat
3250 3064 3622 3135 unusquisque
3659 3063 3777 3135 glo-

2185 3150 2320 3205 riam
2348 3166 2524 3222 suam,
2554 3168 2656 3208 nec
2681 3153 2924 3210 oblivisci
2951 3162 3136 3225 potest
3164 3155 3396 3224 animus,
3424 3169 3496 3210 ex
3535 3169 3643 3226 qua
3683 3169 3782 3210 no-

2108 3254 2156 3317 C
2186 3239 2269 3294 bis
2313 3247 2471 3310 parte
2513 3239 2677 3298 fuerit
2714 3243 2971 3299 sociatus.
3015 3243 3245 3300 Creditis
3293 3243 3454 3311 forte,
3504 3244 3779 3317 principes

2184 3332 2307 3399 viri,
2331 3347 2530 3388 novam
2558 3334 2612 3389 in
2637 3334 2782 3391 hunc
2821 3336 3268 3408 impetratamque
3298 3338 3611 3409 apparuisse
3641 3353 3780 3408 pru-

2183 3421 2435 3478 dentiam.
2470 3423 2634 3495 Origo
2662 3426 2780 3496 ejus
2821 3427 3190 3485 haereditarias
3226 3429 3329 3486 sibi
3365 3429 3564 3485 litteras
3590 3428 3781 3485 vindi-

2183 3514 2344 3583 cavit,
2374 3516 2527 3586 cujus
2550 3525 2706 3588 pater
2744 3519 2819 3574 ita
2858 3520 2913 3575 in
2952 3519 3345 3578 Mediolanensi
3379 3521 3495 3577 foro
3529 3521 3783 3593 resplen-

2183 3605 2318 3673 duit,
2348 3615 2410 3663 ut
2451 3617 2654 3665 aeterno
2680 3608 2858 3666 fructu
2878 3627 2910 3667 e
2951 3610 3199 3669 Tulliano
3230 3614 3442 3685 cespite
3466 3614 3778 3684 pullularet.

2184 3694 2419 3754 Proinde
2445 3699 2693 3767 quamvis
2717 3700 2787 3755 sit
2812 3698 2899 3757 vel
2922 3701 3063 3757 inter
3082 3702 3384 3760 mediocres
3408 3702 3781 3761 dillicillimum

2183 3789 2433 3860 placendi
2486 3805 2678 3861 genus,
2724 3801 2911 3849 tamen
2957 3794 3327 3852 advocationis
3378 3796 3597 3853 laudem
3642 3797 3782 3852 inter

2182 3882 2471 3952 primarios
2506 3883 2833 3953 eloQucntite
2870 3885 3181 3955 frequenter
3217 3888 3415 3944 meruit
3441 3888 3709 3944 invenire.
3733 3886 3782 3944 Is

2184 3980 2372 4027 contra
2408 3986 2664 4043 magnum
2692 3972 2971 4046 Olybrium
2992 3977 3164 4045 stetit,
3191 3976 3235 4033 is
3273 3977 3577 4047 palmarum
3612 3975 3781 4047 Euge-

2186 4063 2328 4120 netis
2369 4063 2568 4134 lingua:
2605 4066 2855 4121 ubertate
2895 4067 3134 4134 sulfecit;
3175 4075 3232 4123 et
3268 4067 3373 4122 illis
3412 4083 3515 4138 par
3556 4068 3779 4133 exstitit,

2190 4172 2329 4227 quos
2353 4157 2654 4227 singulares
2680 4157 2852 4213 Roma
2887 4160 3158 4229 cognovit.
3190 4158 3330 4226 Quid
3371 4159 3515 4214 enim
3554 4174 3784 4229 genero-

2185 4250 2298 4308 sius
2327 4265 2489 4320 quam
2516 4259 2598 4308 tot
2619 4252 2924 4308 litterarum
2949 4268 3204 4323 proceres
3228 4253 3483 4309 habuisse
3511 4253 3785 4323 majores?

2187 4341 2322 4397 Nam
2346 4344 2394 4398 si
2412 4344 2726 4399 inveteratae
2753 4351 2810 4400 et
2834 4360 2933 4415 per
2956 4360 3127 4415 genus
3146 4345 3321 4400 ductae
3353 4344 3555 4400 divitiae
3579 4345 3785 4401 nobiles

2187 4436 2416 4506 faciunt,
2460 4438 2632 4493 multo
2680 4438 2854 4507 magis
2894 4439 3237 4508 praestantior
3283 4445 3386 4503 est,
3433 4437 3591 4507 cujus
3633 4438 3784 4505 origo

2192 4530 2465 4587 thesauris
2498 4530 2795 4600 prudentiae
2832 4531 3074 4603 locuples
3100 4533 3389 4587 invenitur.
3417 4530 3784 4600 Quapropter,

2112 4639 2167 4700 ι)
2192 4630 2372 4692 patres
2396 4622 2708 4693 conscripti,
2737 4622 2915 4678 favete
2954 4631 3142 4679 nostro
3176 4624 3397 4693 judicio,
3429 4638 3497 4678 ac
3522 4622 3636 4676 suis
3670 4634 3783 4675 me-

2194 4714 2313 4770 ritis
2351 4714 2657 4780 candidato,
2699 4715 2915 4784 quando
2953 4716 3110 4787 13h
3137 4717 3181 4774 si
3217 4716 3379 4787 [Ms.,
3416 4713 3515 4769 Gr.
3561 4724 3611 4768 et
3642 4713 3782 4784 Cuj.,

2196 4804 2295 4876 sic]
2325 4806 2547 4877 collegae
2581 4819 2800 4863 manum
2821 4805 3122 4864 clementiae
3157 4806 3451 4879 porrigitis,
3485 4820 3584 4862 vos
3608 4803 3785 4876 potius

2197 4898 2509 4957 sublevatis.

2746 5033 3082 5092 EPISTOLA
3119 5033 3237 5092 XX.

2193 5142 2419 5187 ΔιΒΙΕΝο
2448 5140 2572 5184 ΥΠΙΟ
2601 5143 2868 5197 ιιιυετιυ,
2892 5143 3183 5186 ΡἎιΕΡΕΟΤΟ
3214 5140 3515 5193 ΡΒᾸΞΤΟΜΟ,
3548 5138 3786 5180 unau-

2836 5214 2985 5255 RICUS
3014 5215 3143 5255 REX.

2766 5262 2793 5271 an.

2194 5312 2391 5370 Scribit
2434 5328 2489 5367 se
2535 5316 2840 5385 prazfeclum
2881 5315 3127 5386 praztorio
3170 5324 3380 5386 prapter
3408 5311 3792 5386 improbitatem

2271 5332 2391 5368 rum
2434 5332 2489 5367 se
2535 5332 2840 5385 prwjecmm
2881 5332 3127 5386 prazmrio
3170 5332 3380 5386 propter
3408 5332 3481 5368 im
3521 5332 3792 5368 rouuamu

2266 5386 2578 5456 praefectura
2615 5387 2888 5451 amovisse,
2923 5394 2971 5440 ct
2996 5387 3048 5438 in
3074 5385 3184 5455 ejus
3219 5386 3386 5441 locum
3408 5332 3677 5456 suﬁecisse
3698 5382 3792 5436 Αι-

2269 5455 2491 5521 bienum,
2516 5456 2602 5527 qui
2623 5471 2944 5527 summopere
2967 5458 3305 5528 prtedicalur.

2272 5546 2512 5603 Assertio
2532 5548 2853 5604 meritorum
2880 5558 2981 5617 est,
3013 5550 3260 5620 potuisse
3286 5548 3413 5621 eligi
3443 5556 3575 5620 post
3600 5548 3794 5618 impro-

2197 5641 2422 5698 bitatem
2440 5638 2635 5709 iudicis
2661 5642 2902 5699 accusati
2927 5660 2940 5697 :
2963 5642 3181 5714 quando
3200 5656 3456 5700 excessus
3484 5635 3792 5714 praecedem

507 5760 531 5793 ’⁸
576 5806 604 5836 ι
635 5798 885 5876 suscepti
904 5802 1124 5864 nomine
1141 5774 1393 5864 clientem
1416 5799 1675 5873 intellige.
1716 5800 1795 5865 De
1837 5815 1948 5876 quo
1968 5800 2136 5863 verbo
2181 5797 2312 5861 dicit
2336 5796 2510 5859 iuret.
2541 5812 2602 5860 se
2629 5796 2947 5859 observasse
2976 5798 3033 5859 in
3057 5798 3202 5859 notis
3226 5798 3297 5858 ad
3330 5796 3668 5871 Symmach.,
3698 5791 3771 5854 lib

506 5882 565 5942 v,
593 5868 756 5942 epist.
784 5868 876 5926 59.
