4018 6348
248 352 357 413 755

1500 347 1861 406 VARIARUM
1901 345 2106 406 LIBER
2145 349 2276 405 Vlll.

3418 349 3526 409 754

246 463 379 531 tium
408 485 518 527 non
553 469 855 540 corrigitur,
883 467 986 526 nisi
1030 481 1154 526 cum
1181 480 1465 525 successor
1485 467 1720 538 Optimus
1748 467 1833 521 in-
1858 472 1910 534 Α
1936 468 2107 539 pienti
2149 467 2440 534 offendere,
2486 465 2575 521 ubi
2623 466 2848 522 alterum
2889 465 3092 538 reperit
3131 465 3400 524 incidisse.
3429 465 3526 525 Jus

248 569 476 626 venitur.
510 565 807 623 Contrariis
827 565 989 623 rebus
1009 565 1326 636 plerumque
1353 561 1617 618 medicina
1645 575 1834 617 succe-

246 661 340 717 dit.
382 660 516 715 Nam
563 659 692 715 dum
738 658 887 714 calor
912 657 1091 713 vitalis
1137 653 1406 711 adhibitus
1446 653 1627 721 fuerit,
1666 652 1833 724 frigus

245 752 558 829 pestiferum
580 759 709 808 tunc
735 750 960 808 recedit.
988 749 1179 805 Nubila
1206 748 1323 820 ipsa
1347 755 1632 804 ventorum
1661 745 1834 818 spira-

245 847 389 902 tione
430 852 745 916 terguntur;
795 850 851 900 et
877 841 1073 912 Aquilo
1093 840 1288 896 faciem
1326 840 1450 896 εωιί
1489 838 1832 910 tranquillam

243 941 436 1010 reddit,
462 955 624 1011 quam
661 937 928 994 Australis
955 952 1086 993 aura
1119 935 1432 992 turbaverit.
1477 933 1568 990 Sic
1606 949 1706 989 nos
1746 932 1836 989 dc-

243 1047 515 1091 cessorem
546 1037 702 1086 tuum
727 1029 1100 1087 submovimus
1131 1041 1318 1084 amore
1355 1025 1743 1097 generalitatis,
1774 1030 1835 1080 ut

243 1136 302 1183 tu
327 1124 715 1181 saluberrimus
754 1121 1056 1178 advenires.
1097 1119 1380 1178 Contraria
1404 1118 1674 1191 prioribus
1707 1116 1833 1172 imi-

242 1225 376 1282 tare,
409 1223 467 1271 ct
495 1213 762 1270 laudanda
784 1211 1058 1286 peregisti.
1088 1211 1183 1266 llle
1210 1209 1492 1266 calumniis
1513 1207 1750 1274 odiosus,
1774 1212 1832 1261 tu

240 1309 394 1368 stude
436 1318 500 1366 ut
537 1309 747 1380 justitia
785 1306 1032 1365 reddaris
1072 1315 1346 1379 acceptus.
1391 1304 1581 1377 Rapax
1629 1304 1744 1375 ille,
1773 1311 1835 1359 tu

239 1404 542 1461 continens.
570 1403 848 1460 Bonorum
877 1401 1120 1458 omnium
1145 1401 1329 1456 brevis
1353 1408 1438 1455 est
1465 1398 1729 1465 definitio,
1751 1397 1833 1454 vi-

240 1502 351 1552 tare
385 1509 508 1566 quae
540 1494 698 1564 fecit;
739 1494 996 1565 quoniam
1023 1507 1153 1550 vere
1188 1491 1495 1548 illaudanda
1537 1499 1685 1562 sunt,
1714 1505 1833 1562 qua:

237 1602 330 1644 suo
373 1586 586 1658 judicio
630 1585 1023 1657 comprobavit.
1070 1583 1304 1656 Respice
1353 1583 1587 1654 denique
1636 1583 1690 1638 in
1739 1582 1832 1638 illo

237 1679 414 1737 odium
439 1679 737 1752 publicum,
769 1687 826 1736 et
853 1687 913 1736 tu
938 1693 1183 1736 amorem
1204 1679 1462 1736 affectare
1488 1685 1827 1734 cunctorum.

237 1771 392 1828 Tanti
436 1772 546 1828 tuis
573 1773 816 1830 moribus
843 1773 1048 1843 gratias
1069 1780 1251 1846 agant,
1291 1772 1481 1844 quanti
1507 1773 1650 1829 illius
1678 1788 1832 1829 acer-

1934 560 2075 616 forte
2103 568 2408 632 prmtercat,
2457 559 2549 629 qui
2571 557 2695 627 jura
2723 560 2979 628 nescivit;
3008 567 3181 615 totum
3208 574 3241 615 a
3267 568 3323 616 te
3348 559 3527 631 legiti-

1933 674 2081 714 mum
2109 657 2385 729 qutcritur,
2423 655 2575 726 cujus
2615 656 2770 724 origo
2811 655 3028 713 indocta
3058 656 3221 711 fuisse
3259 655 3520 712 nescitur.

1934 751 2195 823 rEquales
2235 751 2330 808 tibi
2375 758 2501 809 sunt
2537 749 2660 806 libri
2687 756 2933 805 veterum
2969 756 3026 804 et
3070 748 3313 806 actiones
3336 763 3526 819 paren-

1936 850 2072 899 tum.
2105 841 2306 898 Prtcsta
2335 842 2579 914 opinioni
2619 850 2745 910 ture,
2775 847 2976 912 praesta
3015 847 3202 896 nostro
3227 837 3430 911 judicio
3456 848 3518 896 ut

1934 935 2110 1008 impar
2135 951 2244 990 non
2271 935 2345 991 sis
2364 934 2570 990 meritis
2589 947 2821 1007 quorum
2848 929 3072 1003 παυθειί
3099 945 3198 1006 per
3218 935 3403 992 nostra
3428 929 3527 989 be-

1933 1029 2126 1088 neficia
2154 1029 2459 1101 dignitates.

2474 1182 2808 1240 EPISTOLA
2843 1181 2990 1239 XXI.

2103 1290 2358 1338 CYPRIANO
2396 1291 2521 1332 VIRO
2551 1292 2798 1332 PATRICIO
2826 1288 3193 1330 ATIIALARICUS
3232 1288 3357 1328 REX.

1937 1364 2096 1422 Ilium
2125 1369 2188 1423 ob
2216 1370 2419 1440 egregia
2457 1369 2654 1423 bellica:
2679 1370 2882 1440 virtutis
2913 1368 3169 1440 facinora_,
3213 1372 3260 1418 et
3295 1365 3357 1418 ob
3386 1364 3526 1440 filios

1973 1467 1980 1486 έ
2007 1441 2134 1493 bene
2159 1435 2420 1495 insiitutos
2445 1441 2650 1511 regique
2676 1438 2874 1494 oblatos
2901 1435 3098 1494 laudat.
3125 1435 3255 1490 Tum
3279 1437 3526 1506 patricia—

2009 1519 2091 1564 tus
2112 1512 2415 1583 dignitatem
2436 1514 2481 1566 ei
2511 1512 2730 1582 confert.

2007 1604 2159 1661 Licet
2185 1605 2415 1676 propriis
2445 1604 2755 1674 frequenter
2783 1603 3078 1660 honoribus
3101 1611 3160 1658 et
3182 1601 3423 1673 germani
3447 1600 3527 1656 tui

1933 1697 2099 1754 fueris
2117 1697 2377 1767 dignitate
2401 1696 2668 1763 laudatus,
2697 1703 2877 1752 tamen
2898 1695 3022 1766 quia
3048 1702 3238 1749 natura
3259 1695 3528 1749 bonorum

1933 1806 2046 1846 non
2080 1789 2399 1861 expenditur
2436 1804 2560 1845 cum
2596 1787 2845 1854 refertur,
2875 1786 3030 1857 quasi
3059 1785 3128 1840 ad
3157 1784 3417 1854 judicium
3440 1799 3528 1838 re-

234 1863 457 1922 bitatcm
499 1864 725 1921 actionis
765 1871 1041 1923 accusant.
1072 1864 1330 1922 Animare
1368 1865 1530 1936 igitur
1557 1865 1824 1923 dedecore
1852 1871 1902 1934 B
1929 1882 2205 1949 vel-timur,
2231 1881 2299 1938 de
2329 1897 2437 1954 quo
2457 1881 2570 1952 jam
2594 1881 2862 1952 pmconia
2885 1880 3054 1935 multa
3074 1886 3392 1934 εοηυθι-υηι,
3423 1875 3529 1932 Te.

233 1958 606 2030 prtecedentis,
648 1959 868 2029 quando
889 1966 1013 2030 post
1040 1958 1193 2016 illum
1225 1959 1481 2031 professae
1509 1958 1728 2014 malitia:
1749 1959 1832 2014 vi-

231 2070 370 2126 rum,
421 2054 511 2111 vel
561 2070 594 2110 a
641 2054 803 2112 malis
845 2054 1170 2112 abstinuisse
1227 2053 1497 2110 laudabile
1549 2061 1652 2110 est.
1696 2051 1831 2107 Nam

229 2148 386 2219 quale
411 2148 541 2216 erit,
571 2147 617 2204 si
649 2147 914 2205 beneﬁcia
951 2147 1244 2221 provinciis
1265 2148 1471 2204 tribuas
1498 2162 1618 2219 quae
1645 2147 1834 2203 hacte-

230 2258 328 2298 nus
354 2257 470 2300 non
490 2241 800 2298 habebant?
823 2241 1034 2298 Bonum
1056 2241 1332 2298 insolitum
1361 2241 1483 2312 plus
1505 2247 1746 2305 amatur;
1777 2245 1834 2294 et

228 2333 478 2406 sequenti
513 2332 708 2404 gaudio
737 2333 951 2391 confert
986 2332 1324 2390 dulcedinem
1362 2338 1668 2404 temporum
1696 2345 1834 2402 prte-

230 2423 390 2481 missa
412 2425 656 2481 tristitia.
690 2425 868 2498 Atque
893 2425 1016 2483 ideo
1037 2424 1382 2498 prtcfecturae
1413 2425 1509 2480 tibi
1537 2423 1712 2481 fasces
1735 2437 1834 2494 per

230 2522 445 2571 sextam
467 2514 697 2573 feliciter
729 2516 1078 2574 indictionem
1108 2518 1284 2589 (Anno
1315 2516 1506 2572 Christi
1538 2515 1688 2589 528),
1721 2515 1834 2570 Deo

229 2607 564 2676 auxiliante,
607 2605 938 2665 conferimus
974 2623 1134 2679 :qute
1171 2617 1379 2680 quanto
1422 2607 1523 2664 fuit
1567 2608 1835 2664 hactenus

230 2698 452 2758 laesione
480 2700 757 2770 terribilis,
786 2708 938 2756 tanta
973 2715 1118 2756 nunc
1137 2701 1342 2756 habere
1370 2701 1536 2756 debet
1570 2699 1835 2756 beneficia

227 2792 490 2863 lenitatis,
523 2793 790 2868 siquidem
816 2794 1057 2851 sauciata
1091 2802 1184 2850 tua
1212 2809 1342 2852 cura
1366 2792 1658 2850 refovenda
1685 2800 1830 2849 sunt.

228 2881 349 2941 Non
391 2885 519 2954 tuis,
560 2900 670 2942 non
717 2884 908 2941 alienis
953 2883 1203 2941 manibus
1247 2883 1531 2956 quisquam
1559 2891 1830 2964 gravetur.

225 2976 363 3034 Nam
394 2977 537 3050 ultra
566 2993 755 3036 omnes
777 2978 1083 3049 impietates
1123 2986 1207 3035 est
1240 2993 1436 3035 nocere
1459 2975 1576 3052 [εν.
1603 2985 1654 3030 et
1687 2975 1833 3047 Cuj.,

1932 1975 2222 2032 stilicatum
2240 1975 2412 2032 estde
2435 1982 2489 2030 te
2509 1975 2770 2046 quidquid
2790 1974 2859 2031 de
2885 1973 3151 2041 fidelibus,
3177 1970 3436 2044 quidquid
3460 1969 3530 2025 de

1931 2067 2281 2125 benemeritis
2305 2067 2490 2124 debuit
2514 2067 2788 2124 atslimari.
2818 2067 2925 2124 Sed
2950 2067 3109 2137 digne
3136 2064 3373 2131 laudum,
3401 2078 3529 2119 cum

1931 2160 2184 2228 voluerit,
2215 2160 2482 2218 novitates
2511 2161 2728 2230 emittit,
2753 2161 2847 2232 qui
2887 2176 2948 2217 se
2994 2159 3224 2216 actionis
3258 2157 3530 2229 probitate

1933 2251 2242 2322 complevit.
2285 2251 2488 2308 Natura
2527 2253 2781 2324 perennis
2827 2249 2991 2308 fontis
3035 2257 3120 2307 est
3171 2250 3354 2320 gloriae
3387 2263 3530 2305 vena

1933 2345 2400 2422 laudabilispnam
2428 2345 2572 2402 sicut
2598 2345 2689 2402 ille
2719 2354 2747 2384 ι
2775 2344 2995 2400 fluendo
3034 2359 3146 2400 non
3184 2340 3528 2414 expenditur,

1933 2437 2013 2493 sic
2027 2452 2128 2492 nec
2151 2437 2252 2494 ista
2275 2436 2472 2494 celebri
2493 2452 2745 2494 sermone
2763 2437 3014 2493 siccatur.
3034 2435 3191 2503 Quod
3210 2434 3331 2490 etsi
3353 2439 3530 2487 trans-

1933 2536 2056 2585 acta
2089 2536 2388 2597 taceantur,
2420 2546 2560 2586 nova
2599 2529 2844 2601 probaris
2871 2542 3160 2598 suggerere
3194 2541 3315 2599 qua:
3341 2525 3529 2580 dican-

1937 2625 2041 2686 tur,
2074 2620 2162 2690 qui
2193 2635 2314 2674 cum
2341 2629 2500 2676 nitate
2529 2621 2729 2676 crescis
2757 2634 2970 2689 semper
2997 2625 3053 2674 et
3076 2617 3301 2673 meritis.
3325 2614 3531 2672 Cursus

1936 2725 2198 2766 annorum
2239 2711 2412 2768 laudis
2452 2713 2546 2768 tibi
2586 2719 2844 2782 procurat
2883 2718 3250 2780 augmentum.
3281 2707 3532 2763 Senescis

1935 2801 2156 2872 quidem
2202 2817 2454 2872 corpore,
2500 2802 2596 2858 sed
2641 2802 2798 2858 laude
2838 2799 3166 2871 juvenescis.
3211 2798 3404 2853 Merito
3434 2797 3531 2852 tibi

1936 2893 2202 2966 prolixior
2221 2901 2353 2949 tetas
2379 2901 2615 2965 Optatur,
2642 2894 2695 2949 in
2722 2909 2830 2963 quo
2856 2891 2997 2946 fama
3019 2905 3234 2960 semper
3259 2889 3534 2945 robustior

1939 2984 2228 3041 invenitur.
2274 2983 2518 3040 Habuisti
2566 2985 2666 3040 sub
2711 2985 2848 3040 divae
2895 2981 3169 3056 memoria:
3200 2981 3400 3038 domno
3427 2995 3533 3036 avo

223 3068 452 3142 necare]
475 3071 653 3139 laisos,
678 3070 771 3140 qui
791 3084 988 3126 sanare
1008 3068 1249 3128 creditur
1265 3068 1596 3125 vulneratos.
1625 3064 1830 3123 Redeat

1938 3084 2126 3133 nostro
2158 3077 2211 3131 in
2241 3084 2469 3147 utraque
2514 3083 2670 3147 parte
2714 3075 2962 3131 laudatas
2999 3089 3213 3144 semper
3255 3071 3530 3129 excubias.

225 3161 302 3217 ad
339 3175 545 3218 nomen
595 3162 877 3233 antiquum
918 3160 1241 3233 pmfectura
1277 3161 1371 3216 illa
1415 3161 1677 3232 praetorii,
1719 3167 1835 3216 toto
1941 3167 2087 3224 Vidit
2111 3176 2168 3224 te
2195 3167 2371 3224 adhuc
2397 3167 2611 3237 gentilis
2643 3167 2916 3222 Danubius
2950 3165 3306 3222 bellatorem:
3340 3178 3450 3219 non
3479 3171 3534 3219 te

221 3253 366 3311 orbe
388 3251 695 3310 laudabilis.
724 3252 892 3323 Cujus
938 3254 983 3310 si
1022 3253 1345 3326 principium
1385 3268 1708 3323 quaeramus,
1738 3269 1837 3324 per
1863 3251 1912 3318 (Ξ
1941 3261 2135 3317 terruit
2162 3260 2448 3330 Bulgarum
2479 3259 2691 3328 globus,
2717 3259 2810 3328 qui
2836 3259 2998 3314 etiam
3027 3257 3227 3313 nostris
3253 3265 3374 3312 erat
3391 3269 3521 3326 pra:-

227 3343 439 3416 Joseph
483 3359 513 3399 a
541 3345 819 3401 beneficiis
847 3345 1145 3402 inchoavit.
1191 3344 1303 3401 Nec
1329 3345 1600 3402 immerito
1627 3361 1659 3400 a
1699 3345 1834 3416 legi-

227 3437 330 3496 bus
352 3437 555 3494 nostris
578 3445 738 3510 pater
765 3438 1184 3510 provinciarum,
1215 3445 1372 3508 pater
1389 3438 1554 3493 etiam
1576 3438 1836 3508 prtcdica-

229 3539 321 3588 tur
348 3531 563 3604 imperii
589 3550 602 3586 :
627 3532 754 3604 quia
778 3533 858 3588 sic
871 3531 1039 3603 juste,
1066 3532 1145 3588 sic
1172 3531 1396 3604 provide
1418 3531 1504 3601 agi
1527 3532 1830 3600 voluerunt,

229 3631 291 3682 ut
316 3640 432 3683 non
462 3623 764 3682 districtum
789 3624 986 3695 judicis
1015 3639 1237 3694 nomen,
1267 3625 1363 3680 sed
1406 3624 1728 3681 vocabulum
1755 3625 1832 3681 illi

229 3718 447 3789 pietatis
499 3718 863 3790 imponerent.
913 3717 1080 3773 iustis
1133 3733 1199 3773 ac
1241 3716 1436 3774 debitis
1495 3717 1833 3788 compendiis

229 3817 477 3866 nostrum
505 3825 604 3882 per
630 3812 712 3900 ξιξ
752 3817 966 3866 crescat
1002 3810 1273 3865 aerarium.
1311 3807 1486 3865 Lucra
1527 3809 1828 3878 reuuimus,

229 3914 348 3973 quae
374 3904 558 3975 legum
585 3913 743 3960 cauta
771 3904 1090 3976 profanant;
1133 3904 1389 3977 pecunias
1414 3905 1534 3961 illas
1560 3905 1827 3973 volumus,

231 3996 426 4066 quibus
448 3996 584 4053 libra
601 3995 824 4067 justitiae
842 3996 1183 4070 suffragatur.
1208 3997 1378 4055 IEdes
1405 4007 1618 4054 nostras
1639 3998 1831 4068 nequi-

228 4087 352 4146 tiam
396 4105 510 4147 non
551 4090 787 4162 patimur
816 4091 1060 4160 introire,
1111 4092 1238 4162 quia
1279 4108 1382 4149 nec
1410 4093 1622 4165 privata
1661 4093 1832 4148 intro-

229 4184 448 4243 mittere
474 4182 604 4258 [Με.
627 4195 678 4240 et
699 4183 816 4254 Gn,
847 4185 1099 4258 privatim
1123 4185 1489 4259 introducere]
1541 4200 1831 4256 possumus

225 4290 382 4348 quam
407 4277 625 4351 publica
653 4294 790 4336 voce
810 4279 1150 4337 damnamus.
1192 4280 1410 4347 Audite,
1438 4279 1672 4351 judices,
1701 4279 1829 4350 quid

227 4382 492 4439 amemus,
521 4370 691 4428 nolite
733 4371 881 4426 aliud
909 4371 966 4427 in
1003 4371 1203 4427 malum
1241 4371 1517 4442 publicum
1543 4369 1825 4442 suspicari.

226 4457 354 4520 Nam
382 4463 477 4520 cui
497 4479 594 4520 vos
619 4479 720 4536 per
740 4463 953 4534 iniquas
974 4462 1310 4534 provisiones
1331 4463 1551 4519 creditis
1572 4477 1693 4519 esse
1713 4461 1831 4534 pla-

225 4552 445 4624 cituros,
473 4571 600 4612 cum
627 4571 728 4613 nos
774 4554 1118 4626 cognoscatis
1164 4555 1282 4611 sola
1313 4553 1406 4610 illa
1435 4554 1680 4624 diligere,
1709 4568 1830 4626 quae

1938 3353 2245 3424 sumptione
2281 3351 2590 3408 certaminis
2626 3351 2956 3406 obstaturus.
2999 3348 3276 3405 Peculiare
3311 3347 3409 3404 tibi
3437 3345 3530 3403 fuit

1938 3453 1995 3502 et
2022 3446 2317 3502 renitentes
2345 3444 2607 3500 barbaros
2645 3444 2882 3514 aggredi,
2922 3450 2979 3500 et
3007 3457 3299 3500 conversos
3326 3449 3538 3499 terrore

1937 3541 2155 3599 sectari.
2203 3540 2296 3597 Sic
2339 3540 2621 3597 victoriam
2668 3539 2972 3596 Gothorum
3009 3553 3119 3594 non
3156 3545 3266 3594 tam
3307 3549 3537 3592 numero

1936 3648 2098 3704 quam
2142 3633 2331 3690 labore
2375 3633 2584 3704 juvisti.
2625 3631 2822 3689 Postea
2851 3647 3004 3698 vero,
3032 3629 3177 3702 quod
3215 3645 3324 3686 non
3361 3629 3537 3684 minus

1937 3726 2068 3798 ipsis
2087 3725 2477 3782 certaminibus
2508 3725 2623 3794 fuit,
2654 3723 3006 3781 referendarii
3033 3721 3271 3779 officium
3301 3721 3535 3777 laborio-

1937 3822 2010 3878 sis
2050 3820 2488 3877 contentionibus
2535 3820 2856 3876 exhibebas.
2909 3818 3153 3874 Fuerunt
3199 3816 3342 3871 enim
3393 3813 3534 3884 apud

1934 3914 2085 3970 illum
2111 3913 2368 3969 virtutum
2399 3912 2638 3969 omnium
2659 3911 2832 3967 virum
2861 3907 3206 3965 exercitualia
3232 3905 3317 3961 vel
3345 3911 3532 3974 pacata

1934 4005 2171 4063 servitia.
2202 4003 2332 4072 Quis
2360 4005 2506 4060 enim
2541 4020 2650 4060 non
2679 4012 2864 4072 ageret
2890 4001 3111 4066 bellum,
3135 3998 3229 4069 qui
3259 3997 3333 4052 illi
3362 3997 3532 4067 potuit

1934 4108 2252 4170 competens
2299 4097 2555 4153 exhibere
2600 4095 2957 4166 responsum?
2988 4092 3092 4160 Qui
3132 4097 3335 4146 tantam
3365 4089 3532 4144 firmi-

1935 4200 2101 4248 tatem
2131 4190 2299 4246 animi
2338 4205 2558 4263 semper
2587 4190 2786 4258 exegit,
2814 4195 3021 4242 tantam
3050 4186 3336 4242 verborum
3365 4185 3420 4240 in
3450 4199 3532 4241 as-

1935 4282 2165 4340 serenda
2207 4282 2438 4339 veritatc
2479 4280 2862 4345 constantiam,
2903 4287 2964 4334 ut
3009 4279 3204 4336 merito
3244 4293 3303 4334 se
3343 4277 3533 4334 vicisse

1934 4377 2140 4433 diceret
2186 4376 2423 4441 hostem,
2471 4375 2565 4447 qui
2613 4374 2707 4432 illo
2757 4381 3025 4446 prasente
3069 4372 3240 4427 vitare
3278 4371 3532 4428 valuisset

1932 4483 2193 4526 errorem.
2231 4467 2370 4524 llinc
2399 4468 2503 4524 fuit
2533 4467 2680 4537 quod
2718 4466 2834 4537 ejus
2880 4464 3139 4537 obsequia
3186 4463 3533 4520 reddiderunt

1931 4559 2244 4632 prudentes,
2275 4559 2402 4631 quia
2438 4558 2648 4616 cautela
2686 4573 2904 4629 semper
2940 4557 3182 4614 adhibita
3221 4556 3379 4628 erigit
3404 4571 3532 4613 sen-

227 4654 450 4716 possunt
471 4646 696 4718 iustitiae
721 4647 943 4704 monitis
970 4647 1301 4703 convenire?
1326 4645 1536 4703 Vestris
1568 4646 1680 4716 iam
1706 4662 1822 4704 mo-
1848 4646 1904 4710 D
1928 4669 2080 4723 sum;
2110 4660 2167 4710 et
2189 4653 2316 4709 dum
2341 4653 2553 4724 culpam
2578 4652 2700 4724 quis
2721 4651 2976 4710 formidat
2995 4652 3290 4718 incurrere,
3313 4651 3533 4722 sapien-

225 4735 367 4797 tibus
395 4737 657 4812 peccatis,
690 4739 738 4797 si
764 4746 891 4811 post
937 4739 1040 4795 ista
1075 4737 1407 4810 delinquitis.
1449 4736 1558 4794 Sed
1584 4737 1662 4794 illi
1683 4738 1824 4794 forte

229 4830 348 4889 talia
372 4833 668 4904 gesserint,
700 4833 795 4904 qui
824 4832 892 4888 ad
917 4832 1206 4904 dignitates
1253 4831 1366 4890 suis
1393 4831 1710 4903 parentibus
1736 4832 1822 4888 in-

229 4927 470 4995 cognitas
515 4931 883 4998 pervenerunt
912 4942 926 4979 :
959 4932 1017 4980 tu
1063 4932 1188 4997 post
1225 4925 1396 4997 patris
1449 4925 1823 4996 praefecturam

229 5011 549 5076 laudabilem
591 5017 794 5091 aliquid
815 5017 961 5089 quod
988 5017 1186 5075 melius
1215 5018 1537 5089 praedicetur
1563 5018 1820 5090 adjunge;

230 5109 346 5177 quia
373 5109 686 5180 diligentior
712 5125 928 5184 semper
957 5125 1078 5168 esse
1103 5110 1266 5168 debet
1289 5107 1383 5181 qui
1406 5111 1668 5181 sequitur,
1697 5110 1824 5167 dum

229 5195 362 5259 bona
406 5213 694 5276 parentum
733 5203 1089 5276 probabiliter
1131 5213 1187 5260 et
1233 5203 1433 5259 imitari
1463 5202 1726 5274 cupimus,
1771 5212 1828 5260 et

231 5290 443 5352 vincere
464 5293 802 5352 festinamus.
825 5294 1051 5352 Accedit
1075 5295 1242 5350 etiam
1272 5294 1379 5351 tuis
1409 5293 1658 5350 laudibus
1679 5293 1827 5365 quod

229 5379 379 5445 dictis
414 5387 746 5461 prudentum
789 5386 1039 5460 probaris
1085 5387 1349 5446 imbutus.
1392 5386 1571 5446 Grave
1617 5397 1701 5446 est
1739 5404 1826 5447 sa-

304 5577 544 5654 “Basil.,
597 5579 664 5634 de
712 5578 1070 5650 Elcemosyna
1104 5596 1116 5632 :
1153 5579 1224 5654 Ut
1277 5581 1426 5654 putei
1481 5593 1590 5654 quo
1639 5576 1830 5654 sacpius

1940 5576 1966 5634 ὅ
1989 5578 2178 5654 ίτρόπος
2209 5578 2346 5654 svium
2373 5578 2485 5654 igri
2527 5583 2590 5648 τῇ

234 5641 564 5722 hauriuntur,
612 5667 798 5706 eorum
845 5641 998 5721 aqua:
1047 5651 1235 5722 purius
1278 5641 1598 5717 liuuntfra‘t
1636 5641 1831 5722 φρέατα

233 5721 873 5798 ποῇὶέικις-ξξανολούμενα,
903 5721 1190 5798 tripodi-repit
1215 5722 1346 5778 ἔστι.
1375 5722 1542 5779 Fons“.

297 5743 459 5786 Μακις
489 5743 873 5794 εςανυλουμενα,
903 5744 958 5777 ευ
981 5745 1190 5798 .οωτερα
1215 5744 1346 5778 εστι.
1375 5743 1542 5779 ιόῐιΝ.

297 5788 321 5870 ξ’
349 5792 410 5870 Ι)Ῑ
437 5794 816 5870 Hieronymus,
859 5808 907 5848 c.
951 5743 1402 5870 i’g‘esbyterorum,
1436 5810 1497 5870 c._
1519 5805 1635 5861 seq.
1667 5809 1679 5846 :
1706 5790 1829 5870 gon

228 5860 362 5934 enim
397 5866 449 5920 in
475 5860 696 5921 homine
740 5873 890 5934 aetas,
923 5865 1016 5923 sed
1042 5860 1216 5921 virtus
1243 5865 1534 5934 spectanda
1573 5860 1676 5920 est.
1711 5860 1830 5917 Me-

228 5933 430 5997 nander
458 5958 468 5992 ε
501 5942 606 6009 οὐχ
637 5939 687 6000 αἱ
719 5933 901 6019 τρίχες
928 5945 1165 6000 ποιοῦσιν
1189 5939 1240 5997 αἱ
1269 5933 1444 6000 λενκαί
1472 5943 1682 6014 φρονεῖν,
1716 5934 1822 5996 ἀλλ’

1931 4745 2076 4802 tibus
2102 4760 2162 4802 se
2184 4744 2376 4801 nititur
2405 4757 2719 4815 aggregare.
2757 4741 2999 4800 Contulit
3025 4742 3188 4799 etiam
3218 4739 3533 4812 dignitatem

1931 4853 2206 4896 sacrarum
2232 4837 2598 4909 largitionum,
2623 4836 2727 4894 hoc
2750 4843 2834 4893 est
2855 4834 3102 4893 laborum
3127 4845 3344 4890 tuorum
3365 4833 3534 4902 aptis-

1931 4931 2126 4988 simum
2167 4932 2309 5005 [Ac.,
2343 4928 2765 5004 apertissimum]
2803 4943 3030 4996 munus,
3058 4942 3222 4997 quam
3250 4925 3329 4980 sic
3358 4932 3529 4991 casta,

1933 5023 2012 5079 sic
2037 5022 2315 5079 moderata
2355 5031 2539 5078 mente
2580 5022 2858 5093 peregisti,
2889 5027 2949 5076 ut
2983 5018 3190 5087 majora
3219 5015 3317 5071 tibi
3345 5014 3534 5071 deberi

1932 5113 2160 5183 faceres,
2189 5115 2437 5184 quamvis
2470 5129 2591 5170 eam
2617 5113 2673 5169 in
2701 5127 2894 5183 magna
2936 5110 3155 5182 praemia
3183 5106 3531 5180 suscepisses.

1931 5208 2037 5266 Per
2070 5209 2226 5281 135
2255 5209 2375 5264 haec
2408 5216 2462 5264 te
2501 5207 2694 5264 ﬂorida
2735 5207 2992 5277 juventus
3019 5203 3278 5269 exercuit,
3307 5201 3404 5258 sed
3429 5215 3533 5257 no-

1929 5300 2057 5357 stris
2087 5298 2421 5370 temporibus
2445 5305 2580 5353 tatas
2612 5306 2825 5352 matura
2860 5295 3112 5352 servavit.
3141 5292 3382 5349 Consilio
3408 5291 3534 5362 qui-

1932 5393 2054 5451 dem
2092 5389 2388 5465 plurimum
2426 5390 2593 5458 vales,
2627 5403 2729 5445 nec
2755 5387 2784 5427 δ
2813 5386 3016 5444 fractus
3049 5393 3230 5443 tamen
3256 5392 3416 5441 aetate
3439 5397 3536 5440 co»

2667 5574 2766 5628 5cm
2799 5579 2980 5628 νέοων.
3008 5574 3177 5628 Onam
3206 5569 3532 5628 sententiam

1940 5576 2178 5654 ὅτρόπος
2209 5578 2346 5632 ἐνίων
2373 5578 2485 5633 ἐστὶ
2527 5583 2590 5648 τῇ
2652 5574 2766 5631 ύσει
2799 5579 2980 5650 γέρων.
3008 5574 3177 5640 Quam
3206 5574 3532 5628 sententiam

1937 5649 2265 5706 adumbrans
2297 5649 2352 5702 in
2380 5646 2590 5703 Catone
2617 5599 2824 5716 Klajore
2859 5644 3051 5701 Cicero
3082 5663 3094 5699 :
3120 5645 3238 5716 Non
3265 5642 3410 5710 cani,
3450 5641 3534 5716 in:

1937 5723 2072 5790 quit,
2107 5737 2213 5777 non
2262 5733 2408 5787 rugae
2453 5728 2676 5790 repente
2701 5708 3402 5790 fauetoritatemaifcrunt,
3431 5708 3532 5768 sed

1937 5787 2086 5848 recte
2115 5800 2232 5850 acta
2256 5799 2389 5850 tetas
2417 5787 2752 5849 auctoritatis
2775 5789 2978 5848 fructus
3007 5787 3208 5860 praebet
3237 5795 3531 5842 extremos.

1934 5863 2101 5930 Fons.

3445 6033 3496 6045 ν

3497 6007 3570 6050 λέ
