4018 6348
392 250 500 308 755

1598 241 1670 298 M.
1713 239 1801 299 ΑΒ
1812 238 1988 299 REI.“
2027 234 2431 298 CASSIODORI

3552 220 3660 283 ’156

391 366 685 437 gnoseeris.
727 366 819 424 Sic
853 366 997 423 enim
1042 364 1270 437 adeptus
1305 376 1364 420 es
1401 360 1694 418 senectutis
1726 359 1887 423 bona,
1919 363 1979 411 ut
2001 358 2059 419 Α
2081 370 2188 425 quo
2210 356 2365 411 nobis
2393 367 2572 411 sermo
2599 358 2711 416 est,
2734 358 2975 408 nostrum
2998 349 3099 405 sibi
3119 345 3491 404 tantummodo
3521 361 3659 401 con-

391 458 509 530 ejus
553 474 663 515 non
706 458 915 517 subires
957 455 1315 514 incommoda.
1361 452 1487 509 Haec
1523 459 1648 508 sunt
1684 464 1802 521 qua:
1837 448 1888 515 in
1918 455 1974 505 te

388 549 715 606 aestimamus
746 549 989 620 augenda
1022 547 1162 621 [Ac.,
1193 542 1454 617 agenda];
1495 552 1557 599 ut
1597 543 1733 598 sicut
1762 556 1821 597 es
1845 555 1974 596 con-

390 641 617 698 scientia
644 642 923 714 prteditus,
951 641 1191 698 reddaris
1221 654 1436 711 quoque
1480 638 1686 693 honore
1722 650 1975 691 reveren-

391 735 511 791 dus.
536 734 675 791 Sunt
702 736 843 791 enim
870 732 1143 791 beneﬁciis
1170 733 1366 789 nostris
1395 739 1754 786 consentanea
1777 736 1832 785 et
1852 727 1974 783 vita:

392 840 623 897 superna
658 824 883 896 judicia,
924 824 1139 896 quando
1186 824 1371 878 talium
1412 820 1639 876 filiorum
1671 828 1825 891 pater
1846 817 1974 874 effe-

394 927 532 982 ctus,
556 925 747 973 natura
770 916 887 987 ipsa
911 915 1109 972 videris
1134 928 1252 970 esse
1280 912 1552 984 patricius.
1577 910 1815 978 Quorum
1834 910 1976 965 bona

396 1010 677 1067 vernantia
706 1025 814 1066 non
844 1017 926 1066 est
953 1008 1240 1065 absurdum
1262 1005 1470 1073 referri,
1499 1004 1711 1074 quando
1740 1000 1975 1059 educan-

401 1102 531 1157 tium
559 1101 769 1158 felicior
803 1101 923 1158 laus
965 1108 1048 1157 est
1081 1100 1151 1156 de
1191 1097 1421 1155 filiorum
1455 1096 1721 1169 probitate
1748 1093 1970 1149 laudari.

398 1190 662 1262 Primum,
701 1192 847 1265 quod
880 1208 992 1249 non
1031 1192 1262 1249 minima:
1298 1188 1473 1245 laudis
1498 1194 1717 1260 praestat
1743 1186 1974 1251 initium,

402 1285 625 1342 infantia
658 1300 845 1342 eorum
883 1292 1011 1342 nota
1047 1290 1134 1341 est
1174 1282 1395 1355 palatio.
1424 1281 1514 1337 Sic
1544 1280 1681 1335 fetus
1710 1278 1808 1345 tui,
1832 1289 1980 1334 more

403 1379 596 1448 aquila:
640 1393 702 1436 se
744 1379 1056 1450 probantes,
1100 1377 1308 1447 regales
1345 1375 1532 1433 oculos
1567 1374 1635 1429 ab
1675 1372 1802 1443 ipsis
1839 1383 1980 1443 pene

316 1458 319 1459 ⁷
403 1469 681 1526 cunabulis
709 1470 1062 1542 pertulerunt.
1097 1468 1360 1525 Relucent
1385 1467 1546 1523 etiam
1573 1465 1742 1537 gratia
1769 1460 1978 1533 gentili,

404 1576 507 1617 nec
532 1571 745 1618 cessant
771 1576 1041 1618 armorum
1066 1560 1232 1616 imbui
1261 1560 1486 1617 fortibus
1520 1557 1791 1613 institutis.
1820 1553 1980 1610 Pueri

404 1656 581 1727 stirpis
610 1656 867 1712 Romana:
896 1662 1077 1712 nostra
1114 1654 1296 1725 lingua
1338 1653 1649 1723 loquuntur,
1676 1648 1871 1705 eximie
1898 1648 1983 1703 in-

2076 448 2277 503 ciliavit
2318 447 2507 521 [Juret.
2548 444 2613 499 V.
2664 438 2748 510 C.,
2806 438 3198 512 reconciliavit]
3242 440 3520 496 arbitrium
3552 438 3659 493 :ab

2074 554 2182 594 uno
2210 538 2408 611 quippe
2452 536 2695 608 principe
2737 534 2982 607 provehi,
3030 533 3243 589 videtur
3289 531 3427 587 forte
3456 531 3660 602 gratio-

2073 645 2191 686 sum
2215 629 2361 701 ;jam
2392 638 2446 685 et
2485 629 2582 685 sub
2624 627 2797 684 altero
2842 629 3103 684 meruisse
3141 633 3478 698 provectum,
3514 625 3660 695 apud

2074 730 2332 794 utrosque
2359 722 2622 792 integrum
2659 728 2874 778 constat
2902 719 3064 777 fuisse
3100 719 3385 790 judicium.
3417 718 3661 773 Cunctos

2075 829 2203 886 ergo
2232 829 2493 885 sequaces
2530 814 2714 886 habet,
2746 814 2838 884 qui
2869 812 3071 885 aliquid
3099 828 3167 868 ex
3211 813 3441 869 veritate
3469 810 3660 867 decer-

2076 907 2175 962 nit.
2205 906 2358 963 Hunc
2381 914 2666 978 provectus
2693 904 2778 962 sui
2806 913 3082 961 auctorem
3094 903 3309 975 meruit,
3332 912 3394 959 ut
3417 918 3516 959 nos
3538 918 3665 973 aug.

2074 1008 2405 1057 mentatores
2453 999 2762 1071 dignissime
2790 999 3071 1070 reperiret.
3103 998 3199 1056 Ille
3234 999 3290 1055 in
3318 1014 3441 1055 eum
3469 996 3662 1053 funda-

2076 1103 2258 1152 menta
2303 1095 2486 1167 posuit
2530 1094 2815 1160 bonorum,
2865 1109 2965 1150 nos
3010 1094 3220 1149 culmen
3264 1092 3666 1149 construximus

2078 1187 2413 1257 dignitatum.
2442 1184 2511 1241 Et
2531 1184 2674 1253 ideo,
2708 1193 2890 1258 patres
2912 1184 3223 1256 conscripti,
3254 1192 3338 1241 tot
3366 1183 3662 1253 laboribus,

2078 1289 2163 1339 tot
2188 1283 2434 1338 laudibus
2470 1279 2766 1339 clarificato
2795 1281 2989 1337 illustri
3016 1280 3135 1337 viro
3166 1277 3442 1352 Cypriane
3470 1291 3665 1347 sugge-

2078 1383 2222 1432 stum
2247 1388 2465 1444 quoque
2508 1373 2822 1445 patriciatus
2849 1372 3167 1440 addidimus,
3204 1387 3273 1428 ne
3309 1371 3485 1441 major
3521 1378 3662 1426 esset

2079 1464 2287 1521 meritis
2323 1465 2434 1522 suis
2472 1479 2631 1536 quam
2674 1464 2972 1520 honoribus
3018 1463 3235 1519 nostris.
3276 1462 3479 1518 Favete
3522 1477 3665 1518 nunc

2081 1558 2299 1630 collega
2324 1575 2485 1632 quem
2532 1574 2674 1631 saepe
2699 1557 2994 1615 decorastis
3034 1556 3295 1615 extranei.
3337 1555 3572 1614 Securus
3602 1556 3665 1611 ad

2082 1668 2179 1709 vos
2217 1653 2379 1717 redit,
2421 1653 2513 1724 qui
2537 1652 2648 1724 jam
2690 1652 2928 1709 honores
2966 1666 3093 1707 suos
3140 1651 3196 1706 in
3239 1650 3503 1706 libertatis
3548 1648 3664 1704 aula

404 1746 644 1803 dicnnles
670 1747 926 1803 exhibere
962 1761 1023 1803 se
1062 1745 1218 1803 nobis
1254 1744 1486 1799 fulut‘am
1532 1742 1709 1807 ﬁdem,
1752 1754 1980 1810 (Ιυονυῐη
2012 1743 2347 1820 Breposuit.
2394 1746 2570 1803 liabet
2615 1745 2779 1800 etiam
2818 1744 2961 1801 unde
3010 1744 3167 1800 nobis
3215 1743 3471 1799 reddatur
3516 1757 3663 1799 acce-

401 1835 513 1906 jam
531 1836 779 1892 videntur
799 1834 1077 1893 affectasse
1089 1848 1410 1891 sermonem.
1426 1832 1693 1889 Habemus
1705 1830 1846 1886 unde
1863 1830 1976 1899 tibi,

403 1927 532 1983 felix
557 1935 733 1999 pater,
770 1928 1051 1999 pmmium
1090 1927 1283 1983 debeat
1308 1925 1517 1990 referri,
1549 1923 1641 1995 qui
1667 1930 1724 1978 et
1751 1921 1980 1978 filiorum

406 2029 620 2078 tuorum
662 2022 819 2078 nobis
865 2023 1073 2078 animos
1122 2020 1377 2077 obtulisti.
1425 2020 1762 2091 Quapropter
1801 2015 1983 2072 multis

404 2114 679 2171 laboribus
721 2116 995 2187 multaque
1040 2115 1146 2172 fide
1192 2124 1247 2170 et
1284 2112 1587 2171 constantia
1630 2110 1982 2182 comprobato

403 2205 719 2276 patriciatus
744 2208 860 2273 tibi,
887 2206 998 2263 Deo
1027 2206 1263 2277 auspice,
1288 2204 1613 2261 conferimus
1632 2202 1978 2271 dignitatem:

406 2297 669 2353 honorem
693 2297 911 2367 quidem
937 2294 1158 2363 celsum,
1190 2296 1283 2352 sed
1307 2296 1397 2367 qui
1425 2295 1531 2351 tuis
1559 2293 1765 2349 meritis
1790 2292 1985 2364 probe-

408 2397 499 2447 tur
524 2404 642 2447 esse
666 2391 901 2461 aequalis.
932 2390 1134 2448 Fruere
1157 2390 1316 2461 igitur
1343 2387 1731 2462 probatissimis
1767 2385 1983 2443 institu-

409 2480 497 2550 tis,
527 2486 589 2537 ut
622 2496 745 2538 ctun
782 2481 923 2539 bona
971 2490 1061 2538 tua
1100 2480 1476 2554 geminaveris,
1527 2480 1724 2540 nostris
1769 2478 1983 2538 interim

407 2572 683 2631 beneﬁciis
710 2575 974 2646 augearis.

915 2729 1249 2793 EPISTOLA
1284 2728 1447 2787 XXII.

605 2855 831 2900 SENATUI
856 2858 1005 2901 URBIB
1031 2859 1192 2903 ROIE
1224 2859 1589 2903 ATHALARICUS
1616 2859 1742 2904 REX.

409 2949 538 3008 Post
558 2965 897 3033 enumeratos
950 2956 1212 3033 Cypriani
1249 2960 1574 3033 ﬁliorumque
1624 2960 1736 3033 ejus
1782 2961 1983 3031 laudes,

468 3025 645 3102 scribit
670 3042 726 3102 se
749 3028 896 3102 illum
924 3025 1009 3102 (ια’
1023 3025 1331 3101 patriciatus
1364 3025 1611 3087 honorem
1644 3025 1908 3102 avexisse;
1934 3025 1988 3090 et

476 3105 535 3151 ut
568 3096 805 3155 electioni
823 3100 935 3171 ejus
964 3096 1192 3172 (abeant,
1219 3101 1474 3158 hortatur.

476 3204 537 3264 Si
560 3209 744 3267 favore
770 3218 952 3269 vestro
997 3213 1186 3284 dignus
1222 3225 1324 3283 est,
1366 3216 1458 3287 qui
1485 3217 1571 3275 vel
1598 3219 1767 3277 semel
1806 3222 1985 3292 regale

408 3299 584 3370 potuit
619 3300 908 3371 impetrare
941 3302 1218 3373 judicium,
1262 3307 1407 3377 quid,
1454 3316 1636 3378 patres
1670 3313 1981 3385 conscripti,

407 3392 491 3447 vir
518 3392 827 3463 magniﬁcus
852 3395 1143 3452 merebitur
1167 3397 1481 3469 Cyprianus,
1528 3402 1619 3471 qui
1647 3404 1799 3460 vobis
1823 3406 1985 3462 toties

408 3483 613 3556 gratior
636 3484 797 3541 debet
828 3486 985 3554 effici,
1028 3490 1241 3558 quoties
1268 3505 1299 3545 a
1327 3492 1481 3548 nobis
1511 3493 1794 3564 dignitates
1824 3511 1982 3553 acce-

407 3576 583 3645 perit?
611 3574 892 3634 Certantes
917 3578 971 3633 in
999 3580 1173 3637 stadio
1200 3583 1536 3640 numerosior
1558 3599 1757 3642 corona
1786 3588 1982 3657 gloriﬁ-

408 3675 518 3733 eat,
549 3665 856 3740 Olympieos
898 3684 1086 3727 currus
1114 3671 1253 3744 [Ac.,
1286 3672 1497 3748 cursus]
1526 3676 1777 3748 frequens
1808 3680 1982 3750 palma

408 3762 695 3818 nobilitat:
725 3763 804 3819 sic
829 3764 918 3820 vel
942 3764 995 3819 in
1021 3764 1227 3821 levibus
1246 3766 1406 3823 rebus
1425 3769 1708 3838 gloriosior
1734 3771 1980 3841 efﬁcitur,

407 3853 493 3909 cui
521 3855 829 3924 frequenter
865 3856 1082 3925 praemia
1122 3856 1448 3915 referuntur.
1498 3861 1575 3917 De
1618 3862 1792 3932 primo
1829 3864 1984 3920 deni-

406 3959 513 4016 que
554 3954 812 4017 provcctu
855 3955 1039 4019 potest
1082 3963 1203 4006 esse
1230 3954 1523 4021 cunctatio,
1552 3954 1680 4010 dum
1708 3955 1859 4011 multi
1886 3956 1985 4011 fal-

407 4036 525 4092 lunt
560 4038 815 4111 principis
835 4041 1094 4111 animum,
1125 4043 1340 4112 quando
1369 4044 1527 4102 facile
1551 4055 1633 4103 est
1654 4048 1874 4105 illuderc
1897 4051 1984 4106 cui

407 4143 619 4200 semper
642 4141 828 4187 votum
855 4141 939 4189 est
962 4135 1299 4205 praestitisse.
1332 4134 1437 4193 Sed
1467 4139 1625 4195 talem
1668 4143 1863 4199 mentis
1890 4159 1984 4199 ex-

407 4220 580 4277 hibuit
614 4225 992 4295 constantiam,
1034 4235 1240 4284 tantum
1270 4230 1535 4288 bonorum
1579 4234 1766 4291 habuit
1792 4253 1986 4309 propo-

406 4309 588 4377 situm,
623 4321 685 4367 ut
713 4328 930 4385 semper
969 4316 1025 4373 in
1048 4332 1110 4375 se
1137 4322 1512 4390 provocaverit
1532 4325 1739 4395 regium
1766 4343 1979 4384 munus.

406 4398 535 4457 limo
573 4410 656 4459 est
679 4412 826 4461 certa
854 4407 1045 4477 gloria,
1075 4410 1191 4467 haec
1213 4411 1515 4470 indubitata
1551 4416 1841 4487 sententia,
1872 4418 1983 4475 fre-

2086 1839 2252 1910 ptior,
2281 1838 2498 1911 quando
2546 1837 2683 1893 tales
2720 1836 2883 1892 curiae
2926 1845 3119 1894 vestra:
3147 1836 3395 1892 alumnos
3422 1836 3663 1907 protulit.

2081 1929 2151 1985 de
2178 1930 2371 2000 quibus
2400 1930 2641 1999 quamvis
2672 1927 2862 1983 avidus
2889 1937 3062 2000 pater,
3094 1935 3274 1984 tamen
3303 1928 3520 2005 propria
3544 1937 3665 1982 vota

2081 2022 2377 2093 superavit,
2401 2037 2508 2078 non
2536 2020 2762 2079 infantia
2793 2022 3048 2093 trepidos,
3104 2036 3212 2077 non
3242 2020 3311 2077 ad
3336 2021 3666 2091 responden-

2083 2116 2229 2183 dum,
2274 2122 2334 2169 ut
2381 2113 2595 2182 licebat,
2641 2115 2876 2186 ignaros.
2929 2113 3103 2171 Variis
3142 2114 3336 2184 linguis
3377 2112 3663 2184 loquuntur

2085 2206 2318 2276 egregie,
2349 2205 2574 2261 maturis
2623 2206 2753 2262 viris
2800 2206 3180 2263 communione
3217 2205 3533 2261 miscentur.
3580 2202 3666 2260 Sic

2082 2313 2206 2355 cum
2236 2299 2393 2354 nobis
2424 2298 2537 2354 noti
2564 2305 2705 2367 sunt,
2731 2299 2785 2355 in
2814 2300 2931 2371 ipso
2959 2299 3131 2354 aetatis
3158 2297 3457 2369 primordio
3490 2296 3645 2352 adole

2083 2390 2344 2448 scentiam
2360 2390 2705 2446 transierunt.
2731 2389 2957 2448 Prrestet
2977 2390 3154 2445 divina
3173 2388 3431 2462 majestas
3457 2399 3513 2444 ut
3534 2388 3667 2443 sicut

2083 2479 2151 2539 de
2180 2488 2332 2554 patre
2378 2494 2565 2540 eorum
2594 2479 2972 2540 muniﬁcentia:
3016 2495 3211 2539 nomen
3250 2479 3566 2551 extulimus,
3595 2479 3666 2537 sic

2084 2582 2143 2632 et
2169 2574 2224 2631 in
2250 2575 2329 2632 eis
2356 2574 2572 2649 pietatis
2596 2582 2793 2631 nostra;
2823 2575 3006 2632 titulos
3034 2586 3343 2647 augeamus.

2597 2688 2934 2749 EPISTOLA
2973 2689 3159 2746 XXIII.

2083 2799 2415 2848 BERGANTINO
2439 2801 2563 2846 VIRO
2601 2802 2861 2855 ILLUSTRI,
2911 2801 3091 2844 GOII'I‘I
3128 2800 3455 2853 PATBIIONH,
3498 2800 3669 2842 A‘I’BA-

2688 2872 2906 2915 LARICUS
2942 2873 3068 2914 REX.

2085 2969 2338 3046 Princin
2360 2982 2417 3030 ut
2442 2988 2645 3046 massas
2679 2973 2930 3046 quasdam
2956 2987 3071 3046 qua:
3105 2988 3171 3046 ea:
3197 2970 3532 3046 facultatibus
3556 2986 3668 3025 ma-

2162 3041 2270 3099 tris‘
2297 3043 2666 3116 Tltcodahado,
2692 3041 2841 3116 'quem
2886 3041 3071 3098 eximie
3110 3041 3311 3116 laudat,
3354 3041 3667 3115 obtigerant,

2008 3135 2065 3205 εἰ
2158 3114 2415 3172 actoribus
2436 3117 2547 3189 ejus
2568 3114 2757 3187 absque
2777 3117 2883 3169 ulla
2906 3130 3049 3169 mora
3070 3114 3264 3168 tradat.

2157 3224 2307 3283 Licet
2351 3224 2768 3281 munificentiam
2816 3224 2957 3294 regis
3013 3224 3255 3294 quotidie
3303 3224 3493 3280 deceat
3542 3238 3667 3279 cum

2085 3319 2202 3376 sole
2237 3318 2499 3384 relucere,
2549 3326 2604 3373 et
2636 3317 2835 3388 jugiter
2873 3316 3070 3386 aliquid
3111 3316 3308 3384 facere,
3355 3332 3457 3387 quo
3492 3318 3662 3387 possit

2085 3408 2303 3479 largitas
2344 3407 2597 3478 principis
2626 3421 2908 3477 apparere,
2950 3407 3075 3462 huic
3106 3415 3285 3463 tamen
3326 3406 3665 3462 conscientiae

2086 3498 2326 3555 debitum
2372 3496 2618 3563 solvitur,
2667 3497 2878 3568 quoties
2920 3498 3233 3567 parentibus
3280 3497 3378 3552 sub
3415 3497 3667 3566 aequitate

2084 3596 2388 3662 praestatur.
2412 3588 2714 3645 Luerantur
2732 3589 3001 3661 principes
3023 3589 3163 3645 dona
3189 3604 3318 3657 sua;
3341 3597 3395 3645 et
3414 3590 3517 3645 hoc
3540 3605 3668 3644 vere

2084 3680 2348 3737 thesauris
2376 3681 2706 3751 reponimus,
2738 3681 2879 3751 quod
2921 3681 3074 3735 famae
3102 3681 3399 3737 commodis
3427 3681 3667 3753 applica-

2085 3787 2225 3828 mus.
2254 3771 2404 3828 Absit
2432 3773 2576 3828 enim
2600 3778 2658 3826 ut
2683 3786 2941 3842 negemus
2964 3771 3128 3841 affini,
3155 3775 3298 3842 quod
3318 3774 3557 3830 solemus
3577 3790 3668 3829 cu-

2084 3865 2289 3922 stodire
2327 3863 2857 3935 subjectis:quando
2903 3864 2993 3936 qui
3042 3864 3196 3920 nobis
3244 3866 3506 3935 sanguine
3536 3882 3667 3922 cou-

2084 3956 2344 4028 jungitur,
2374 3957 2494 4027 plus
2530 3965 2797 4025 meretur;
2840 3972 2941 4013 nec
2984 3956 3211 4013 fraudari
3240 3967 3418 4030 potest
3448 3962 3667 4032 proprio

2085 4048 2373 4119 desiderio,
2402 4050 2493 4120 qui
2524 4049 2717 4117 militat
2742 4050 2840 4107 sub
2857 4049 3037 4120 judice
3056 4051 3313 4120 gratioso.
3339 4051 3516 4123 Atque
3542 4052 3666 4108 ideo

2084 4141 2347 4198 illustrem
2390 4141 2812 4212 magnitudinem
2870 4150 3013 4197 tuam
3059 4143 3315 4213 praecelso
3352 4150 3515 4215 atque
3553 4159 3666 4199 am-

2085 4233 2324 4305 plissimo
2365 4232 2480 4287 viro
2519 4232 2880 4289 Theodahado
2926 4249 3133 4290 massas
3182 4235 3368 4290 subter
3407 4250 3665 4301 aunexas,

2086 4333 2168 4382 tot
2190 4324 2775 4395 solidos'pensitantes,
2803 4340 2870 4380 ex
2895 4325 3219 4397 patrimonio
3244 4327 3518 4397 quondam
3558 4344 3671 4382 ma-

2085 4416 2291 4487 gniﬁcae
2318 4415 2527 4473 femina:
2553 4416 2740 4471 matris
2777 4416 2965 4487 ipsius,
2998 4417 3337 4489 praecipimus
3365 4418 3668 4485 reformari,

406 4499 907 4587 quenterpotuisse
950 4503 1147 4558 mereri
1186 4520 1287 4577 per
1318 4508 1461 4577 quod
1490 4508 1736 4566 homines
1773 4521 1985 4568 constat
2011 4526 2065 4587 Ῑ)
2086 4508 2202 4579 ejus
2227 4508 2457 4565 feliciter
2482 4508 2722 4563 dominio
2760 4508 3074 4579 plenissime
3111 4508 3489 4577 vindicandas;
3522 4511 3671 4580 cujus

406 4587 609 4643 ornari.
642 4585 754 4645 Hos
776 4591 938 4646 etiam
965 4593 1168 4652 intrare
1206 4597 1262 4653 in
1292 4608 1535 4656 nostram
1569 4602 1773 4657 curiam
1801 4602 1979 4673 decet,

406 4677 501 4749 qui
545 4677 613 4733 ad
664 4678 867 4750 primos
929 4682 1165 4741 honores
1214 4703 1321 4744 non
1373 4689 1684 4759 expendunt
1733 4692 1983 4748 meritum

406 4783 586 4837 suum,
619 4770 717 4827 sed
757 4788 878 4828 cum
920 4788 1111 4846 magna
1159 4780 1514 4851 susceperint,
1546 4781 1742 4837 iterum
1778 4783 1985 4853 majora

404 4867 801 4930 promerentur.
828 4859 1037 4920 Ornant
1054 4879 1270 4939 quoque
1298 4868 1435 4925 tales
1461 4877 1517 4925 et
1541 4878 1723 4927 nostra
1748 4871 1981 4942 judicia;

405 4953 662 5023 quoniam
699 4955 838 5012 bene
863 4957 1012 5028 prius
1038 4959 1244 5018 electus
1268 4961 1520 5028 creditur,
1550 4965 1641 5035 qui
1671 4966 1862 5037 saepius
1891 4982 1988 5039 ap-

403 5044 685 5115 probatur.
732 5046 929 5105 Natura
973 5051 1088 5121 ipsa
1134 5052 1263 5108 boni
1307 5052 1543 5109 adhibita
1585 5060 1982 5129 perseverantia

404 5136 686 5206 pretiatur,
724 5140 851 5211 quia
878 5141 1058 5200 minus
1095 5150 1181 5200 est
1212 5142 1477 5201 laudanda
1522 5148 1779 5221 incipere,
1820 5167 1982 5223 quam

405 5224 673 5286 bonorum
727 5235 1064 5304 propositum
1115 5236 1405 5294 custodire.
1457 5237 1670 5300 Similes
1722 5245 1984 5302 habuistis

406 5317 556 5386 olim,
612 5329 795 5391 patres
845 5324 1175 5396 conscripti,
1222 5327 1444 5399 Decios,
1492 5332 1695 5389 similes
1744 5343 1983 5395 vetuStas

403 5413 664 5483 prtedicat
689 5414 854 5473 fuisse
898 5415 1178 5476 Corvinos.
1226 5420 1412 5492 Neque
1457 5425 1599 5479 enim
1648 5426 1732 5481 hic
1763 5427 1864 5493 vir,
1914 5429 1983 5484 de

392 5590 411 5650 δέ
435 5634 447 5646 _
474 5574 504 5650 "_
530 5565 892 5650 Quonomine
926 5570 1075 5650 bona
1104 5576 1430 5650 quasliberis
1458 5593 1488 5632 a
1530 5587 1699 5634 matre
1748 5581 1982 5637 obvene-

404 5639 1308 5718 rirnt,_interduntsigniﬁcarthr.
1354 5647 1674 5718 ConnanUs,
1727 5652 1817 5704 lib.
1868 5667 1977 5717 VIII,

402 5717 533 5783 gap.
556 5703 812 5783 3,.notat,
844 5703 1039 5783 aliique
1074 5728 1151 5783 ex
1178 5713 1407 5782 Seneca,
1447 5703 1635 5773 Valer.
1663 5703 1984 5777 basianda

394 5774 667 5855 Suetonio
696 5774 1041 5832 contendunt.
1072 5774 1595 5843 Plutarclius'contra
1628 5804 1735 5857 non
1765 5774 1980 5847 levira-V

2086 4603 2443 4660 successionis
2464 4605 2729 4674 integrum
2756 4605 2842 4675 jus
2868 4605 2921 4660 in
2949 4620 3014 4661 ea
3034 4619 3137 4675 qua
3160 4604 3500 4675 prmcipimus
3520 4613 3670 4676 parte

2086 4694 2364 4765 largimur.
2396 4696 2473 4752 De
2494 4697 2647 4766 cujus
2690 4695 2793 4752 fide
2840 4711 2905 4754 ac
2937 4697 3245 4752 sinceritate
3270 4697 3666 4770 praesumimus,

2087 4794 2148 4861 ut
2171 4787 2412 4856 sequenti
2443 4796 2685 4859 tempore
2711 4787 2916 4861 reliqua
2939 4799 3099 4863 supra
3124 4790 3406 4846 memorati
3434 4800 3459 4827 α
3486 4789 3668 4844 matri-

2087 4881 2255 4936 monii
2294 4880 2439 4953 [‘Alii,
2482 4882 2812 4955 patrimonii]
2861 4898 2982 4939 cum
3026 4884 3171 4941 omni
3213 4882 3422 4953 adjecta
3453 4882 3668 4954 quanti-

2086 4978 2199 5026 tate
2224 4981 2510 5028 mereatur.
2544 4972 2681 5041 Quid
2710 4976 2851 5032 enim
2883 4976 2978 5031 tali
3006 4976 3121 5032 viro
3151 4990 3350 5045 negare
3378 4978 3663 5048 possimus.

2088 5063 2178 5132 qui
2221 5064 2383 5120 etiam
2426 5064 2650 5121 meliora
2692 5068 2803 5124 suis
2838 5069 2993 5140 136
3019 5069 3263 5124 obtinere
3282 5070 3465 5141 possit
3508 5071 3666 5128 obsc-

2086 5156 2245 5226 quiis,
2273 5157 2359 5212 vel
2386 5158 2428 5212 si
2454 5174 2557 5214 non
2588 5160 2909 5230 probaretur
2934 5161 3143 5219 affinis?
3166 5164 3258 5219 Vir
3278 5180 3438 5236 quem
3470 5166 3664 5222 nobili—

2086 5248 2218 5303 tatis
2242 5264 2351 5304 suae
2380 5250 2523 5305 nulla
2552 5250 2702 5306 inflat
2743 5253 2925 5320 elatio,
2978 5256 3239 5312 modestia
3277 5257 3512 5325 humilis,
3544 5275 3665 5331 pru-

2083 5335 2267 5394 dentia
2288 5354 2502 5411 semper
2527 5340 2770 5411 (aqualis,
2800 5343 2927 5413 quid
2950 5360 2979 5397 a
3012 5344 3164 5400 nobis
3194 5356 3468 5403 mereatur
3492 5350 3664 5404 inten—
3730 5374 3733 5375 ν

2087 5429 2220 5500 dite,
2237 5433 2489 5503 quoniam
2511 5433 2576 5489 ad
2598 5435 2823 5503 gloriam
2844 5444 3084 5493 nostram
3117 5439 3397 5509 trahimus,
3425 5443 3520 5513 qui
3541 5458 3661 5498 eum

2567 5593 2616 5675 ξν
2661 5594 3048 5679 πᾳραχγέλμασι
3091 5606 3344 5678 γαμικοῖςί,
3382 5598 3478 5679 cui
3510 5597 3661 5667 hujus

2088 5656 2195 5737 loci
2221 5656 2401 5725 lectio,
2443 5656 2779 5737 patrimonii,»
2803 5656 3029 5720 duorum
3062 5656 3549 5737 manuscriptorum
3573 5656 3663 5723 co-

2088 5727 2265 5784 dicum
2293 5727 2616 5790 auctoritate
2646 5727 2959 5792 confirmata
2986 5734 3325 5808 suffragatur.
3338 5727 3399 5794 Ἐ
3401 5752 3523 5793 oms.
