4018 6348
228 183 350 243 757

1503 191 1872 252 VARIARUM
1909 193 2116 251 LIBER
2155 197 2288 256 Vill.

3442 206 3552 270 758

227 301 556 372 proximum
607 301 954 395 conﬁtemur:
999 305 1344 380 Quapropter
1389 308 1709 381 acquissimae
1732 309 1852 378 jus-
1873 308 1928 370 Δ
1955 317 2039 366 est
2067 312 2209 368 enim
2234 311 2436 386 duplici
2455 331 2618 388 paena
2644 309 2885 392 percelli,
2914 322 3005 395 qui
3047 330 3104 382 et
3129 324 3364 382 divinam
3393 344 3551 386 reve-

229 392 388 448 sioni
423 408 586 464 opera
606 402 870 452 navanter
897 393 1114 470 flaret,
1143 395 1392 470 ovanter]
1418 398 1733 470 impendite,
1761 398 1848 454 di-

231 478 516 552 lectisque
543 480 689 556 [Gr.,
732 483 973 559 directis]
1004 485 1146 544 sedis
1175 495 1365 543 vestrm
1393 488 1677 545 chartariis
1697 487 1845 544 desi-

230 583 443 645 gnatas
478 592 682 634 massas
710 580 1019 637 auctoribus
1048 578 1191 654 [Gr.,
1237 580 1529 654 actoribus]
1569 581 1684 651 ejus
1727 581 1847 636 sine

230 667 430 737 aliqua
457 669 717 728 dilatione
755 673 1093 742 contradite;
1134 681 1194 730 ut
1237 689 1449 730 summa
1477 674 1635 730 nobis
1672 673 1845 730 chari-

232 767 356 816 tate
399 762 658 832 sociatus,
688 763 860 835 gratia
880 767 1165 837 praesentis
1191 768 1431 824 muneris
1460 767 1716 824 reddatur
1753 781 1847 824 ac-

239 853 488 924 ceptior.

760 979 1094 1040 EPISTOLA
1135 983 1324 1043 XXIV.

393 1086 572 1145 CLI-2R0
601 1087 872 1131 ιεαιεειε
900 1090 1132 1134 ΒΟΜΔΝΑΕ
1153 1094 1526 1136 Ατιιμιηιουδ
1555 1096 1683 1135 REI.

229 1159 484 1241 Remittit
504 1164 574 1218 ad
606 1181 758 1241 papae
779 1166 1040 1241 judicium
1057 1185 1146 1224 eos
1176 1170 1263 1241 qui
1290 1170 1476 1226 clerico
1513 1170 1752 1228 Romano
1775 1171 1846 1226 li-

300 1240 414 1287 tem
445 1235 793 1291 intenderim;
819 1235 920 1302 Qui
941 1249 1137 1295 sanctae
1171 1235 1310 1295 sedis
1336 1243 1696 1298 auctoritatem
1719 1260 1845 1298 cou-

302 1306 601 1374 tempserit,
626 1322 742 1362 eum
766 1308 874 1362 vult
893 1318 942 1363 et
969 1326 1130 1364 causa
1163 1312 1366 1377 cadere,
1400 1320 1450 1365 et
1479 1312 1653 1369 decem
1675 1313 1843 1368 libra-

295 1389 428 1429 rum
451 1377 568 1431 auri
593 1377 788 1432 mulcta
806 1380 1118 1450 pauperibus
1143 1382 1414 1454 eroganda
1436 1385 1632 1455 puniri.

304 1485 498 1548 Tanto
526 1490 804 1548 Divinitati
833 1493 1062 1564 plurima
1089 1495 1371 1565 debemus,
1403 1505 1608 1568 quanto
1632 1513 1663 1554 a
1691 1508 1847 1556 caete-

223 1580 302 1636 ris
332 1581 666 1639 mortalibus
709 1583 916 1654 majora
939 1587 1298 1657 suscepimus.
1330 1586 1466 1666 Nam
1496 1589 1622 1659 quid
1667 1590 1844 1646 simile

222 1673 509 1744 rependat
557 1673 694 1746 Deo,
741 1675 833 1747 qui
878 1677 1086 1750 potitur
1131 1677 1394 1749 imperio?
1435 1681 1533 1737 sed
1578 1681 1706 1738 licet
1745 1698 1849 1754 pro
1881 1699 1934 1760 Β

224 1776 392 1824 tanto
446 1782 672 1825 munere
721 1769 853 1825 nihil
899 1773 1241 1842 compensari
1289 1774 1460 1844 possit
1496 1775 1708 1844 idonee,
1742 1777 1846 1848 ipsi

223 1867 423 1915 tamen
457 1861 628 1930 gratia
656 1861 919 1932 redditur,
950 1863 1078 1919 dum
1122 1865 1177 1921 in
1204 1867 1568 1924 servientibus
1606 1870 1845 1926 honora--

224 1958 337 2008 tur.
373 1951 574 2026 Itaque
597 1953 763 2011 ﬂebili
805 1956 1046 2014 editione
1069 1959 1368 2016 causamini
1395 1962 1499 2017 hoc
1527 1961 1692 2019 fuisse
1721 1963 1848 2019 lon-

221 2058 310 2116 gae
339 2047 764 2108 consuetudinis
792 2050 1120 2122 institutum,
1161 2054 1294 2111 utsi
1338 2055 1460 2126 quis
1487 2069 1849 2113 sacrosanctae

218 2137 502 2195 Romanae
528 2139 780 2198 Ecclesiae
803 2143 1131 2202 servientem
1158 2145 1337 2217 aliqa
1359 2148 1606 2204 crederet
1633 2149 1850 2207 actione

219 2233 586 2304 pulsandum,
630 2235 702 2292 ad
731 2238 1052 2309 supradictae
1089 2239 1324 2297 civitatis
1357 2242 1651 2300 antistitem
1682 2257 1852 2313 nego-

219 2326 362 2383 tium
395 2343 563 2384 suum
590 2328 831 2387 dicturus
875 2341 1204 2400 occurreret,
1239 2349 1310 2392 ne
1347 2333 1524 2393 clerus
1539 2344 1734 2404 tvester
1759 2335 1846 2393 fo-

221 2419 494 2478 rensibus
516 2420 1054 2495 litibusprofanatus,
1083 2427 1314 2496 negotiis
1346 2427 1472 2500 ιΜε.
1507 2428 1627 2498 Gr.,
1657 2427 1776 2502 Cuj.
1795 2438 1849 2486 et

223 2509 438 2578 Form,
470 2512 683 2586 officiis]
704 2515 886 2586 potius
923 2517 1267 2574 saecularibus
1289 2529 1620 2591 occupetur:
1643 2521 1850 2578 adden-

229 2609 322 2659 tes
345 2602 645 2660 diaconum
681 2618 899 2677 quoque
925 2615 1168 2663 vestrum
1198 2609 1268 2664 ad
1294 2605 1677 2668 contumeliam
1716 2612 1847 2670 reli-

225 2693 422 2765 gionis
465 2704 622 2753 tanta,
651 2697 1019 2756 exsecutionis
1057 2700 1354 2757 acerbitate
1392 2702 1748 2774 compulsum,
1788 2712 1850 2759 ut

224 2785 389 2857 salius
417 2801 543 2844 eum
571 2789 806 2861 propriae
834 2788 1094 2846 custodiae
1133 2778 1382 2848 crederet
1410 2793 1843 2865 mancipandam.

223 2878 630 2954 Presbyterum:
659 2881 956 2952 quinetiam
985 2882 1244 2939 Romanae
1289 2883 1544 2942 Ecclesiae
1569 2901 1671 2958 pro
1712 2887 1848 2944 levi-

222 2968 340 3026 bus
393 2971 576 3027 causis
621 2971 863 3028 asseritis
908 2972 1259 3030 criminaliter
1311 2973 1635 3047 impetitum.
1691 2977 1848 3045 Quod

222 3063 431 3130 nobis,
454 3076 554 3132 pro
584 3061 822 3132 ingenita
848 3065 1153 3121 reverentia
1182 3081 1346 3138 quam
1367 3077 1555 3124 nostro
1580 3069 1844 3128 debemus
1869 3085 1916 3151 ο

1954 405 2206 471 rentiam,
2235 411 2291 462 et
2317 415 2504 463 nostra
2528 408 2674 479 juSsa
2714 414 3008 470 temerarit.
3052 413 3161 472 Sed
3188 417 3400 475 interim
3428 437 3549 491 vos,

1953 507 2094 564 quos
2123 495 2322 566 judicia
2370 507 2556 555 nostra
2584 515 2933 573 venerantur,
2982 507 3359 567 ecclesiasticis
3383 511 3550 570 vivito

1954 584 2230 643 institutis.
2259 587 2510 660 Magnum
2539 592 2714 648 scelus
2734 604 2835 663 cst,
2861 596 3064 653 crimen
3083 599 3387 670 admittere,
3410 619 3548 674 quos

1954 693 2058 734 nec
2087 681 2552 739 conversationem
2581 682 2736 741 decet
2779 685 2983 743 habere
3024 690 3372 761 saecularem;
3415 710 3547 766 pro-

1884 841 1886 844 ,
1955 768 2120 826 fessio
2153 783 2335 828 vestra
2376 774 2486 830 vita
2513 775 2748 832 caelestis
2791 786 2896 844 est.
2925 777 3102 835 Nolite
3146 782 3214 837 ad
3243 785 3550 842 mortalium

1955 873 2083 921 vota
2113 866 2334 921 humilia
2377 877 2434 923 et
2471 883 2684 926 errores
2721 870 3068 929 descendere.
3115 873 3366 932 Mundani
3395 893 3551 934 coer-

1956 963 2184 1011 ceantur
2219 955 2456 1015 humano
2473 959 2614 1029 jure,
2645 975 2742 1016 vos
2783 963 2986 1020 sanctis
3032 965 3270 1022 moribus
3307 967 3546 1027 obcdilc.

2468 1071 2794 1131 EPISTOLA
2831 1075 2996 1134 XXV.

1951 1197 2138 1239 JOLNNI
2158 1201 2282 1242 m0
2307 1201 3008 1260 ILLUS’I‘BI,REFERENDARIO,
3031 1209 3398 1252 ATHALAMCUS
3421 1213 3545 1253 lii-2K.

1957 1274 2702 1355 Conﬁrmat_mui/icentiam
2744 1281 2944 1355 Tulum,
2975 1300 3076 1355 qua
3119 1286 3328 1342 domum
3365 1289 3417 1342 in
3457 1306 3550 1343 ca-

2099 1359 2206 1404 stro
2249 1347 2533 1406 Lucullana
2573 1354 2796 1422 positam
2828 1347 3024 1411 Joauaii
3063 1367 3406 1414 concesserat.

2029 1459 2197 1517 Valde
2240 1461 2456 1532 dignum
2506 1470 2610 1529 est,
2642 1462 2698 1517 in
2746 1462 2826 1518 eis
2870 1462 3046 1519 aliena
3084 1480 3325 1538 servare,
3355 1469 3550 1538 quibus

1957 1565 2060 1609 nos
2097 1558 2316 1622 oportet
2356 1551 2578 1622 propria
2625 1551 2766 1607 dona
2803 1553 3072 1609 conferre.
3105 1554 3243 1622 Quid
3290 1558 3434 1613 enim
3479 1560 3552 1616 de

1959 1643 2048 1699 illa
2079 1643 2444 1700 munificentia
2471 1645 2666 1715 possis
2688 1644 2982 1715 ambigere,
3004 1647 3219 1718 quando
3255 1662 3286 1702 a
3307 1649 3465 1705 nobis
3489 1658 3550 1706 te

1957 1737 2212 1805 intelligis
2237 1735 2437 1792 mereri
2463 1735 2610 1806 quod
2645 1751 2676 1790 a
2707 1738 2905 1794 nostris
2927 1738 3300 1796 deeessoribus
3339 1744 3553 1813 accepi-

1954 1827 2068 1884 sti?
2096 1826 2418 1882 Proﬁtemur
2446 1827 2630 1896 itaque
2676 1827 2897 1884 alterius
2940 1830 3156 1900 quidem
3199 1833 3422 1899 donum,
3454 1832 3550 1888 sed

1955 1930 2198 1978 nostrum
2222 1935 2342 1978 esse
2357 1919 2639 1990 judicium,
2667 1929 2730 1976 et
2761 1923 3081 1980 modernam
3105 1926 3360 1997 principis
3388 1941 3546 1982 men-

1953 2023 2068 2071 tem
2124 2013 2452 2084 puevenisse
2519 2021 2726 2068 tantum
2771 2013 3166 2073 velocissimam
3219 2020 3546 2089 largitatem.

1952 2107 2092 2165 Hinc
2118 2117 2201 2164 est
2224 2109 2383 2179 ,‘quod
2409 2108 2545 2165 divae
2574 2107 2764 2181 [Juret.
2805 2108 2870 2166 V.
2902 2110 2986 2181 Ca,
3027 2109 3241 2185 divinae]
3271 2116 3548 2170 memoriae

1953 2213 2116 2255 avum
2144 2207 2344 2256 nostrae
2368 2199 2668 2260 clementiae
2691 2203 2909 2262 domum
2953 2205 3008 2260 in
3037 2213 3220 2263 castro
3250 2204 3544 2262 Lucullano

1951 2292 2205 2363 positam,
2255 2293 2635 2365 obsequiorum
2681 2306 2896 2354 tuorum
2949 2299 3236 2354 sedulitate
3283 2313 3554 2370 provoca-

1953 2393 2090 2455 tum,
2137 2396 2351 2444 constat
2379 2389 2630 2459 ,voluisse
2667 2390 2870 2461 largiri.
2921 2389 3092 2462 Cujus
3139 2391 3546 2463 dispositionem

1952 2489 2173 2538 secutus
2215 2481 2478 2551 patricius
2506 2482 2700 2539 Tulum
2741 2484 3037 2556 (Superius,
3079 2486 3231 2554 epist.
3273 2484 3309 2541 9
3353 2494 3404 2541 et
3432 2485 3546 2558 10),

1951 2583 2308 2648 posteaquam
2333 2575 2412 2631 illi
2437 2585 2623 2632 nostra
2645 2587 2730 2633 est
2751 2577 3074 2635 liberalitate
3095 2595 3373 2644 concessa,
3404 2595 3548 2650 prae-

1949 2663 2118 2720 fatam
2148 2663 2372 2721 domum
2398 2673 2523 2721 actu
2551 2665 2792 2737 legitimo
2810 2669 2863 2724 in
2891 2677 2981 2724 tua
3003 2670 3204 2740 optime
3229 2669 3350 2739 jura
3375 2679 3552 2726 trans-

1953 2757 2120 2813 misit.
2153 2756 2496 2830 Quapropter
2522 2760 2787 2817 serenitas
2829 2768 3012 2816 nostra
3039 2761 3124 2816 vel
3165 2761 3429 2818 inchoatae
3451 2779 3551 2817 vo-

1953 2847 2178 2905 luntatis
2222 2848 2572 2920 desiderium,
2603 2851 2688 2908 vel
2719 2851 2912 2908 Tulum
2942 2853 3266 2923 plenissimae
3298 2853 3551 2911 donatio-

1953 2935 2041 2995 nis
2061 2937 2312 2996 eii'ectum
2341 2941 2592 3012 praesenti
2639 2941 2964 2998 auctoritate
3014 2943 3450 3011 corroboranius,
3490 2958 3549 3003 ut

1953 3045 2098 3105 saepe
2122 3033 2266 3091 dicta
2295 3034 2490 3092 domus
2528 3034 2768 3107 patriciae
2802 3034 2974 3108 [Niu.,
3026 3035 3149 3104 6a.,
3199 3036 3292 3094 Gr.
3325 3049 3375 3094 et
3402 3038 3570 3112 ϐαίη,

224 3125 494 3218 Auctori,
524 3125 858 3224 displicuisse
882 3125 1218 3226 proﬁtemur,
1248 3166 1307 3213 ut
1333 3158 1426 3228 qui
1449 3125 1846 3230 pridemsacris
1869 3125 1916 3151 υ
1954 3125 2226 3230 putaram].
2256 3129 2648 3230 τθθθτὼξίθηίθ
2677 3129 2910 3230 ἴθθηθυῇ
2939 3130 2994 3230 ἰδ’
3031 3130 3324 3230 Ῑ¹¹¹Ῡ¹¹¹¹³Ῐ¹⁰
3372 3142 3552 3230 casm?

227 3251 562 3300 meruerant
590 3243 854 3302 inservire
881 3248 1214 3316 ministeriis,
1237 3252 1613 3310 conventionis
1643 3255 1851 3313 irreve-

229 3343 436 3394 renter
461 3339 682 3397 nefariis
711 3340 922 3412 injuriis
948 3344 1308 3414 subjacerent.
1344 3346 1450 3404 Sed
1480 3349 1707 3406 aliorum
1731 3353 1848 3423 ple-

233 3428 445 3486 ctentia
499 3430 778 3504 subreptio
840 3433 998 3492 nobis
1054 3436 1250 3493 obtulit
1299 3439 1625 3511 plenissimae
1679 3441 1852 3500 laudis

235 3530 525 3591 eventum,
572 3533 632 3580 ut
674 3539 835 3582 causa
873 3529 1214 3600 contingeret
1242 3533 1554 3603 praestandi,
1594 3549 1714 3604 quae
1751 3551 1852 3593 nos

239 3615 565 3674 caelestibus
596 3619 1007 3678 commendaret
1049 3623 1281 3681 auxiliis.
1311 3625 1490 3697 Atque
1517 3627 1641 3685 ideo
1669 3630 1851 3686 consi-

239 3703 509 3764 derantes
549 3709 869 3780 apostolicae
913 3711 1062 3769 sedis
1088 3714 1380 3786 honorem,
1423 3725 1482 3774 et
1509 3719 1855 3778 consulentes

242 3794 536 3856 desideriis
563 3801 1006 3873 supplicantium,
1028 3808 1282 3876 praesenti
1310 3811 1637 3868 auctoritate
1667 3813 1856 3870 mode-

242 3897 370 3947 rato
393 3891 590 3950 ordine
615 3893 922 3966 deﬁnimus,
967 3906 1030 3954 ut
1073 3900 1118 3956 si
1146 3901 1418 3973 quispiam
1445 3902 1514 3959 ad
1547 3903 1855 3964 Romanum

245 3981 458 4039 clerum
488 3984 723 4056 aliquem
764 3989 1127 4059 pertinentem
1171 3994 1227 4049 in
1257 3995 1502 4065 qualibet
1529 4010 1694 4053 causa
1721 4013 1854 4070 pro-

246 4071 416 4131 babili
459 4077 748 4135 crediderit
795 4081 1008 4139 actione
1053 4084 1396 4155 pulsandum,
1450 4086 1519 4144 ad
1559 4087 1854 4150 beatissimi

245 4179 404 4237 papae
435 4166 696 4239 judicium
742 4171 892 4244 prius
933 4176 1226 4233 conveniat
1279 4178 1607 4249 audiendus;
1660 4190 1720 4237 ut
1761 4189 1856 4238 aut

249 4255 368 4328 ipse
398 4260 547 4317 inter
583 4270 843 4337 utrosque
878 4281 1035 4323 more
1080 4283 1192 4325 suae
1222 4272 1528 4329 sanctitatis
1569 4279 1850 4343 agnoscat,

249 4359 344 4408 aut
371 4367 595 4414 causam
617 4355 830 4429 deleget
850 4359 1120 4429 aequitatis
1140 4361 1320 4420 studio
1343 4364 1766 4434 terminandam;
1797 4375 1854 4423 et

251 4443 297 4500 si
324 4446 490 4516 forte,
519 4449 664 4522 quod
689 4450 837 4508 credi
866 4452 1018 4510 nefas
1049 4462 1153 4521 est,
1181 4463 1496 4528 competens
1530 4457 1854 4515 desiderium
1878 4468 1936 4534 ι)

253 4537 418 4597 fuerit
438 4543 686 4612 petitoris
715 4544 944 4614 elusum,
976 4555 1104 4605 tunc
1131 4549 1201 4605 ad
1226 4549 1500 4607 saecularia
1528 4551 1644 4608 fora
1667 4549 1855 4624 jurga-

257 4637 410 4692 turus
456 4643 724 4708 occurrat,
753 4639 972 4709 quando
1009 4655 1137 4700 suas
1171 4630 1465 4714 petitiones
1487 4644 1797 4717 probaverit
1823 4661 1856 4703 a

258 4725 582 4796 supradictae
607 4727 753 4786 sedis
779 4732 1010 4801 praesule
1047 4731 1214 4790 fuisse
1241 4742 1602 4808 contemptus.
1625 4736 1782 4806 Quod
1809 4737 1856 4794 si

261 4816 378 4884 quis
399 4819 674 4878 exstiterit
689 4823 804 4878 tam
833 4821 1112 4895 improbus
1133 4824 1392 4897 litigator,
1423 4836 1586 4900 atque
1612 4828 1855 4886 omnium

168 4934 181 4948 -
261 4904 426 4966 fuerit
448 4909 654 4982 judicio
695 4913 956 4988 sacrilega
1001 4925 1185 4975 mente
1223 4918 1527 4989 damnatus,
1569 4921 1660 4992 qui
1701 4937 1857 4979 reve-

265 5006 496 5061 rentiam
521 5015 686 5064 tantae
734 5009 849 5066 sedi
889 5011 1146 5070 exhibere
1191 5022 1521 5083 contemnat,
1561 5023 1615 5072 et
1653 5016 1856 5088 aliquid

266 5094 332 5154 de
379 5101 580 5159 nostris
618 5102 867 5160 affatibus
909 5107 1196 5165 crediderit
1240 5109 1678 5180 promerendum,
1730 5119 1860 5168 ante

271 5188 495 5264 alicujus
521 5196 897 5255 conventionis
939 5197 1188 5257 effectum
1216 5200 1409 5259 decem
1435 5200 1692 5257 librarum
1739 5201 1856 5258 auri

270 5279 549 5356 dispendio
578 5289 818 5360 feriatur,
845 5306 963 5363 quae
983 5307 1015 5349 a
1035 5293 1288 5364 palatinis
1315 5309 1590 5352 sacrarum
1614 5293 1857 5366 largitio-

277 5390 401 5434 num
435 5383 685 5452 protinus
730 5392 954 5453 exactae,
1004 5400 1105 5457 per
1150 5401 1344 5444 manus
1392 5400 1537 5459 saepe
1577 5389 1862 5446 memorati

273 5474 524 5533 antistitis
551 5479 879 5550 pauperibus
916 5487 1243 5552 erogentur:
1276 5496 1577 5554 carensque
1604 5482 1864 5555 impetra-

274 5561 363 5632 ῑίεο
398 5572 598 5640 negotii
625 5587 842 5645 quoque
867 5573 951 5631 sui
980 5573 1270 5632 amissione
1314 5574 1621 5633 mulctetur.
1657 5575 1858 5647 Dignus

1954 3218 2153 3291 posita,
2182 3217 2304 3276 cum
2347 3220 2598 3276 omnibus
2628 3221 2696 3276 ad
2742 3235 2804 3278 se
2828 3221 3223 3293 pertinentibus
3251 3223 3304 3279 in
3343 3231 3434 3278 tua
3463 3224 3552 3280 vel

1954 3312 2229 3369 haeredum
2279 3319 2494 3368 tuorum
2536 3313 2878 3384 possessione
2906 3323 3248 3384 permaneat;
3297 3323 3354 3372 et
3395 3315 3550 3390 quid-

1953 3404 2084 3478 quid
2109 3405 2180 3462 de
2212 3405 2315 3461 hac
2359 3404 2540 3462 facere
2569 3405 2849 3475 malueris,
2889 3404 3115 3462 habebis
3144 3407 3368 3464 liberam
3394 3416 3556 3480 pote-

1953 3494 2495 3566 statemzcujuslibet
2541 3495 2628 3552 vel
2671 3496 2870 3575 privati
2918 3483 3176 3566 nominis,
3216 3497 3303 3553 vel
3349 3497 3568 3568 publici.

1953 3591 2183 3663 posthac
2221 3589 2646 3662 'nquictudinem
2674 3590 3096 3658 submoventes;
3145 3590 3236 3648 ubi
3267 3599 3324 3647 et
3351 3591 3396 3648 si
3425 3590 3556 3664 quid

1955 3688 2100 3739 esset
2145 3681 2389 3752 quolibet
2434 3695 2594 3747 casu,
2637 3680 2882 3751 qualibet
2921 3680 3270 3752 inquisitione
3308 3679 3554 3739 fortassis

1955 3773 2286 3844 ambiguum,
2330 3773 2490 3844 hujus
2518 3761 2856 3831 auctoritatis
2886 3781 3085 3831 nostrae
3107 3773 3308 3846 judicio
3337 3781 3558 3832 constat

1955 3867 2259 3939 explosum.
2309 3865 2533 3935 Fruere,
2559 3865 2786 3938 juvante
2830 3866 2964 3931 Deo,
3004 3865 3166 3926 rebus
3209 3866 3443 3939 propriis
3482 3881 3554 3924 ex

1955 3966 2144 4015 nostra
2175 3971 2393 4030 quoque
2433 3957 2759 4015 auctoritate
2812 3955 3076 4014 solidatis.
3115 3957 3222 4015 Alii
3267 3958 3411 4015 enim
3454 3959 3554 4016 tibi

1951 4051 2076 4125 jura
2101 4053 2338 4126 legitima
2367 4055 2763 4125 praestiterunt,
2801 4069 2901 4112 nos
2925 4054 3286 4125 possessionis
3313 4057 3554 4128 quietem

1957 4153 2014 4202 et
2050 4145 2262 4203 cunctis
2299 4145 2511 4203 saeculis
2549 4160 2798 4203 securam
2847 4145 3177 4204 conferimus
3215 4145 3548 4205 ﬁrmitatem.

1955 4237 2064 4296 Sed
2093 4252 2164 4295 ne
2202 4238 2324 4310 quis
2350 4237 2575 4296 forsitan
2603 4245 2716 4294 tam
2762 4238 2992 4310 egregiae
3017 4239 3312 4298 voluntatis
3347 4250 3550 4299 nostrae

1956 4329 2169 4387 invidus
2195 4337 2492 4386 temerator
2531 4329 2748 4399 existat,
2771 4327 3026 4400 iubemus
3060 4344 3185 4387 eum
3223 4331 3315 4402 qui
3343 4346 3412 4388 ex
3446 4333 3554 4391 hac

1957 4435 2038 4488 re,
2069 4421 2312 4492 quolibet
2341 4428 2604 4492 tempore,
2634 4420 2723 4478 vel
2770 4419 2883 4478 iisci
2925 4420 3166 4490 nomine,
3196 4421 3283 4478 vel
3329 4421 3554 4493 privati,

1957 4529 2180 4572 movere
2226 4513 2520 4572 tentaverit
2569 4512 2805 4584 aliquam
2841 4512 3222 4586 quaestionem,
3266 4511 3397 4570 dare
3429 4512 3560 4581 tibi,

1957 4607 2047 4664 vel
2073 4605 2142 4662 ad
2171 4620 2330 4678 quem
2358 4605 2632 4678 pertinere
2653 4605 2908 4674 volueris,
2951 4604 3172 4663 domum
3203 4605 3356 4680 137
3385 4621 3552 4679 supe-

1956 4698 2069 4755 rius
2095 4697 2450 4768 designatam,
2479 4711 2654 4770 paenae
2697 4697 3072 4755 nomine'auri
3100 4697 3264 4755 libras
3305 4704 3558 4770 centum,

1957 4801 2016 4850 et
2039 4791 2354 4849 frustratum
2393 4792 2505 4850 suis
2532 4791 2754 4850 ausibus
2781 4791 3206 4864 infamatumque
3251 4790 3549 4849 discedere.

1957 4882 2116 4942 Hunc
2141 4884 2286 4941 enim
2307 4884 2602 4942 voluntatis
2620 4899 2732 4942 suae
2752 4889 2992 4942 meretur
3019 4883 3265 4941 invenire
3292 4882 3550 4951 fructum,

1957 4975 2052 5045 qui
2103 4975 2308 5048 aliquid
2345 4983 2536 5035 contra
2585 4984 2834 5035 nostrum
2887 4975 3103 5040 videtur
3150 4973 3429 5047 quaesiisse
3463 4973 3554 5045 ju-

1959 5066 2178 5126 (icium.

2481 5179 2817 5239 EPISTOLA
2850 5175 3037 5236 XXVI.

2039 5286 2308 5332 UNNERSIS
2339 5286 2584 5330 REATINIS
2611 5287 2682 5334 ετ
2709 5286 2944 5330 NURSINIS
2969 5282 3337 5328 Ατιιλιλιιιοῠε
3362 5284 3489 5326 REX.

1966 5369 2204 5443 Prae/icit
2248 5367 2356 5424 illis
2396 5365 2829 5434 Quidilauem,et
2861 5364 3011 5438 jubet
3055 5372 3114 5420 ut
3148 5364 3252 5437 ipsi
3288 5361 3554 5422 obediaut.

2035 5482 2316 5540 Gloriosus
2344 5480 2574 5536 domnus
2598 5492 2729 5534 avus
2754 5484 2939 5534 noster
2966 5476 3230 5535 desideria
3256 5483 3437 5533 vestra
3460 5491 3555 5532 co-

1963 5589 2258 5648 gnoscens,
2282 5569 2616 5641 Quidilanem
2660 5567 2821 5626 Sibiae
2867 5567 3033 5626 lilium
3063 5580 3091 5610 ι
3118 5570 3356 5643 priorem
3399 5569 3556 5626 vobis

347 5739 374 5772 ⁸
401 5730 754 5822 Cuspinianus
782 5736 838 5795 in
867 5736 1148 5800 Austrinos
1177 5735 1416 5799 Historia
1440 5755 1453 5797 :
1479 5738 1636 5799 Prior
1657 5737 1872 5812 imperii
1888 5737 2138 5797 Romani.
2169 5736 2236 5795 Et
2255 5737 2455 5799 Abdias
2479 5738 2763 5814 Babylon,,
2790 5738 2884 5798 lib.
2907 5753 2927 5798 ι
2954 5735 3024 5796 de
3043 5734 3288 5800 Zachaeo.
3315 5730 3436 5793 Jun.
