3958 6518
440 365 546 421 759

1656 355 1726 410 Μ.
1767 351 2045 412 AURELII
2084 351 2483 410 CASSIODORI

3647 349 3770 405 760

435 482 652 554 quidem
699 481 872 535 facere
909 474 1264 546 disponebat:
1297 473 1391 529 sed
1433 474 1556 546 quia
1577 513 1592 539 ,
1635 472 2023 528 interveniente
2047 477 2099 536 Α
2124 485 2224 528 suo
2253 470 2462 543 peculio
2482 477 2772 527 causantur
2791 470 3026 528 ablatum
3051 483 3064 523 :
3088 469 3422 539 adiicientes,
3444 484 3519 525 ne
3551 483 3768 524 rerum

433 572 651 630 mortali
671 569 999 636 conditione,
1014 566 1255 637 nequivit
1282 565 1512 636 cogitata
1530 565 1819 635 complere,
1834 578 2022 620 neces-

431 682 495 724 se
519 665 674 721 nobis
701 671 784 719 est
809 662 924 732 eius
951 669 1077 717 vota
1100 659 1384 732 perﬁcere,
1417 674 1484 714 ne
1523 665 1704 714 tantus
1731 658 1814 713 vir
1832 657 1899 713 de
1925 657 2023 711 ali-

431 773 542 827 quo
570 755 801 810 inaniter
823 751 1095 825 iudicetur
1130 752 1270 807 bona
1314 750 1553 822 potuisse
1583 749 1804 806 sentire.
1852 748 2028 819 Atque

429 847 557 904 idco
585 845 838 917 praesenti
859 843 1181 900 auctoritate
1209 841 1546 915 praecipimus
1567 849 1624 896 ut
1649 855 1771 896 eum
1791 840 2026 912 priorem

432 935 665 991 feliciter
689 935 894 991 habere
922 934 1192 1001 debeatis;
1223 940 1414 1002 etquae
1445 932 1771 988 ordinaverit
1796 946 1894 1002 pro
1916 931 2024 986 dis-

431 1024 629 1098 ciplina
655 1026 940 1092 servanda,
971 1026 1062 1081 ubi
1091 1034 1271 1081 nostra
1303 1025 1535 1079 maxime
1557 1024 1760 1079 utilitas
1786 1023 2028 1079 contine-

432 1127 546 1188 tur,
577 1120 629 1174 in
661 1119 907 1174 omnibus
927 1117 1148 1174 obedire
1171 1117 1448 1174 debeatis:
1473 1117 1599 1186 quia
1627 1117 1705 1172 sic
1733 1108 1912 1171 domui
1943 1113 2027 1170 avi

432 1208 609 1265 nostri
635 1209 764 1264 estis
789 1209 1028 1264 moribus
1055 1207 1303 1276 instituti,
1334 1215 1392 1261 ut
1420 1215 1474 1262 et
1496 1207 1642 1276 leges
1662 1206 1893 1262 libenter
1929 1219 2026 1277 aug

432 1299 598 1356 diutis
635 1307 692 1355 et
713 1299 941 1370 iudices.
972 1299 1086 1355 lIoc
1125 1307 1208 1355 est
1252 1299 1395 1353 enim
1423 1298 1567 1368 quod
1595 1306 1838 1354 nostrum
1862 1295 2029 1354 comit

434 1389 746 1461 imperium,
777 1391 921 1462 quod
941 1390 1247 1461 opinionem
1271 1398 1511 1446 nostram
1541 1391 1681 1446 inter
1707 1398 1894 1460 gentes
1923 1404 2028 1444 am-

434 1470 664 1553 piiﬁcat,
693 1481 739 1536 si
776 1481 901 1536 talia
929 1481 1148 1550 geratis,
1175 1495 1292 1551 quae
1321 1488 1376 1538 et
1409 1481 1566 1536 nobis
1587 1488 1836 1552 accepta,
1863 1487 1918 1536 et
1940 1479 2028 1535 Di-

435 1574 651 1633 vinitati
673 1583 896 1645 possunt
918 1589 1039 1631 esse
1066 1575 1389 1644 gratissima.
1419 1573 1712 1631 Robustius
1743 1574 1888 1630 enim
1925 1574 2028 1629 ini-

434 1667 568 1725 mici
596 1667 769 1724 nostri
807 1667 1098 1726 vincuntur
1122 1667 1362 1724 moribus
1404 1665 1594 1733 bonis;
1623 1666 1746 1738 quia
1773 1680 1910 1736 quos
1935 1679 2029 1721 su-

436 1773 608 1830 perna
639 1766 944 1830 protegunt,
976 1758 1159 1815 felices
1178 1757 1514 1814 adversarios
1541 1757 1742 1814 habere
1765 1773 1873 1813 non
1900 1772 2028 1828 pos-

436 1856 584 1904 sunt.
615 1847 868 1919 Pugnatis
889 1849 1034 1905 enim
1059 1847 1346 1904 efﬁcaciter
1367 1847 1498 1903 foris
1522 1889 1539 1917 ,
1567 1847 1696 1903 dum
1722 1847 1775 1902 in
1815 1845 2033 1902 sedibus

436 1941 636 1998 vestris
674 1939 938 2011 justitiam
978 1939 1161 1997 fovere
1196 1940 1540 1997 contenditis.
1584 1939 1693 1997 Ista
1741 1940 1884 1997 enim
1924 1940 2031 1996 duo

436 2042 626 2090 mutua
663 2049 722 2091 se
752 2034 1150 2106 amplexatione
1193 2035 1542 2102 consociant;
1584 2034 1677 2104 qui
1723 2033 2029 2105 aequitatem

433 2124 688 2189 coluerit,
720 2124 952 2181 fructum
979 2123 1218 2180 victoriae
1252 2123 1570 2194 possidebit.
1610 2124 1744 2179 Nam
1785 2139 1904 2194 quae
1933 2139 2030 2179 ne-

437 2216 666 2273 cessitas
695 2215 762 2271 ad
785 2216 979 2286 iniusta
1006 2215 1315 2286 compellat,
1346 2231 1469 2272 cum
1491 2231 1588 2272 vos
1615 2223 1670 2270 et
1687 2225 1861 2272 sortes
1886 2215 2034 2270 alant

437 2310 691 2381 propr-ite,
715 2316 770 2364 et
797 2324 1024 2365 munera
1043 2318 1248 2377 nostra,
1279 2309 1510 2366 Domino
1535 2307 1846 2379 adiuvante,
1868 2307 2031 2364 ditiﬁ-

440 2403 606 2457 cent?
635 2400 768 2455 Nam
813 2409 869 2456 et
911 2400 957 2456 si
1000 2400 1087 2457 cui
1115 2400 1316 2471 aliquid
1342 2400 1702 2470 expetendum
1729 2407 1830 2468 est,
1853 2409 2034 2472 speret

440 2493 609 2569 [Jur.:
624 2491 857 2548 Subaudi
877 2491 1076 2565 potius]
1099 2491 1169 2549 de
1190 2491 1550 2549 muniﬁcentia
1572 2492 1848 2563 principis,
1871 2507 2031 2563 quam

441 2588 516 2643 de
558 2586 977 2658 praesumptione
1015 2586 1248 2642 virtutis.
1299 2585 1433 2653 Quia
1473 2586 1626 2644 vobis
1654 2587 1864 2658 proiicit
1887 2585 2034 2656 quod

439 2679 674 2737 Romani
692 2679 862 2750 quieti
884 2687 1026 2747 sunt,
1050 2680 1142 2750 qui
1169 2679 1296 2737 dum
1313 2679 1500 2737 aeraria
1521 2688 1704 2739 nostra
1723 2679 1914 2749 ditant,
1934 2695 2031 2737 ve-

437 2780 556 2830 stra
582 2772 836 2830 donativa
861 2771 1233 2844 multiplicant.

941 2907 1277 2965 EPISTOLA
1311 2907 1521 2965 XXVII.

442 3018 680 3060 υυκειιιτ
699 3019 873 3061 εΑιοΝι
893 3020 963 3060 ΕΤ
983 3019 1350 3060 FLORENTIANO
1369 3020 1491 3059 Ἦπο
1513 3018 1724 3061 DEVOTO
1747 3017 2033 3060 COHITIACO

982 3091 1349 3131 ATHALARICUS
1374 3093 1502 3130 REX.

442 3166 789 3239 Praecipitat
813 3178 1118 3239 percurrunt
1147 3167 1494 3223 Faventinum
1523 3168 1859 3234 territorium,
1890 3175 1941 3221 et
1987 3167 2032 3222 si

513 3257 662 3310 quem
689 3237 970 3310 Gothorum
1002 3249 1088 3292 (tut
1111 3239 1464 3310 Romanorum
1489 3239 1688 3294 incolas
1712 3253 1926 3310 vexasse
1951 3253 2034 3292 re-

513 3305 762 3379 pet-crint,
791 3311 856 3377 is,
883 3308 1060 3364 habita
1085 3309 1262 3364 damni
1289 3309 1509 3376 ratione,
1536 3318 1585 3365 et
1611 3308 1806 3364 mulcto
1833 3308 2034 3380 amiga-
2065 3305 2132 3374 C'

441 3375 444 3379 ’
464 3417 469 3423 -
513 3375 604 3433 ’ταν
630 3389 678 3433 et
696 3375 866 3450 pinna.

516 3469 790 3527 Severitas
817 3471 1026 3541 publica
1050 3511 1067 3540 ,
1094 3469 1235 3525 sicut
1261 3470 1329 3526 ab
1358 3469 1735 3525 innocentibus
1762 3477 1934 3536 vacat,
1965 3469 2042 3526 ita

444 3575 670 3616 necesse
697 3569 857 3616 estut
883 3561 940 3626 in
979 3560 1256 3617 sceleratis
1291 3575 1514 3630 operam
1543 3575 1654 3615 suze
1695 3559 2042 3616 districtionis

446 3652 742 3721 impendat,
771 3653 896 3722 quia
923 3667 1032 3708 non
1052 3667 1268 3722 semper
1294 3668 1460 3708 unum
1484 3660 1760 3709 merentur
1781 3653 2042 3721 judicium

447 3741 657 3797 diversa
705 3742 895 3797 merita
925 3757 1296 3812 personarum.
1354 3741 1525 3799 Morbi
1568 3744 1671 3814 ipsi
1699 3743 2043 3800 dissimilibus

450 3831 630 3886 succis
667 3841 924 3887 sanantur
960 3832 1248 3888 herbarum
1281 3850 1294 3887 :
1328 3832 1448 3890 aliis
1493 3834 1624 3902 cibi,
1671 3835 1789 3891 aliis
1839 3835 2043 3891 ferrum

449 3929 690 3992 optatam
719 3931 939 3979 revocat
966 3924 1278 3996 sospitatem
1296 3963 1312 3990 ,
1340 3935 1396 3982 et
1423 3941 1521 3997 pro
1549 3927 1812 3997 qualitate
1833 3927 2044 3999 passio-

450 4014 536 4068 nis
564 4025 890 4086 prmceptum
909 4025 1183 4073 merentur
1201 4018 1440 4075 artiﬁcis.
1471 4017 1537 4074 Et
1561 4019 1684 4077 ideo
1712 4020 1927 4077 devotio
1951 4036 2044 4078 ve-

447 4115 562 4162 stra
594 4123 689 4177 per
715 4106 1068 4164 Faventinum
1091 4110 1421 4166 territorium
1452 4111 1827 4168 incunctanter
1853 4127 2046 4169 excur-

450 4207 570 4264 rat;
596 4209 650 4254 et
677 4199 722 4254 si
752 4215 887 4271 quos
909 4201 1213 4258 Gothorum
1239 4209 1401 4272 atque
1430 4202 1792 4260 Romanorum
1824 4205 1878 4260 in
1898 4204 2043 4263 dire-

453 4292 728 4363 ptionibus
749 4310 1120 4366 possessorum
1148 4310 1208 4352 se
1235 4296 1516 4354 miscuisse
1539 4299 1820 4370 repererit,
1851 4315 2044 4358 secun-

451 4387 580 4440 dum
635 4387 759 4444 facti
809 4390 1244 4460 aestimationem,
1279 4399 1336 4447 et
1385 4391 1594 4448 damnis
1639 4391 1942 4464 afﬂigantur
1990 4403 2046 4451 et

452 4477 627 4548 poenis
654 4496 668 4544 ;
700 4482 821 4548 quia
851 4481 1065 4551 gravius
1095 4482 1364 4553 plectendi
1393 4493 1516 4539 sunt
1544 4484 1636 4554 qui
1674 4499 1776 4540 nec
1803 4485 2045 4542 admoni-

454 4567 691 4622 tionibus
711 4570 886 4638 iustis,
911 4588 1012 4628 nec
1032 4573 1244 4644 iudiciis
1265 4575 1518 4646 principis
1548 4574 1902 4632 obediendum
1926 4591 2045 4633 esse

454 4659 816 4758 crediderunt,
840 4665 1052 4732 quando
1081 4667 1255 4736 maior
1275 4667 1508 4723 ambitus
1535 4676 1617 4723 est
1643 4669 1870 4724 dominis
1891 4669 2046 4726 nobis
2069 4695 2123 4758 Β

453 4750 596 4805 velle
623 4752 844 4818 servire,
868 4763 927 4808 ut
967 4758 1335 4812 commendati‘
1366 4759 1523 4814 bonis
1568 4759 1736 4819 initiis
1779 4761 2043 4835 reliquam

455 4841 619 4899 vitam
656 4844 958 4902 securitatis
981 4863 1202 4904 munere
1226 4849 1588 4920 perfruantur.

962 4957 1290 5016 EPISTOLA
1310 4960 1539 5017 XXVIII.

608 5064 897 5106 CUNIGASTO
927 5065 1050 5105 νιηο
1077 5066 1321 5108 ILLUSTRI
1350 5069 1712 5112 ATHALARICUS
1739 5071 1866 5113 REX.

451 5135 783 5221 Degerniﬂttt
805 5137 1118 5221 Tauronem,
1148 5140 1235 5221 qui
1265 5139 1552 5221 Constantii
1575 5154 1624 5199 et
1665 5146 1874 5221 Ymerii
1901 5148 2047 5220 agel-

529 5206 1000 5288 lumf’abricutam
1029 5206 1234 5288 nomine
1256 5211 1562 5288 abstulerat,
1592 5217 1773 5288 quique
1813 5236 1899 5273 eos
1937 5206 2049 5273 ser-

529 5279 675 5332 uituti
725 5279 1032 5360 addixerat,
1052 5297 1145 5336 suo
1181 5280 1376 5360 jubeat_
1402 5279 1581 5341 adesse
1599 5279 1818 5358 judicio,
1843 5297 1899 5342 ut
1935 5290 2046 5360 juri

530 5359 924 5406 consentaneum
951 5351 1132 5406 subeat
1158 5356 1483 5410 sententiam.

529 5435 802 5495 Per-movit
848 5443 1195 5499 serenitatem
1247 5454 1484 5500 nostram
1532 5446 1831 5507 Constantii
1885 5458 2049 5521 atque

457 5526 673 5586 Venerii
714 5532 943 5590 dolenda
993 5536 1305 5608 conquestio
1336 5578 1349 5604 ,
1404 5551 1509 5606 qua
1565 5539 1662 5594 sibi
1710 5555 1739 5594 a
1797 5541 2047 5598 Taneane

454 5618 588 5688 iuris
608 5625 812 5692 proprii
837 5627 1084 5694 agellum,
1108 5628 1249 5698 quod
1272 5629 1553 5686 Fabricula
1577 5631 1898 5695 nominatur,
1925 5650 2047 5690 eum

527 5768 560 5839 .0
593 5759 935 5839 Translatitia
981 5767 1117 5836 iuris
1145 5771 1409 5824 sententia
1459 5780 1560 5837 est,
1590 5770 1853 5839 deiectum
1898 5776 1946 5827 vi
1978 5775 2042 5831 de

461 5836 539 5908 rei
567 5844 676 5884 sua}
706 5836 1063 5908 possessione,
1098 5853 1193 5894 seu
1222 5840 1506 5908 spoliatum
1533 5836 1665 5894 ante
1687 5846 1863 5897 omnia
1895 5847 2042 5899 resti-

443 5907 543 5985 .tut
575 5910 839 5973 oportere,
872 5907 903 5961 l.
944 5907 988 5974 1,
1019 5907 1077 5962 (3.
1110 5908 1170 5964 Si
1201 5907 1287 5964 uer
1317 5911 1412 5967 vim
1463 5912 1537 5965 vel
1570 5911 1670 5969 alio
1696 5914 1878 5980 modo;
1923 5917 1956 5973 l.
1989 5917 2037 5983 7,

2126 576 2343 618 suarum
2368 561 2773 634 repetitionibus
2799 560 3158 628 imminerent,
3187 561 3370 616 liberis
3395 560 3500 616 sibi
3539 561 3764 617 condi-

2125 654 2330 710 tionem
2357 652 2554 708 ultimac
2579 652 2854 709 servitutis
2883 652 3105 723 imponi.
3155 651 3330 724 Atque
3355 652 3481 709 ideo
3509 654 3763 722 magni—

2125 745 2256 802 tudo
2287 754 2396 812 tua,
2429 745 2660 802 decretis
2705 745 2964 801 obsecuta
3003 744 3388 815 prmsentibus,
3439 743 3758 816 praefatum

2125 854 2226 897 suo
2245 840 2433 910 iubeat
2460 839 2651 896 adesse
2686 837 2889 910 iudicio
2917 855 2932 905 ;
2957 838 3046 895 ubi
3075 838 3224 894 omni
3248 839 3388 894 inter
3411 847 3627 910 partes
3655 852 3757 892 ve-

2127 934 2286 988 ritate
2315 932 2574 997 discussa,
2597 930 2704 1002 iuri
2745 937 3164 988 consentaneam
3192 938 3248 986 et
3269 931 3503 986 amicam
3535 931 3756 986 vestri;

2127 1023 2368 1079 moribus
2391 1024 2634 1095 proferte
2654 1023 2997 1080 sententiam.
3028 1022 3163 1090 Quia
3186 1023 3324 1080 sicut
3345 1037 3514 1094 grave
3567 1029 3668 1077 est
3688 1022 3755 1077 de

2127 1131 2228 1172 suo
2247 1115 2495 1172 dominos
2519 1117 2642 1188 iure
2670 1116 2864 1174 cedere
2887 1157 2902 1184 ,
2934 1117 3008 1172 ita
3045 1116 3242 1173 nostris
3268 1125 3351 1174 est
3378 1117 3617 1173 szecuIis
3649 1117 3754 1171 ini-

2127 1209 2326 1264 micum
2373 1209 2649 1265 servitutis
2684 1209 2814 1280 iugo
2861 1209 3030 1266 libera
3070 1210 3209 1266 colla
3247 1209 3594 1281 deprimere.
3632 1209 3753 1266 Mo-

2129 1301 2295 1356 menti
2318 1299 2439 1369 iure
2460 1299 2504 1357 si
2533 1309 2867 1372 competunt,
2889 1310 2915 1338 ιι
2931 1300 3179 1373 primitus
3201 1301 3498 1357 reddantur
3518 1303 3749 1367 invasa;

2133 1391 2208 1447 ita
2239 1400 2439 1459 tamen,
2464 1400 2522 1446 ut
2545 1406 2777 1463 persona
2806 1392 3042 1463 legitima
3092 1392 3591 1464 disceptationibus
3634 1409 3749 1448 non

2129 1484 2374 1540 desistat.
2404 1482 2590 1540 Cesset
2611 1484 2841 1540 violenta
2862 1485 3226 1556 praesumptio,
3252 1492 3313 1540 ut
3341 1500 3508 1541 causa
3530 1484 3749 1554 iudicis

2130 1585 2487 1646 cognoscatur
2530 1576 2786 1644 arbitrio;
2815 1586 2872 1633 et
2916 1587 3011 1632 aut
3056 1577 3334 1633 convictos
3381 1575 3540 1649 [Ed.,
3605 1591 3746 1632 con-

2129 1667 2366 1740 iunctos]
2395 1682 2581 1724 servos
2611 1683 2737 1723 eum
2766 1667 2927 1724 rebus
2953 1667 3056 1723 sibi
3083 1668 3520 1738 competentibus
3558 1667 3746 1737 pomi—

2133 1759 2277 1827 deat,
2331 1769 2426 1814 aut
2452 1759 2711 1831 probatos
2738 1759 2937 1816 liberos
2965 1759 3244 1815 indemnes
3289 1767 3457 1830 atque
3492 1759 3745 1828 integros

2135 1851 2492 1922 derelinquat.
2519 1852 2728 1910 Suﬁicit
2754 1853 2897 1909 enim
2924 1853 3071 1924 quod
3098 1853 3149 1911 ei
3174 1853 3485 1910 relaxatnus
3511 1867 3744 1925 paenae:

2135 1943 2226 2016 qui
2252 1941 2430 2002 facere
2452 1944 2793 2016 praesumpsit
2817 1944 3091 2018 iniuriam.

2654 2076 2988 2135 EPISTOLA
3026 2077 3209 2135 XXIX.

2136 2184 2436 2228 HONOBATIB
2507 2184 2906 2229 Ροεεεεεοιιιευε
2964 2187 3034 2227 ΕΤ
3094 2187 3398 2229 CURULIBUS
3447 2186 3740 2232 ΡΑΒΠΕΞΞΕ

2461 2312 2465 2317 ,
2538 2278 2801 2320 ΕῙἮΤΑΤΙΞ
2829 2279 3193 2320 ΑτωιΑιιιοσε
3220 2280 3342 2321 REX.

2134 2353 2288 2410 Jubet
2313 2362 2371 2410 ut
2396 2354 2693 2412 cloacarum
2710 2356 2981 2430 urbisora
3010 2357 3280 2429 pandant,
3303 2368 3353 2413 et
3380 2366 3438 2413 ut
3470 2358 3565 2414 hoc
3607 2375 3736 2430 opus

2693 2426 2941 2484 Genesius
2971 2426 3175 2502 urgeat.

2207 2519 2434 2590 Dignum
2454 2503 2535 2576 est
2555 2527 2614 2574 ut
2631 2518 2820 2575 libenti
2845 2521 3025 2576 animo
3053 2520 3262 2578 faciatis
3289 2535 3411 2592 quae
3431 2521 3617 2593 iuberi
3637 2538 3736 2595 pro

2136 2613 2283 2670 urbis
2303 2622 2496 2672 vestra:
2518 2613 2750 2669 utilitate
2781 2613 3152 2685 cognoscitis;
3176 2630 3299 2669 nam
3338 2615 3487 2685 quod
3514 2617 3732 2687 proprio

2135 2713 2352 2777 sumptu
2395 2705 2580 2762 decuit
2620 2705 2858 2775 aggredi,
2885 2706 3268 2777 compendiose
3313 2707 3471 2763 vobis
3517 2716 3729 2764 constat

2136 2797 2339 2855 oﬁerri.
2370 2797 2657 2855 Civitatem
2686 2799 2953 2869 siquidem
2976 2808 3214 2855 vestram
3237 2800 3442 2858 diutina
3487 2802 3731 2860 siccitate

2137 2886 2470 2946 laborantem
2489 2930 2505 2957 ,
2533 2889 2758 2961 iuvante
2783 2889 2896 2947 Deo
2914 2929 2930 2957 ,
2955 2889 3185 2947 domnus
3212 2907 3341 2947 avus
3369 2901 3561 2949 noster
3583 2894 3726 2950 salu-

2137 2977 2371 3036 berrima
2393 2980 2534 3036 unda
2561 2979 2773 3050 rigavit.
2820 2980 2921 3038 Cui
2943 2997 3088 3040 nunc
3113 2982 3288 3040 studio
3315 2992 3502 3043 vestro
3523 2984 3728 3042 cloaca-

2136 3085 2258 3128 rum
2301 3087 2397 3128 ora
2424 3072 2747 3143 pandantur,
2773 3087 2864 3143 ne,
2887 3073 3125 3131 sordium
3151 3073 3457 3143 obiectione
3499 3075 3724 3143 tardata,

2138 3161 2482 3233 reciprocans
2528 3162 2669 3218 unda
2711 3163 2907 3220 vestris
2949 3163 3155 3221 aedibus
3192 3165 3457 3233 illidatur;
3505 3174 3564 3222 et
3598 3181 3726 3237 quas

2139 3253 2324 3310 debuit
2364 3255 2612 3324 abluere,
2645 3256 2865 3313 easdem
2909 3257 3064 3314 vobis
3109 3267 3335 3328 cogatur
3382 3258 3601 3316 inferre.
3631 3259 3722 3315 Cui

2141 3343 2312 3414 operi;
2343 3359 2649 3415 quanquam
2691 3361 2790 3402 vos
2837 3359 3029 3416 urgere
3075 3346 3272 3403 debeat
3321 3347 3522 3404 civicus
3574 3349 3724 3420 138

2143 3451 2315 3502 amor,
2343 3435 2520 3493 virum
2563 3437 2914 3509 spectabilem
2939 3437 3227 3494 Genesium
3265 3439 3592 3510 praecipimus
3618 3439 3721 3494 im-

2141 3525 2370 3595 minere,
2401 3535 2460 3583 ut
2489 3541 2590 3584 nos
2618 3527 2685 3583 ad
2732 3528 2957 3586 meliora
2985 3530 3311 3601 provdcetis,
3342 3532 3390 3589 si
3435 3546 3549 3603 quae
3570 3530 3722 3602 iussi-

2143 3633 2264 3677 mus
2290 3626 2566 3692 gratanter
2587 3619 2817 3680 efﬁcitis.

2157 3717 2480 3788 7mm”
2532 3725 2560 3731 ”
2665 3753 2992 3813 EPISTOLA
3031 3757 3197 3812 xxx.

2323 3860 2544 3904 CENESIO
2568 3862 2692 3906 νιιο
2720 3863 3024 3906 ερεετληιιι
3050 3861 3413 3908 ATHALAIIICUS
3440 3868 3566 3908 REI.

2145 3934 2407 4014 Ρηειίίρὶε⁸
2421 3947 2477 3993 ut
2497 3951 2645 4014 cogat
2673 3939 2985 4014 Parmenses
3011 3945 3294 4014 municipes
3322 3946 3562 4013 antiquos
3590 3946 3723 4000 cuni-

2217 4008 2362 4086 cuios
2381 4009 2464 4086 ita
2491 4008 2768 4086 diiigenter
2793 4012 3108 4080 emundare,
3137 4008 3408 4086 ut'aquam
3437 4008 3722 4085 inﬂuentem

2218 4077 2349 4132 nihil
2375 4077 2642 4150 impediat.

2217 4169 2417 4229 Amore
2445 4173 2676 4231 civitatis
2695 4183 2889 4234 vestra:
2909 4178 3115 4248 antiqui
3134 4179 3313 4251 operis
3332 4181 3562 4236 formam
3572 4180 3723 4255 [lum

2146 4259 2392 4335 Intellige
2429 4263 2826 4338 aquzeductum]
2870 4266 3100 4324 domnus
3137 4267 3359 4342 quidem
3384 4285 3518 4329 avus
3555 4281 3728 4328 noster

2147 4355 2401 4426 largitate
2427 4357 2573 4428 regia
2596 4358 2919 4414 construxit.
2939 4359 3052 4416 Sed
3071 4361 3206 4416 nihil
3227 4362 3452 4434 prodest
3479 4377 3726 4435 aquarum

2148 4450 2332 4521 copias
2360 4449 2581 4506 urbibus
2607 4450 2910 4519 immisisse,
2933 4453 3037 4509 nisi
3056 4469 3203 4512 nunc
3227 4455 3576 4527 provideatur
3590 4459 3727 4515 cloa-

2147 4553 2333 4595 carum
2358 4548 2662 4611 opportuna
2701 4541 2927 4612 digestio
2956 4561 2970 4597 :
3001 4561 3152 4602 more
3195 4547 3318 4603 vitae
3344 4547 3614 4617 humanm,
3645 4565 3728 4606 cu-

2145 4628 2234 4700 ius
2262 4631 2336 4687 ita
2356 4633 2641 4690 salubritas
2660 4635 3044 4705 continetur,si
3073 4639 3218 4711 quod
3237 4656 3334 4698 ore
3359 4642 3481 4712 quis
3500 4643 3726 4715 suscipit,

2149 4723 2253 4778 alia
2281 4733 2438 4795 parte
2462 4716 2709 4798 corporis
2735 4728 3006 4787 relaxatus
3030 4729 3294 4789 effuderit.
3337 4732 3403 4791 Et
3430 4735 3555 4792 ideo
3580 4736 3731 4792 subli-

2147 4815 2305 4871 mitas
2325 4823 2418 4872 tua
2441 4817 2762 4878 Parmenses
2791 4822 3090 4894 municipes
3111 4823 3273 4881 faciet
3290 4827 3417 4884 huic
3437 4829 3590 4899 operi
3613 4844 3728 4900 gna-

2145 4908 2284 4964 viter
2314 4908 2462 4983 [Ed.,
2498 4913 2728 4986 noviter]
2758 4915 3040 4987 insistere,
3070 4927 3339 4989 quatenus
3370 4924 3624 4992 antiquos
3649 4938 3729 4979 cn-

2147 4997 2394 5066 niculos,
2449 5000 2563 5058 sive
2637 5003 3060 5076 subterraneos,
3111 5008 3224 5064 sive
3296 5025 3391 5081 qui
3451 5011 3728 5083 iunguntur

2146 5088 2477 5158 marginibus
2517 5093 2819 5163 platearum
2843 5138 2860 5165 ,
2913 5097 3196 5169 diligenter
3241 5101 3538 5158 emundent
3579 5103 3724 5177 [Atii,

2147 5179 2489 5255 emendem];
2518 5192 2578 5240 ut
2621 5201 2742 5242 cum
2788 5189 3100 5246 solemniter
3130 5198 3348 5262 optatus
3386 5193 3544 5250 vobis
3570 5194 3726 5264 liquor

2151 5271 2442 5346 inﬂuxerit,
2477 5279 2623 5335 nulla
2653 5280 2850 5352 adiecti
2881 5281 3006 5355 illis.
3037 5291 3086 5338 et
3115 5288 3235 5350 Ac.,
3263 5283 3492 5358 abiecti}
3523 5285 3724 5341 laetami-

2151 5365 2234 5422 nis
2263 5369 2565 5438 obiectione
2592 5373 2859 5430 tardetur:
2877 5376 3000 5446 quia
3023 5379 3248 5446 gratiam
3273 5378 3414 5434 nnda
3433 5395 3540 5434 non
3560 5379 3722 5446 habet,

2152 5458 2251 5514 nisi
2277 5477 2396 5532 quae
2415 5463 2618 5534 iugiter
2645 5466 2839 5536 influit,
2863 5477 2918 5524 et
2947 5469 3061 5524 visa
3111 5483 3325 5542 semper
3359 5471 3614 5527 abscedit.
3642 5471 3720 5527 illa

2151 5552 2294 5607 enim
2325 5571 2442 5626 qua:
2472 5559 2693 5628 pulchre
2725 5561 2912 5633 [Jm-et.
2946 5563 3068 5635 legit
3095 5564 3333 5637 publice]
3360 5565 3492 5622 rivis
3530 5565 3715 5622 exerci-

2151 5649 2260 5700 tata
2307 5649 2471 5714 ridet,
2503 5666 2660 5721 quam
2707 5654 2962 5712 deformis
3011 5668 3092 5714 est
3160 5659 3213 5714 in
3287 5659 3530 5716 lacunis!
3581 5658 3721 5717 Palus

2158 5785 2217 5874 Si
2248 5789 2450 5874 quis‘ad
2471 5794 2631 5874 se,.C.
2667 5796 2940 5874 Λάφρια.
2968 5799 3031 5856 de
3052 5799 3481 5874 eipnbt.,cap.7,
3506 5797 3718 5874 Comptes

2155 5869 2316 5929 rente,
2349 5859 2416 5918 de
2445 5865 2614 5920 rcstit.
2651 5868 2788 5938 spol.
2815 5868 2979 5928 FonN.
