3958 6482
207 371 307 429 ’161

1423 365 1784 424 VARIARUM
1822 365 2025 426 LIBER
2066 367 2196 425 γιιι.

3365 365 3472 425 76!

207 489 354 548 enim
382 502 483 545 nec
502 485 619 545 visu
643 494 814 557 grata,
854 500 955 544 nec
975 485 1234 559 jumentis
1267 489 1634 546 accommoda.
1664 488 1789 545 Ele-
1812 490 1870 555 Α
1890 488 2037 562 pium
2058 503 2266 545 summa
2289 487 2600 546 decurrunt.
2627 490 2852 548 Additur
2872 489 3018 563 quod
3049 494 3279 561 utroque
3304 487 3474 546 latere

211 591 451 641 mentum
487 580 903 653 pulcherrimum
929 580 1166 651 quidem,
1193 581 1286 638 sed
1316 597 1438 638 cum
1465 582 1520 637 in
1561 581 1790 638 naturali

211 675 448 747 puritate
475 668 738 728 servatur.
767 671 896 729 Sine
932 671 1036 729 hac
1062 673 1177 742 agri
1203 671 1468 745 squalent,
1501 674 1660 730 urbes
1697 687 1795 728 an-

212 767 338 824 hela
380 767 622 823 siccitate
660 765 948 836 fatigantur
991 767 1189 840 [Juret.
1236 767 1356 839 legit
1385 763 1699 837 anhelant];
1734 772 1795 821 ut

213 860 412 917 merito
437 860 656 930 antiqua
685 859 970 930 prudentia
999 874 1133 932 quos
1155 875 1186 915 a
1205 860 1370 916 civica
1392 860 1796 917 conversatione

214 949 575 1022 segregandos
625 965 746 1008 esse
790 951 1068 1022 judicavit,
1115 967 1373 1024 aquarum
1423 951 1797 1008 interdictione

214 1045 510 1118 punierita.
538 1045 875 1117 Quapropter
898 1055 1009 1102 tam
1029 1047 1267 1103 utillima:
1286 1047 1365 1104 rei
1385 1047 1622 1102 omnium
1637 1045 1801 1103 debet

217 1137 438 1195 eludere
482 1153 814 1208 consensus;
844 1140 968 1212 quia
1015 1141 1145 1198 civis
1191 1141 1425 1198 animum
1460 1155 1570 1199 non
1613 1140 1798 1209 habet,

217 1227 315 1301 qui
341 1229 486 1287 urbis
513 1244 625 1287 sua:
647 1231 818 1303 gratia
845 1248 953 1288 non
982 1241 1213 1291 tenetur.

740 1389 977 1446 ΕΡῙὸΤο
985 1392 1068 1447 LA
1105 1391 1289 1450 XXX].

411 1493 612 1537 SEVERO
638 1495 762 1537 VIRO
785 1497 1086 1540 SPECTABILI
1111 1499 1472 1542 ATHALARICUS
1498 1501 1623 1541 REX.

221 1566 555 1625 Provinciam
593 1571 890 1627 Brutiorum
919 1574 1190 1643 describit,
1219 1583 1269 1630 et
1303 1575 1431 1631 'ubet
1456 1586 1512 1630 ut
1552 1585 1656 1630 tam
1682 1593 1802 1646 pro-

293 1642 533 1696 vinciales
553 1659 702 1698 annm
725 1644 962 1698 curiales.
989 1595 1376 1698 ἦάεῑιιδδονίίιιδ
1399 1647 1535 1698 datis
1556 1664 1802 1698 nmnaane

293 1642 702 1718 sincialesqunm
725 1644 962 1718 curiales,
985 1642 1376 1716 ﬁdejustsoribtts
1399 1647 1535 1702 datis
1556 1642 1805 1718 poenaque

295 1713 626 1789 interposita,
652 1716 955 1789 promittant
986 1713 995 1715 “
1019 1713 1288 1789 δεξήιαῙΟή
1318 1720 1442 1772 anni
1479 1713 1624 1787 parte
1651 1713 1805 1772 in'ci-

295 1781 531 1836 vitatibus
557 1781 684 1854 quas
711 1785 934 1840 incolere
961 1781 1234 1841 maluerint
1258 1781 1550 1843 mammas.

1893 583 2111 656 copiosa
2137 583 2346 639 marina
2378 585 2618 656 possidet
2648 585 3077 656 frequentatione
3115 583 3472 651 commercia,

1891 687 1953 734 ut
1978 686 2036 734 et
2057 679 2289 751 propriis
2336 677 2587 735 fluctibus
2614 676 2896 736 afﬂuenter
2924 679 3203 747 exuberet,
3218 685 3273 735 ct
3314 690 3475 748 pere-

1891 771 2048 842 grino
2075 785 2221 842 penu
2247 771 2523 828 vicinitate
2546 771 2789 828 littorum
2809 772 3200 842 compleantur.
3225 769 3253 809 b
3277 769 3478 826 Vivunt

1894 863 2005 921 illic
2044 864 2229 921 rustici
2257 864 2431 936 epulis
2457 864 2808 932 urbanorum,
2831 864 3132 920 mediocres
3157 870 3338 919 autem
3379 861 3478 917 ab-

1895 956 2155 1013 undantia
2192 955 2624 1028 praepotentium,
2659 964 2720 1011 ut
2770 970 2871 1012 nec
2914 953 3136 1010 minima
3164 953 3238 1009 ibi
3264 951 3480 1008 fortuna

1896 1053 2066 1124 COpiis
2093 1051 2354 1123 probetur
2378 1060 2625 1122 excepta.
2655 1049 2808 1106 Hanc
2833 1063 2962 1119 ergo
2991 1047 3322 1120 provinciam
3351 1045 3482 1102 civi-

1898 1146 2098 1203 tatibus
2140 1145 2330 1202 nolunt
2378 1144 2635 1214 incolere,
2657 1158 2820 1215 quam
2865 1142 2952 1200 vel
2999 1142 3054 1198 in
3083 1140 3226 1212 agris
3269 1139 3381 1194 suis
3422 1153 3484 1194 se

1897 1238 2137 1296 fatentur
2161 1239 2381 1295 omnino
2410 1239 2675 1308 diligere?
2703 1237 2842 1305 Quid
2882 1235 3106 1307 prodest
3133 1239 3315 1289 tantos
3340 1229 3486 1287 viros

1900 1328 2070 1388 latere
2091 1330 2283 1387 litteris
2307 1327 2634 1386 def-necatos?
2663 1328 2821 1385 Pueri
2848 1327 3152 1385 liberalium
3176 1323 3485 1382 scholarum

1902 1430 2226 1478 conventum
2262 1429 2548 1492 quaerunt;
2574 1429 2630 1476 et
2666 1436 2794 1476 mox
2833 1427 2894 1477 ut
2921 1420 3040 1476 foro
3064 1417 3339 1490 potuerint
3367 1429 3488 1472 esse

1901 1513 2066 1586 digni,
2100 1515 2282 1572 statim
2328 1515 2591 1586 incipiunt
2629 1515 2829 1583 agresti
2872 1513 3207 1568 habitatione
3249 1508 3484 1566 nesciri:

1903 1605 2208 1677 proﬁciunt,
2237 1616 2295 1662 ut
2323 1605 2630 1671 dediscant;
2661 1603 2992 1670 erudiuntur,
3018 1610 3078 1657 ut
3103 1602 3402 1673 negligant;
3434 1607 3489 1656 et

1905 1711 2026 1754 cum
2070 1711 2229 1768 agros
2269 1698 2514 1768 diligunt,
2537 1712 2597 1754 se
2624 1711 2808 1752 amare
2853 1711 2960 1752 non
3004 1700 3224 1750 norunt.
3279 1691 3494 1758 Quierat

1908 1787 2145 1845 eruditus
2167 1789 2256 1844 ubi
2284 1789 2454 1860 possit
2496 1789 2731 1844 existere
2767 1787 3034 1859 gloriosus
3065 1803 3078 1839 :
3109 1783 3344 1856 prudens
3387 1781 3493 1837 fre-

294 1874 427 1931 Cum
455 1886 509 1932 te
536 1877 909 1947 prmfectorum
929 1879 1168 1936 consiliis
1193 1880 1532 1938 laudabiliter
1550 1881 1806 1939 inhaeren-
1832 1881 1882 1945 B
1907 1881 2183 1950 quentiam
2209 1896 2317 1937 non
2341 1888 2561 1953 respuat
2587 1871 2888 1947 hominum,
2913 1878 2970 1933 in
2993 1892 3101 1948 qua
3121 1889 3180 1931 se
3200 1873 3349 1931 novit
3375 1887 3496 1930 esse

155 1959 158 1962 ’
221 1970 335 2019 tem
382 1966 562 2021 omnia
609 1965 857 2023 didicisse
900 1968 1184 2026 credamus
1220 1986 1339 2042 qua:
1387 1972 1455 2027 ad
1500 1972 1805 2044 reipublicae

218 2061 422 2109 statum
445 2056 716 2126 pertinent
745 2059 1177 2128 componendum
1198 2101 1214 2127 ,
1245 2060 1480 2118 maxime
1508 2063 1806 2133 cognovisti

216 2143 420 2201 litteris
445 2146 682 2202 eruditus
706 2147 984 2217 pulchram
1012 2165 1132 2208 esse
1164 2150 1352 2209 faciem
1377 2154 1652 2211 civitatum
1686 2172 1806 2227 quae

216 2235 545 2307 p0pulorum
587 2238 884 2310 probantur
929 2240 1126 2298 habere
1175 2253 1514 2301 conventum.
1539 2245 1627 2303 Sic
1665 2249 1807 2304 enim

219 2335 284 2384 et
334 2326 389 2383 in
441 2327 546 2384 illis
589 2328 833 2400 splendet
881 2330 1141 2388 libertatis
1195 2343 1415 2391 ornatus
1438 2375 1454 2404 ,
1492 2345 1548 2392 et
1611 2340 1809 2396 nostris

221 2418 650 2476 ordinationibus
676 2423 1012 2479 necessarius
1049 2424 1217 2481 servit
1262 2424 1506 2510 effectus,
1534 2427 1684 2486 Feris
1711 2430 1809 2486 da-

224 2519 344 2568 tum
367 2521 450 2570 est
485 2527 642 2583 agros
678 2515 962 2587 sylvasque
993 2531 1234 2587 quaerere
1252 2557 1269 2586 ,
1299 2519 1605 2577 hominibus
1631 2531 1810 2579 autem

226 2599 379 2658 focos
406 2603 612 2672 patrios
631 2618 792 2674 supra
829 2613 1020 2662 cuncta
1041 2607 1286 2677 diligere.
1316 2609 1456 2666 Aves
1479 2611 1606 2681 ipsa:
1633 2626 1816 2684 grega-

227 2693 326 2750 tim
357 2695 557 2764 volant,
589 2711 710 2767 quae
729 2697 950 2753 innoxia
969 2699 1247 2756 voluntate
1286 2701 1594 2758 mitescunt.
1618 2704 1815 2760 Canori

229 2787 372 2844 turdi
397 2797 579 2845 amant
599 2790 681 2846 sui
702 2791 914 2861 generis
939 2791 1282 2849 densitatem.
1305 2793 1620 2866 Strepentes
1643 2797 1816 2853 sturni

228 2889 511 2948 compares
565 2886 862 2949 sequuntur
907 2879 1272 2937 indesinenter
1325 2882 1614 2939 exercitus.
1667 2883 1816 2941 Mur-

228 2979 504 3028 murantes
549 2971 787 3042 palumbi
839 2970 1088 3042 proprias
1141 2972 1370 3044 diligunt
1424 2973 1706 3042 cohortes;
1763 2983 1820 3031 et

231 3060 488 3131 quidquid
534 3060 605 3116 ad
651 3062 952 3133 simplicem
993 3064 1228 3135 pertinet
1271 3065 1456 3133 vitam,
1481 3065 1820 3124 adunationis

231 3153 460 3222 gratiam
508 3167 620 3208 non
667 3153 883 3211 refutat.
931 3155 1132 3212 Contra
1154 3197 1170 3224 ,
1215 3157 1443 3214 animosi
1493 3159 1778 3231 accipitres
1798 3200 1816 3230 ,

233 3247 425 3318 aquilae
451 3248 768 3317 venatrices,
801 3255 858 3305 et
898 3264 1060 3322 supra
1088 3265 1274 3308 omnes
1301 3251 1460 3309 alites
1501 3252 1710 3309 acutius
1736 3254 1820 3309 in-

234 3341 692 3410 tuentes,volatus
719 3342 988 3400 solitarios
1013 3344 1416 3415 concupiscunt,
1441 3345 1569 3416 quia
1597 3360 1819 3418 rapaces

233 3430 435 3488 insidia:
455 3431 676 3488 innoxia
701 3433 1075 3490 conventicula
1095 3450 1205 3491 non
1230 3425 1820 3506 requirunL-Ainbiunt

233 3523 379 3578 enim
403 3521 606 3594 aliquid
633 3523 736 3580 soli
758 3538 935 3594 agere,
967 3525 1060 3595 qui
1101 3525 1338 3597 praedam
1365 3513 1487 3582 cuni
1515 3527 1682 3586 altero
1708 3543 1818 3587 non

232 3616 540 3673 desiderant
563 3616 824 3673 invenire.
857 3617 947 3674 Sic
975 3619 1284 3675 mortalium
1309 3620 1558 3676 voluntas
1580 3621 1818 3692 plerum-

232 3724 340 3780 que
367 3709 695 3767 detestabilis
721 3718 822 3780 est,
854 3725 974 3782 quae
1015 3720 1364 3784 conspectum
1385 3713 1664 3770 hominum
1691 3729 1817 3786 pro-

231 3801 390 3857 batur
423 3801 690 3872 effugere,
718 3817 822 3859 nec
865 3810 1048 3874 potest
1085 3803 1153 3860 de
1193 3803 1287 3861 illo
1324 3804 1524 3875 aliquid
1557 3806 1820 3863 veraciter

231 3893 375 3950 credi
401 3934 418 3963 ,
447 3892 598 3964 cujus
625 3894 748 3950 vitae
777 3895 928 3951 testis
956 3910 1066 3951 non
1093 3903 1274 3968 potest
1297 3896 1546 3953 inveniri.
1574 3896 1820 3954 Redeant

231 3995 574 4058 possessdres
601 3996 657 4044 et
685 3988 918 4046 curiales
944 3989 1115 4046 Brutii
1143 3991 1197 4046 in
1225 3990 1529 4048 civitatibus
1556 3993 1686 4049 suis.
1707 3990 1816 4049 Co-

230 4076 344 4134 loni
379 4086 522 4146 sunt,
547 4077 638 4149 qui
685 4093 843 4150 agros
876 4079 1078 4150 jugiter
1116 4081 1320 4138 colunt.
1354 4080 1634 4138 Patiantur
1677 4098 1738 4140 se
1785 4099 1816 4140 a

230 4170 528 4226 rusticitate
571 4171 804 4240 divisos,
831 4173 1025 4243 quibus
1075 4182 1132 4230 et
1176 4175 1411 4231 honores
1451 4175 1694 4232 dedimus
1717 4215 1734 4244 ,
1762 4186 1820 4233 et

230 4265 472 4321 actiones
498 4265 738 4336 publicas
759 4266 1027 4337 probabili
1051 4267 1409 4324 aestimatione
1428 4269 1815 4337 commisimus,

228 4355 292 4412 in
334 4369 399 4411 ea
453 4357 750 4427 praesertim
800 4357 1021 4426 regione
1058 4357 1151 4412 ubi
1172 4357 1374 4413 affatim
1403 4359 1625 4414 veniunt
1654 4359 1820 4415 inela-

227 4447 436 4502 boratte
462 4447 665 4505 delicia:
694 4447 848 4522 [Ms.,
876 4446 1114 4520 divitiae].
1146 4447 1313 4506 Ceres
1338 4450 1412 4504 ibi
1439 4449 1608 4505 multa
1643 4450 1822 4507 fecun-

229 4538 400 4595 ditate
433 4540 698 4607 luxuriat;
736 4538 912 4595 Pallas
954 4539 1118 4594 etiam
1157 4555 1268 4596 non
1305 4539 1528 4594 minima
1573 4540 1821 4611 largitate

230 4629 449 4705 [Juret.:
471 4631 730 4703 Subaudi,
754 4629 908 4702 olem]
936 4631 1274 4701 congaudet;
1306 4633 1466 4703 plana
1503 4633 1681 4689 rident
1713 4649 1812 4704 pa-
1843 4638 1896 4698 ι)

228 4723 375 4780 scuis
415 4723 679 4795 fecundis,
702 4731 882 4780 erecta
907 4723 1219 4791 vindemiis;
1249 4725 1486 4780 abundat
1511 4725 1818 4782 multifariis

229 4813 543 4878 animalium
586 4815 868 4886 gregibus,
895 4815 991 4872 sed
1037 4816 1246 4885 equinis
1292 4816 1526 4872 maxime
1557 4816 1819 4886 gloriatur

229 4906 516 4974 armentis;
543 4907 758 4976 merito,
785 4904 1004 4977 quando
1048 4906 1259 4963 ardenti
1300 4914 1549 4978 tempore
1587 4908 1695 4965 tale
1738 4917 1823 4966 est

228 5016 459 5058 vernum
485 5001 740 5057 silvarum
756 5039 772 5065 ,
804 5009 986 5057 utnec
1013 5015 1320 5057 muscarum
1343 5001 1542 5058 aculeis
1569 5001 1822 5058 animalia

229 5093 542 5163 iatigentur,
567 5100 622 5148 et
639 5091 926 5147 herbarum
946 5077 1162 5163 semper
1173 5090 1463 5148 virentium
1482 5091 1822 5149 satietatibus

233 5183 568 5256 expleantur.
594 5183 791 5240 Videas
817 5198 916 5255 per
943 5183 1224 5240 cacumina
1263 5186 1529 5241 montium
1567 5184 1713 5240 rivos
1740 5182 1822 5240 ire

230 5276 586 5349 purissimos;
616 5284 673 5333 et
697 5274 851 5346 quasi
876 5289 945 5332 ex
971 5275 1116 5332 edito
1157 5273 1448 5347 proﬂuam,
1478 5275 1558 5333 sic
1596 5289 1695 5348 per
1721 5275 1815 5332 Al-

307 5518 333 5546 α
371 5506 636 5564 Lucianus
689 5505 743 5561 in
794 5501 1101 5559 Alexandro
1127 5499 1155 5567 ,ἲ
1181 5513 1277 5556 seu
1298 5497 1706 5570 Pseudomant.,
1745 5499 1812 5557 de

231 5573 920 5652 prmstigiatoris__oraeuli_s:
1063 5571 1092 5626 ἕ
1094 5595 1143 5628 τι
1164 5574 1245 5652 τρν
1269 5569 1816 5652 τοροῦτογιιξῦξτξλσγτέσγῃ

233 5641 312 5712 Ῐτὶς
342 5641 572 5720 ἑδέᾆετο,
596 5647 714 5702 οὔτε
746 5648 908 5722 πυρὸς
927 5645 959 5703 ἦ
979 5643 1163 5722 ὕδατος
1185 5644 1444 5722 ἐκοινρψει,
1470 5643 1574 5722 ἄρ’
1593 5641 1703 5722 ,ἔδει

235 5710 333 5793 rei)
345 5710 747 5791 γῆξῖἐλαύνεσοαι
761 5710 830 5778 ὡξ
843 5718 1006 5775 ἀσεϐῆ
1023 5720 1107 5793 θεαὶ
1127 5712 1285 5769 ἄθεον.
1303 5711 1362 5766 1d
1376 5721 1485 5793 est:
1502 5710 1820 5793 llujusnmdi

235 5781 510 5848 h'oniinem
557 5803 729 5858 neque
778 5797 917 5843 tecto
961 5787 1241 5855 quisquam
1291 5783 1612 5858 excipiebat,
1646 5798 1819 5858 neque

236 5865 346 5934 igni
375 5876 580 5934 aquavc
611 5853 1206 5934 itiipcrtieliatf_verum
1235 5861 1352 5908 erat
1398 5853 1472 5906 illi
1500 5854 1672 5908 solum
1701 5854 1820 5934 alio

237 5923 574 5998 v'crten'dutu,
611 5923 862 6000 tanquam
893 5926 1056 5998 impio
1084 5926 1412 5996 deorumque
1441 5923 1816 5996 contelnptori.

1908 1972 2254 2030 laudandum.
2281 1973 2495 2043 Alioqui
2513 1972 2802 2029 virtutibus
2825 1971 2968 2026 fama
2992 1968 3217 2035 tollitur,
3235 1966 3282 2022 si
3309 1981 3494 2022 earum

1907 2064 2102 2120 merita
2130 2063 2185 2119 in
2213 2062 2521 2119 hominibus
2546 2062 2876 2119 nesciantur.
2914 2059 3051 2115 Nam
3089 2057 3248 2129 quale
3287 2055 3497 2112 deside-

1907 2156 2046 2211 rium
2075 2162 2157 2212 est
2184 2155 2380 2210 civium
2423 2154 2780 2226 frequentiam
2808 2153 3057 2210 deserere
3078 2193 3094 2219 ,
3125 2163 3249 2206 cum
3292 2149 3499 2218 aliquas

1908 2260 2125 2316 quoque
2166 2246 2346 2301 avium
2375 2245 2780 2301 eonversationi
2827 2244 3076 2300 humanae
3117 2256 3177 2297 se
3223 2239 3500 2296 videamus

1909 2335 2050 2391 velle
2076 2335 2341 2392 miscere?
2372 2335 2676 2391 Mortalium
2703 2334 2846 2390 enim
2873 2333 3158 2405 penatibus
3186 2329 3500 2397 fiducialiter

1912 2427 2072 2484 nidos
2113 2427 2403 2498 philomela
2444 2427 2748 2498 suspendit,
2777 2435 2834 2483 et
2877 2426 3018 2481 inter
3046 2420 3500 2480 commanentium

1913 2517 2099 2572 turbas
2124 2517 2300 2587 pullos
2327 2518 2494 2572 nutrit
2513 2516 2798 2589 intrepida.
2830 2515 3054 2573 Foedum
3074 2527 3204 2583 ergo
3234 2511 3393 2568 nimis
3421 2517 3502 2566 est

1913 2606 2083 2662 nobili
2110 2605 2248 2662 ﬁlios
2279 2607 2334 2661 in
2361 2606 2785 2662 desolationibus
2813 2607 3064 2672 educare,
3097 2619 3220 2662 cum
3251 2603 3502 2672 frequen-

1914 2697 2106 2753 tationi
2134 2697 2383 2753 humana:
2400 2697 2576 2752 videat
2601 2698 2757 2753 alites
2784 2711 2881 2753 sua
2903 2695 3129 2768 pignora
3150 2691 3504 2750 commisisse.

1917 2789 2166 2845 Redeant
2212 2789 2376 2860 igitur
2403 2790 2650 2846 civitates
2693 2791 2747 2846 in
2788 2790 3076 2861 pristinum
3121 2786 3302 2854 decus,
3331 2785 3504 2841 nullus

1916 2882 2288 2940 amoenitatem
2327 2882 2468 2938 ruris
2511 2890 2793 2953 praeponat
2831 2881 3102 2938 moenibus
3141 2869 3503 2949 antiquorum.

1917 2974 2200 3042 Quomodo
2229 2982 2408 3046 potest
2433 2975 2486 3030 in
2512 2990 2646 3046 pace
2672 2974 2864 3046 refugi,
2893 2989 2993 3045 pro
3021 2987 3126 3043 qua
3154 2979 3372 3043 oportet
3399 2970 3503 3026 bel-

1919 3067 2032 3124 lum
2065 3068 2156 3139 (ne
2183 3068 2446 3140 vastetur)
2473 3067 2711 3123 assumi?
2737 3065 2837 3122 Cui
2859 3065 3003 3122 enim
3023 3065 3201 3119 minus
3228 3070 3380 3134 grata
3410 3077 3484 3117 no

1920 3159 2108 3216 biliuln
2127 3159 2374 3217 videatur
2397 3159 2683 3216 occursio?
2712 3157 2810 3214 Cui
2836 3173 2944 3214 non
2973 3155 3322 3212 affectuosum
3355 3154 3506 3225 139

1848 3231 1894 3326 C
1923 3250 1996 3308 sit
2023 3266 2144 3307 cum
2171 3251 2392 3325 paribus
2437 3251 2664 3306 miscere
2707 3263 3012 3306 sermonem
3033 3289 3049 3316 ,
3079 3247 3257 3303 forum
3304 3253 3509 3316 petere,

1923 3343 2177 3398 honestas
2205 3349 2350 3398 artes
2375 3341 2634 3408 invisere,
2667 3355 2856 3398 causas
2894 3339 3141 3415 proprias
3173 3337 3379 3407 legibus
3417 3351 3508 3393 ex-

1921 3435 2127 3506 pedire,
2150 3434 2420 3491 interdum
2461 3433 2849 3490 Palamediacis
2890 3432 3114 3489 calculis
3138 3428 3414 3500 occupari,
3445 3428 3510 3484 ad

1921 3526 2142 3584 balneas
2170 3527 2248 3583 ire
2277 3542 2398 3584 cum
2435 3527 2634 3596 sociis,
2661 3520 2888 3599 ‘prandia
2927 3524 3127 3580 mutuis
3167 3521 3512 3594 apparatibus

1921 3619 2222 3675 exhibere?
2265 3617 2426 3674 Caret
2472 3618 2715 3689 profecto
2761 3617 3009 3674 omnibus
3054 3615 3175 3682 his,
3213 3613 3308 3684 qui
3348 3613 3512 3667 vitam

1920 3723 2074 3765 suam
2086 3710 2425 3784 vultscmper
2444 3710 2646 3767 habere
2670 3725 2791 3766 cum
2816 3709 3048 3765 famulis.
3069 3706 3179 3763 Sed
3201 3721 3271 3762 ne
3291 3705 3513 3761 ulterius

1921 3802 1980 3858 in
2001 3801 2243 3858 eamdem
2265 3802 2708 3864 consuetudinem
2737 3815 2890 3857 mens
2911 3801 3066 3855 aliter
3081 3797 3286 3852 imbuta
3304 3795 3489 3851 relaba

1923 3902 2033 3961 tur,
2056 3894 2195 3952 datis
2223 3893 2624 3964 fidejussoribus
2648 3903 2756 3949 tam
2783 3905 3125 3964 possessores
3150 3903 3313 3957 quam
3339 3886 3513 3942 curia-

1924 3986 2022 4056 les,
2048 3989 2147 4045 sub
2188 3987 2549 4044 mstimatione
2572 3986 2788 4054 virium,
2819 3998 2979 4056 paena
3023 3979 3360 4050 interposita,
3386 3992 3514 4047 pro-

1923 4081 2144 4136 mittant
2171 4081 2299 4136 anni
2329 4088 2483 4150 parte
2510 4079 2717 4148 majore
2745 4093 2804 4133 se
2842 4078 2898 4132 in
2939 4073 3248 4132 civitatibus
3296 4085 3517 4128 manere

1922 4188 2058 4245 quas
2085 4173 2334 4228 habitare
2356 4170 2674 4241 delegerint.
2717 4169 2809 4225 Sic
2837 4170 2932 4239 tiat
2957 4177 3020 4223 ut
3059 4167 3139 4223 eis
3162 4179 3262 4222 nec
3289 4171 3516 4220 ornatus

1923 4263 2062 4320 desit
2086 4262 2304 4328 civium,
2329 4276 2433 4318 nec
2472 4261 2719 4332 vOIUptas
2749 4259 2960 4332 [Juret.,
2993 4253 3261 4328 voluntas]
3284 4255 3517 4328 denege-

1922 4363 2012 4410 tur
2040 4369 2312 4425 agrorum.

2425 4506 2760 4564 EPISTOLA
2785 4505 2995 4562 XXXII.

2088 4614 2292 4656 SEVERO
2321 4615 2446 4658 V180
2473 4616 2781 4658 SPECTABILI
2812 4613 3178 4656 ATHALABICUS
3206 4613 3330 4654 REX.

1926 4712 2147 4784 Fontem
2187 4715 2454 4768 Arethusa:
2483 4713 2747 4784 depingit;
2790 4722 2838 4768 et
2861 4713 3008 4783 jubet
3033 4720 3090 4766 ut
3118 4727 3204 4766 eos
3244 4711 3332 4784 qni
3360 4726 3512 4782 equos

2035 4782 2302 4858 Nimfadii
2331 4782 2670 4852 abstulerunt,
2701 4792 2750 4839 et
2780 4782 3064 4857 psi-quirat,
3097 4792 3147 4837 et
3183 4782 3384 4854 puniat.

1999 4900 2135 4957 Cum
2171 4900 2465 4956 Nimfadius
2508 4901 2592 4956 vir
2637 4901 2882 4956 sublimis
2922 4913 3022 4970 pro
3071 4896 3248 4952 causis
3287 4893 3402 4950 suis
3447 4893 3534 4952 ad.

1925 4993 2243 5050 comitatum
2271 4992 2696 5048 sacratissimum
2726 4991 3026 5056 festinaret,
3061 4985 3270 5042 itineris
3300 4985 3513 5052 longin-

1924 5085 2133 5156 quitate
2146 5084 2440 5152 confectus,
2463 5085 2715 5141 animalia
2732 5083 2869 5142 fessa
2885 5093 3147 5154 reparare
3161 5077 3510 5141 contendens,

1924 5180 1993 5237 ad
2019 5182 2222 5237 fontem
2260 5181 2540 5238 Arethusa:
2586 5181 2640 5236 in
2668 5179 2964 5251 Scyllatino
3001 5173 3274 5232 territorio
3314 5172 3515 5230 consti-

1925 5283 2055 5334 tuta:
2083 5275 2246 5348 elegit
2273 5290 2478 5347 ponere
2502 5275 2874 5341 mansionem;
2902 5286 2969 5327 eo
2994 5268 3139 5340 quod
3168 5269 3283 5340 ipsa
3313 5273 3369 5324 et
3393 5265 3512 5322 loca

1923 5503 2132 5560 Feralia
2182 5501 2236 5558 in
2282 5498 2618 5572 Christianos
2656 5498 2829 5572 edicta
2867 5507 3154 5572 recensens
3183 5492 3366 5572 Victor
3395 5487 3512 5572 Uti:

1923 5557 2235 5641 censis,lib.
2265 5589 2345 5640 tn,
2369 5573 2436 5629 de
2465 5569 2857 5645 Persecutione
2885 5564 3194 5645 Yandalica,
3224 5561 3376 5645 addit
3403 5578 3414 5612 ε
3447 5557 3516 5645 lit

1923 5631 2431 5714 nullus'quempiam
2463 5642 2674 5714 illorum
2705 5639 2940 5708 hospitio
2981 5635 3264 5705 reciperet,
3291 5642 3384 5687 aut
3413 5631 3512 5685 ali-

1924 5713 2482 5787 moniamprzesmret.
2516 5713 2681 5787 lfonx.
2811 5779 2820 5787 ι
2930 5778 2960 5787 _
3076 5786 3080 5787 ί
3131 5777 3182 5787 m

1999 5787 2023 5824 ι)
2055 5772 2203 5854 Lege.
2227 5785 2474 5845 Plinium,
2523 5783 2692 5854 lib._i,
2738 5779 2896 5850 epist.
2930 5778 2992 5846 5;
3037 5786 3090 5834 ct
3130 5775 3318 5833 Sidon.
3351 5772 3511 5844 Apol‘

1926 5858 2044 5923 lin.,
2079 5851 2168 5914 lib.
2202 5873 2311 5922 vni,
2346 5855 2501 5925 epist.
2531 5853 2583 5908 8.
2617 5851 2806 5908 Just-11°.
