  <div class='ocr_page' id='page_1' title='image "/cluster/home/n/w/nwhite01/storage/ocr_20150623/69/hvd.32044015469349/390.png"; bbox 0 0 4018 6348; ppageno 0'>
   <div class='ocr_carea' id='block_1_1' title="bbox 213 325 316 383">
    <p class='ocr_par' dir='ltr' id='par_1_1' title="bbox 213 325 316 383">
     <span class='ocr_line' id='line_1_1' title="bbox 213 325 316 383; baseline -0.01 0"><span class='ocrx_word' id='word_1_1' title='bbox 213 325 316 383; x_wconf 68' lang='lat'><strong>765</strong></span> 
     </span>
    </p>
   </div>
   <div class='ocr_carea' id='block_1_2' title="bbox 1462 321 2191 414">
    <p class='ocr_par' dir='ltr' id='par_1_2' title="bbox 1462 321 2191 414">
     <span class='ocr_line' id='line_1_2' title="bbox 1462 321 2191 414; baseline 0.005 -34"><span class='ocrx_word' id='word_1_2' title='bbox 1462 321 1825 414; x_wconf 71' lang='lat' dir='ltr'><strong>VARlAl&#39;iUM</strong></span> <span class='ocrx_word' id='word_1_3' title='bbox 1867 322 2066 381; x_wconf 82' lang='lat' dir='ltr'><strong>LIBER</strong></span> <span class='ocrx_word' id='word_1_4' title='bbox 2104 326 2191 384; x_wconf 81' lang='lat' dir='ltr'><strong>IX.</strong></span> 
     </span>
    </p>
   </div>
   <div class='ocr_carea' id='block_1_3' title="bbox 3360 341 3469 402">
    <p class='ocr_par' dir='ltr' id='par_1_3' title="bbox 3360 341 3469 402">
     <span class='ocr_line' id='line_1_3' title="bbox 3360 341 3469 402; baseline 0.046 -5"><span class='ocrx_word' id='word_1_5' title='bbox 3360 341 3469 402; x_wconf 80' lang='lat'><strong>766</strong></span> 
     </span>
    </p>
   </div>
   <div class='ocr_carea' id='block_1_4' title="bbox 205 437 3472 528">
    <p class='ocr_par' dir='ltr' id='par_1_4' title="bbox 205 437 3472 528">
     <span class='ocr_line' id='line_1_4' title="bbox 205 437 3472 528; baseline 0.004 -26"><span class='ocrx_word' id='word_1_6' title='bbox 205 443 400 502; x_wconf 88' lang='lat' dir='ltr'><strong>lianum</strong></span> <span class='ocrx_word' id='word_1_7' title='bbox 422 451 616 500; x_wconf 86' lang='lat' dir='ltr'><strong>nomen</strong></span> <span class='ocrx_word' id='word_1_8' title='bbox 657 439 887 511; x_wconf 89' lang='lat' dir='ltr'><strong>accepit.</strong></span> <span class='ocrx_word' id='word_1_9' title='bbox 933 437 1033 504; x_wconf 84' lang='lat' dir='ltr'><strong>Hic</strong></span> <span class='ocrx_word' id='word_1_10' title='bbox 1071 441 1306 513; x_wconf 83' lang='lat' dir='ltr'><strong>erumpit</strong></span> <span class='ocrx_word' id='word_1_11' title='bbox 1343 455 1604 513; x_wconf 89' lang='lat' dir='ltr'><strong>aquarum</strong></span> <span class='ocrx_word' id='word_1_12' title='bbox 1651 458 1779 514; x_wconf 90' lang='lat' dir='ltr'><strong>per-</strong></span> <span class='ocrx_word' id='word_1_13' title='bbox 1806 445 1856 508; x_wconf 78' lang='grc' dir='ltr'>Α</span> <span class='ocrx_word' id='word_1_14' title='bbox 1885 445 2120 516; x_wconf 87' lang='lat' dir='ltr'><strong>Erigitur</strong></span> <span class='ocrx_word' id='word_1_15' title='bbox 2146 449 2366 506; x_wconf 89' lang='lat' dir='ltr'><strong>brutum</strong></span> <span class='ocrx_word' id='word_1_16' title='bbox 2393 449 2726 508; x_wconf 87' lang='lat' dir='ltr'><strong>elementum</strong></span> <span class='ocrx_word' id='word_1_17' title='bbox 2742 453 2958 526; x_wconf 84' lang='lat' dir='ltr'><strong>&#39;sponte.</strong></span> <span class='ocrx_word' id='word_1_18' title='bbox 2976 453 3110 524; x_wconf 81' lang='lat' dir='ltr'><strong>&#39;sua,</strong></span> <span class='ocrx_word' id='word_1_19' title='bbox 3155 460 3215 514; x_wconf 89' lang='lat' dir='ltr'><strong>et</strong></span> <span class='ocrx_word' id='word_1_20' title='bbox 3236 458 3472 528; x_wconf 89' lang='lat' dir='ltr'><strong>quadam</strong></span> 
     </span>
    </p>
   </div>
   <div class='ocr_carea' id='block_1_5' title="bbox 206 531 1776 609">
    <p class='ocr_par' dir='ltr' id='par_1_5' title="bbox 206 531 1776 609">
     <span class='ocr_line' id='line_1_5' title="bbox 206 531 1776 609; baseline -0.001 -15"><span class='ocrx_word' id='word_1_21' title='bbox 206 535 380 609; x_wconf 88' lang='lat' dir='ltr'><strong>spicua</strong></span> <span class='ocrx_word' id='word_1_22' title='bbox 426 540 479 591; x_wconf 93' lang='lat' dir='ltr'><strong>et</strong></span> <span class='ocrx_word' id='word_1_23' title='bbox 531 531 700 588; x_wconf 89' lang='lat' dir='ltr'><strong>dulcis</strong></span> <span class='ocrx_word' id='word_1_24' title='bbox 747 533 968 590; x_wconf 97' lang='lat' dir='ltr'><strong>ubertas</strong></span> <span class='ocrx_word' id='word_1_25' title='bbox 999 549 1013 587; x_wconf 88' lang='lat'><strong>:</strong></span> <span class='ocrx_word' id='word_1_26' title='bbox 1043 533 1133 590; x_wconf 91' lang='lat' dir='ltr'><strong>ubi</strong></span> <span class='ocrx_word' id='word_1_27' title='bbox 1173 533 1227 590; x_wconf 89' lang='lat' dir='ltr'><strong>in</strong></span> <span class='ocrx_word' id='word_1_28' title='bbox 1274 534 1492 590; x_wconf 89' lang='lat' dir='ltr'><strong>modum</strong></span> <span class='ocrx_word' id='word_1_29' title='bbox 1517 536 1776 592; x_wconf 82' lang='lat' dir='ltr'><strong>naturalis</strong></span> 
     </span>
    </p>
   </div>
   <div class='ocr_carea' id='block_1_6' title="bbox 205 625 1778 701">
    <p class='ocr_par' dir='ltr' id='par_1_6' title="bbox 205 625 1778 701">
     <span class='ocr_line' id='line_1_6' title="bbox 205 625 1778 701; baseline -0.001 -16"><span class='ocrx_word' id='word_1_30' title='bbox 205 629 336 686; x_wconf 93' lang='lat' dir='ltr'><strong>antri</strong></span> <span class='ocrx_word' id='word_1_31' title='bbox 375 625 571 682; x_wconf 89' lang='lat' dir='ltr'><strong>absidis</strong></span> <span class='ocrx_word' id='word_1_32' title='bbox 607 625 868 684; x_wconf 83' lang='lat' dir='ltr'><strong>fabricata</strong></span> <span class='ocrx_word' id='word_1_33' title='bbox 906 627 1216 684; x_wconf 86' lang='lat' dir='ltr'><strong>concavitas</strong></span> <span class='ocrx_word' id='word_1_34' title='bbox 1253 627 1332 684; x_wconf 91' lang='lat' dir='ltr'><strong>sic</strong></span> <span class='ocrx_word' id='word_1_35' title='bbox 1375 629 1691 701; x_wconf 88' lang='lat' dir='ltr'><strong>perspicuos</strong></span> <span class='ocrx_word' id='word_1_36' title='bbox 1712 629 1778 684; x_wconf 90' lang='lat' dir='ltr'><strong>li-</strong></span> 
     </span>
    </p>
   </div>
   <div class='ocr_carea' id='block_1_7' title="bbox 204 718 1774 791">
    <p class='ocr_par' dir='ltr' id='par_1_7' title="bbox 204 718 1774 791">
     <span class='ocr_line' id='line_1_7' title="bbox 204 718 1774 791; baseline 0.001 -15"><span class='ocrx_word' id='word_1_37' title='bbox 204 733 389 791; x_wconf 86' lang='lat' dir='ltr'><strong>queres</strong></span> <span class='ocrx_word' id='word_1_38' title='bbox 426 725 665 787; x_wconf 82' lang='lat' dir='ltr'><strong>emanat,</strong></span> <span class='ocrx_word' id='word_1_39' title='bbox 710 725 770 773; x_wconf 91' lang='lat' dir='ltr'><strong>ut</strong></span> <span class='ocrx_word' id='word_1_40' title='bbox 794 732 1024 774; x_wconf 89' lang='lat' dir='ltr'><strong>vacuum</strong></span> <span class='ocrx_word' id='word_1_41' title='bbox 1049 725 1209 790; x_wconf 89' lang='lat' dir='ltr'><strong>putes</strong></span> <span class='ocrx_word' id='word_1_42' title='bbox 1249 718 1446 786; x_wconf 73' lang='lat' dir='ltr'><strong>lacum,</strong></span> <span class='ocrx_word' id='word_1_43' title='bbox 1473 735 1636 791; x_wconf 82' lang='lat' dir='ltr'><strong>quem</strong></span> <span class='ocrx_word' id='word_1_44' title='bbox 1667 735 1774 778; x_wconf 87' lang='lat' dir='ltr'><strong>non</strong></span> 
     </span>
    </p>
   </div>
   <div class='ocr_carea' id='block_1_8' title="bbox 203 810 1776 890">
    <p class='ocr_par' dir='ltr' id='par_1_8' title="bbox 203 810 1776 890">
     <span class='ocr_line' id='line_1_8' title="bbox 203 810 1776 890; baseline 0.001 -20"><span class='ocrx_word' id='word_1_45' title='bbox 203 813 401 870; x_wconf 90' lang='lat' dir='ltr'><strong>dubitas</strong></span> <span class='ocrx_word' id='word_1_46' title='bbox 425 826 546 868; x_wconf 90' lang='lat' dir='ltr'><strong>esse</strong></span> <span class='ocrx_word' id='word_1_47' title='bbox 580 810 971 882; x_wconf 88' lang='lat' dir='ltr'><strong>plenissimum.</strong></span> <span class='ocrx_word' id='word_1_48' title='bbox 1018 811 1116 868; x_wconf 85' lang='lat' dir='ltr'><strong>Hic</strong></span> <span class='ocrx_word' id='word_1_49' title='bbox 1143 813 1452 890; x_wconf 86' lang='lat' dir='ltr'><strong>perlucidus</strong></span> <span class='ocrx_word' id='word_1_50' title='bbox 1500 830 1668 885; x_wconf 90' lang='lat' dir='ltr'><strong>usque</strong></span> <span class='ocrx_word' id='word_1_51' title='bbox 1707 816 1776 872; x_wconf 90' lang='lat' dir='ltr'><strong>ad</strong></span> 
     </span>
    </p>
   </div>
   <div class='ocr_carea' id='block_1_9' title="bbox 203 903 1773 979">
    <p class='ocr_par' dir='ltr' id='par_1_9' title="bbox 203 903 1773 979">
     <span class='ocr_line' id='line_1_9' title="bbox 203 903 1773 979; baseline 0.001 -19"><span class='ocrx_word' id='word_1_52' title='bbox 203 903 412 962; x_wconf 84' lang='lat' dir='ltr'><strong>fundum</strong></span> <span class='ocrx_word' id='word_1_53' title='bbox 457 911 626 974; x_wconf 88' lang='lat' dir='ltr'><strong>patet,</strong></span> <span class='ocrx_word' id='word_1_54' title='bbox 676 911 737 960; x_wconf 89' lang='lat' dir='ltr'><strong>ut</strong></span> <span class='ocrx_word' id='word_1_55' title='bbox 763 904 1069 974; x_wconf 75' lang='lat' dir='ltr'><strong>aspectibus</strong></span> <span class='ocrx_word' id='word_1_56' title='bbox 1099 905 1204 962; x_wconf 88' lang='lat' dir='ltr'><strong>tuis</strong></span> <span class='ocrx_word' id='word_1_57' title='bbox 1242 920 1425 962; x_wconf 88' lang='lat' dir='ltr'><strong>aerem</strong></span> <span class='ocrx_word' id='word_1_58' title='bbox 1454 905 1635 977; x_wconf 88' lang='lat' dir='ltr'><strong>potius</strong></span> <span class='ocrx_word' id='word_1_59' title='bbox 1673 921 1773 979; x_wconf 89' lang='lat' dir='ltr'><strong>ap-</strong></span> 
     </span>
    </p>
   </div>
   <div class='ocr_carea' id='block_1_10' title="bbox 202 997 1774 1071">
    <p class='ocr_par' dir='ltr' id='par_1_10' title="bbox 202 997 1774 1071">
     <span class='ocr_line' id='line_1_10' title="bbox 202 997 1774 1071; baseline 0.001 -18"><span class='ocrx_word' id='word_1_60' title='bbox 202 1012 380 1071; x_wconf 83' lang='lat' dir='ltr'><strong>parere</strong></span> <span class='ocrx_word' id='word_1_61' title='bbox 410 997 638 1067; x_wconf 86' lang='lat' dir='ltr'><strong>judices,</strong></span> <span class='ocrx_word' id='word_1_62' title='bbox 689 1013 798 1054; x_wconf 89' lang='lat' dir='ltr'><strong>non</strong></span> <span class='ocrx_word' id='word_1_63' title='bbox 838 997 1122 1069; x_wconf 80' lang='lat' dir='ltr'><strong>liquorem.</strong></span> <span class='ocrx_word' id='word_1_64' title='bbox 1171 998 1480 1056; x_wconf 52' lang='lat' dir='ltr'><strong>{Emulatur</strong></span> <span class='ocrx_word' id='word_1_65' title='bbox 1523 1014 1774 1057; x_wconf 89' lang='lat' dir='ltr'><strong>serenum</strong></span> 
     </span>
    </p>
   </div>
   <div class='ocr_carea' id='block_1_11' title="bbox 200 1092 1777 1166">
    <p class='ocr_par' dir='ltr' id='par_1_11' title="bbox 200 1092 1777 1166">
     <span class='ocr_line' id='line_1_11' title="bbox 200 1092 1777 1166; baseline -0.001 -17"><span class='ocrx_word' id='word_1_66' title='bbox 200 1093 332 1150; x_wconf 88' lang='lat' dir='ltr'><strong>diem</strong></span> <span class='ocrx_word' id='word_1_67' title='bbox 359 1106 498 1162; x_wconf 89' lang='lat' dir='ltr'><strong>aqua</strong></span> <span class='ocrx_word' id='word_1_68' title='bbox 538 1092 918 1161; x_wconf 84' lang='lat' dir='ltr'><strong>subtilissima;</strong></span> <span class='ocrx_word' id='word_1_69' title='bbox 968 1109 1096 1150; x_wconf 90' lang='lat' dir='ltr'><strong>nam</strong></span> <span class='ocrx_word' id='word_1_70' title='bbox 1124 1094 1384 1166; x_wconf 80' lang='lat' dir='ltr'><strong>quidquid</strong></span> <span class='ocrx_word' id='word_1_71' title='bbox 1411 1094 1466 1150; x_wconf 91' lang='lat' dir='ltr'><strong>in</strong></span> <span class='ocrx_word' id='word_1_72' title='bbox 1497 1095 1607 1152; x_wconf 92' lang='lat' dir='ltr'><strong>imo</strong></span> <span class='ocrx_word' id='word_1_73' title='bbox 1634 1095 1777 1163; x_wconf 85' lang='lat' dir='ltr'><strong>geri-</strong></span> 
     </span>
    </p>
   </div>
   <div class='ocr_carea' id='block_1_12' title="bbox 201 1172 1776 1262">
    <p class='ocr_par' dir='ltr' id='par_1_12' title="bbox 201 1172 1776 1262">
     <span class='ocr_line' id='line_1_12' title="bbox 201 1172 1776 1262; baseline 0.001 -22"><span class='ocrx_word' id='word_1_74' title='bbox 201 1192 280 1242; x_wconf 84' lang='lat' dir='ltr'><strong>tur</strong></span> <span class='ocrx_word' id='word_1_75' title='bbox 303 1182 565 1242; x_wconf 84' lang='lat' dir='ltr'><strong>inoffensa</strong></span> <span class='ocrx_word' id='word_1_76' title='bbox 593 1184 734 1243; x_wconf 86' lang='lat' dir='ltr'><strong>aeris</strong></span> <span class='ocrx_word' id='word_1_77' title='bbox 760 1184 912 1259; x_wconf 77' lang='lat' dir='ltr'><strong>[Ms.,</strong></span> <span class='ocrx_word' id='word_1_78' title='bbox 945 1183 1091 1240; x_wconf 76' lang='lat' dir='ltr'><strong>Grut.</strong></span> <span class='ocrx_word' id='word_1_79' title='bbox 1139 1192 1188 1242; x_wconf 81' lang='lat' dir='ltr'><strong>et</strong></span> <span class='ocrx_word' id='word_1_80' title='bbox 1219 1172 1362 1260; x_wconf 56' lang='lat' dir='ltr'><strong>Cui,</strong></span> <span class='ocrx_word' id='word_1_81' title='bbox 1391 1185 1582 1262; x_wconf 83' lang='lat' dir='ltr'><strong>oculis]</strong></span> <span class='ocrx_word' id='word_1_82' title='bbox 1613 1184 1776 1244; x_wconf 88' lang='lat' dir='ltr'><strong>clari-</strong></span> 
     </span>
    </p>
   </div>
   <div class='ocr_carea' id='block_1_13' title="bbox 199 1275 1774 1348">
    <p class='ocr_par' dir='ltr' id='par_1_13' title="bbox 199 1275 1774 1348">
     <span class='ocr_line' id='line_1_13' title="bbox 199 1275 1774 1348; baseline 0.001 -16"><span class='ocrx_word' id='word_1_83' title='bbox 199 1284 301 1334; x_wconf 86' lang='lat' dir='ltr'><strong>tate</strong></span> <span class='ocrx_word' id='word_1_84' title='bbox 326 1284 676 1334; x_wconf 85' lang='lat' dir='ltr'><strong>monstratur.</strong></span> <span class='ocrx_word' id='word_1_85' title='bbox 717 1275 1008 1334; x_wconf 84' lang='lat' dir='ltr'><strong>Colludunt</strong></span> <span class='ocrx_word' id='word_1_86' title='bbox 1049 1277 1158 1336; x_wconf 90' lang='lat' dir='ltr'><strong>illic</strong></span> <span class='ocrx_word' id='word_1_87' title='bbox 1204 1279 1468 1348; x_wconf 79' lang='lat' dir='ltr'><strong>gregatim</strong></span> <span class='ocrx_word' id='word_1_88' title='bbox 1515 1278 1774 1336; x_wconf 65' lang='lat' dir='ltr'><strong>laetissimi</strong></span> 
     </span>
    </p>
   </div>
   <div class='ocr_carea' id='block_1_14' title="bbox 197 1367 1772 1443">
    <p class='ocr_par' dir='ltr' id='par_1_14' title="bbox 197 1367 1772 1443">
     <span class='ocr_line' id='line_1_14' title="bbox 197 1367 1772 1443; baseline 0.003 -20"><span class='ocrx_word' id='word_1_89' title='bbox 197 1367 380 1438; x_wconf 89' lang='lat' dir='ltr'><strong>pisces,</strong></span> <span class='ocrx_word' id='word_1_90' title='bbox 425 1367 522 1438; x_wconf 88' lang='lat' dir='ltr'><strong>qui</strong></span> <span class='ocrx_word' id='word_1_91' title='bbox 565 1367 634 1428; x_wconf 89' lang='lat' dir='ltr'><strong>ad</strong></span> <span class='ocrx_word' id='word_1_92' title='bbox 679 1383 874 1426; x_wconf 87' lang='lat' dir='ltr'><strong>manus</strong></span> <span class='ocrx_word' id='word_1_93' title='bbox 918 1369 1257 1442; x_wconf 91' lang='lat' dir='ltr'><strong>poscentium</strong></span> <span class='ocrx_word' id='word_1_94' title='bbox 1298 1368 1425 1443; x_wconf 83' lang='lat' dir='ltr'><strong>[Ms.</strong></span> <span class='ocrx_word' id='word_1_95' title='bbox 1469 1380 1519 1426; x_wconf 85' lang='lat' dir='ltr'><strong>et</strong></span> <span class='ocrx_word' id='word_1_96' title='bbox 1567 1369 1772 1440; x_wconf 83' lang='lat' dir='ltr'><strong>Forn.,</strong></span> 
     </span>
    </p>
   </div>
   <div class='ocr_carea' id='block_1_15' title="bbox 195 1462 1776 1536">
    <p class='ocr_par' dir='ltr' id='par_1_15' title="bbox 195 1462 1776 1536">
     <span class='ocr_line' id='line_1_15' title="bbox 195 1462 1776 1536; baseline 0.003 -18"><span class='ocrx_word' id='word_1_97' title='bbox 195 1462 544 1536; x_wconf 78' lang='lat' dir='ltr'><strong>pascentium]</strong></span> <span class='ocrx_word' id='word_1_98' title='bbox 575 1463 653 1520; x_wconf 88' lang='lat' dir='ltr'><strong>sic</strong></span> <span class='ocrx_word' id='word_1_99' title='bbox 691 1463 945 1535; x_wconf 87' lang='lat' dir='ltr'><strong>intrepidi</strong></span> <span class='ocrx_word' id='word_1_100' title='bbox 984 1465 1230 1528; x_wconf 84' lang='lat' dir='ltr'><strong>veniunt,</strong></span> <span class='ocrx_word' id='word_1_101' title='bbox 1275 1474 1534 1536; x_wconf 88' lang='lat' dir='ltr'><strong>tanquam</strong></span> <span class='ocrx_word' id='word_1_102' title='bbox 1577 1481 1637 1524; x_wconf 92' lang='lat' dir='ltr'><strong>se</strong></span> <span class='ocrx_word' id='word_1_103' title='bbox 1679 1483 1776 1522; x_wconf 92' lang='lat' dir='ltr'><strong>no-</strong></span> 
     </span>
    </p>
   </div>
   <div class='ocr_carea' id='block_1_16' title="bbox 192 1553 1776 1631">
    <p class='ocr_par' dir='ltr' id='par_1_16' title="bbox 192 1553 1776 1631">
     <span class='ocr_line' id='line_1_16' title="bbox 192 1553 1776 1631; baseline 0.006 -23"><span class='ocrx_word' id='word_1_104' title='bbox 192 1553 355 1612; x_wconf 88' lang='lat' dir='ltr'><strong>verint</strong></span> <span class='ocrx_word' id='word_1_105' title='bbox 379 1569 494 1611; x_wconf 89' lang='lat' dir='ltr'><strong>non</strong></span> <span class='ocrx_word' id='word_1_106' title='bbox 523 1569 646 1612; x_wconf 89' lang='lat' dir='ltr'><strong>esse</strong></span> <span class='ocrx_word' id='word_1_107' title='bbox 672 1555 988 1628; x_wconf 86' lang='lat' dir='ltr'><strong>capiendos;</strong></span> <span class='ocrx_word' id='word_1_108' title='bbox 1023 1572 1148 1614; x_wconf 87' lang='lat' dir='ltr'><strong>nam</strong></span> <span class='ocrx_word' id='word_1_109' title='bbox 1164 1557 1378 1628; x_wconf 88' lang='lat' dir='ltr'><strong>quitale</strong></span> <span class='ocrx_word' id='word_1_110' title='bbox 1409 1558 1610 1630; x_wconf 86' lang='lat' dir='ltr'><strong>aliquid</strong></span> <span class='ocrx_word' id='word_1_111' title='bbox 1639 1575 1776 1631; x_wconf 86' lang='lat' dir='ltr'><strong>prae-</strong></span> 
     </span>
    </p>
   </div>
   <div class='ocr_carea' id='block_1_17' title="bbox 191 1645 1778 1724">
    <p class='ocr_par' dir='ltr' id='par_1_17' title="bbox 191 1645 1778 1724">
     <span class='ocr_line' id='line_1_17' title="bbox 191 1645 1778 1724; baseline 0.005 -23"><span class='ocrx_word' id='word_1_112' title='bbox 191 1645 404 1717; x_wconf 83' lang='lat' dir='ltr'><strong>sumpsit</strong></span> <span class='ocrx_word' id='word_1_113' title='bbox 433 1646 674 1718; x_wconf 78' lang='lat' dir='ltr'><strong>eﬂicere,</strong></span> <span class='ocrx_word' id='word_1_114' title='bbox 701 1663 827 1705; x_wconf 83' lang='lat' dir='ltr'><strong>mox</strong></span> <span class='ocrx_word' id='word_1_115' title='bbox 857 1664 1074 1724; x_wconf 65' lang='lat' dir='ltr'><strong>poenam</strong></span> <span class='ocrx_word' id='word_1_116' title='bbox 1104 1649 1409 1708; x_wconf 85' lang='lat' dir='ltr'><strong>Divinitatis</strong></span> <span class='ocrx_word' id='word_1_117' title='bbox 1433 1653 1778 1721; x_wconf 77' lang='lat' dir='ltr'><strong>cognoscitur</strong></span> 
     </span>
    </p>
   </div>
   <div class='ocr_carea' id='block_1_18' title="bbox 191 1738 1778 1811">
    <p class='ocr_par' dir='ltr' id='par_1_18' title="bbox 191 1738 1778 1811">
     <span class='ocr_line' id='line_1_18' title="bbox 191 1738 1778 1811; baseline 0.004 -16"><span class='ocrx_word' id='word_1_118' title='bbox 191 1738 481 1810; x_wconf 81' lang='lat' dir='ltr'><strong>excepisse.</strong></span> <span class='ocrx_word' id='word_1_119' title='bbox 524 1739 709 1811; x_wconf 85' lang='lat' dir='ltr'><strong>Longa</strong></span> <span class='ocrx_word' id='word_1_120' title='bbox 739 1749 865 1798; x_wconf 90' lang='lat' dir='ltr'><strong>sunt</strong></span> <span class='ocrx_word' id='word_1_121' title='bbox 905 1741 1046 1798; x_wconf 90' lang='lat' dir='ltr'><strong>illius</strong></span> <span class='ocrx_word' id='word_1_122' title='bbox 1092 1742 1255 1799; x_wconf 87' lang='lat' dir='ltr'><strong>fontis</strong></span> <span class='ocrx_word' id='word_1_123' title='bbox 1299 1744 1654 1802; x_wconf 86' lang='lat' dir='ltr'><strong>memoranda</strong></span> <span class='ocrx_word' id='word_1_124' title='bbox 1680 1745 1778 1802; x_wconf 86' lang='lat' dir='ltr'><strong>de-</strong></span> 
     </span>
    </p>
   </div>
   <div class='ocr_carea' id='block_1_19' title="bbox 1878 538 3469 615">
    <p class='ocr_par' dir='ltr' id='par_1_19' title="bbox 1878 538 3469 615">
     <span class='ocr_line' id='line_1_19' title="bbox 1878 538 3469 615; baseline 0.009 -23"><span class='ocrx_word' id='word_1_125' title='bbox 1878 538 2167 596; x_wconf 77' lang='lat' dir='ltr'><strong>devotione</strong></span> <span class='ocrx_word' id='word_1_126' title='bbox 2196 541 2422 598; x_wconf 89' lang='lat' dir='ltr'><strong>solemni</strong></span> <span class='ocrx_word' id='word_1_127' title='bbox 2457 553 2726 614; x_wconf 77' lang='lat' dir='ltr'><strong>prmparat</strong></span> <span class='ocrx_word' id='word_1_128' title='bbox 2751 561 2810 602; x_wconf 90' lang='lat' dir='ltr'><strong>se</strong></span> <span class='ocrx_word' id='word_1_129' title='bbox 2839 548 3132 615; x_wconf 87' lang='lat' dir='ltr'><strong>miraculis,</strong></span> <span class='ocrx_word' id='word_1_130' title='bbox 3176 555 3236 604; x_wconf 92' lang='lat' dir='ltr'><strong>ut</strong></span> <span class='ocrx_word' id='word_1_131' title='bbox 3264 551 3469 608; x_wconf 87' lang='lat' dir='ltr'><strong>sancti-</strong></span> 
     </span>
    </p>
   </div>
   <div class='ocr_carea' id='block_1_20' title="bbox 1879 629 3470 713">
    <p class='ocr_par' dir='ltr' id='par_1_20' title="bbox 1879 629 3470 713">
     <span class='ocr_line' id='line_1_20' title="bbox 1879 629 3470 713; baseline 0.008 -28"><span class='ocrx_word' id='word_1_132' title='bbox 1879 629 2058 686; x_wconf 84' lang='lat' dir='ltr'><strong>ﬁcatio</strong></span> <span class='ocrx_word' id='word_1_133' title='bbox 2085 631 2381 702; x_wconf 79' lang='lat' dir='ltr'><strong>Majestatis</strong></span> <span class='ocrx_word' id='word_1_134' title='bbox 2411 635 2581 705; x_wconf 87' lang='lat' dir='ltr'><strong>possit</strong></span> <span class='ocrx_word' id='word_1_135' title='bbox 2609 637 2840 693; x_wconf 87' lang='lat' dir='ltr'><strong>ostendi.</strong></span> <span class='ocrx_word' id='word_1_136' title='bbox 2892 638 3024 694; x_wconf 85' lang='lat' dir='ltr'><strong>Nam</strong></span> <span class='ocrx_word' id='word_1_137' title='bbox 3055 655 3178 698; x_wconf 88' lang='lat' dir='ltr'><strong>cum</strong></span> <span class='ocrx_word' id='word_1_138' title='bbox 3207 639 3328 697; x_wconf 84' lang='lat' dir='ltr'><strong>fons</strong></span> <span class='ocrx_word' id='word_1_139' title='bbox 3356 643 3470 713; x_wconf 88' lang='lat' dir='ltr'><strong>ipse</strong></span> 
     </span>
    </p>
   </div>
   <div class='ocr_carea' id='block_1_21' title="bbox 1879 725 3470 806">
    <p class='ocr_par' dir='ltr' id='par_1_21' title="bbox 1879 725 3470 806">
     <span class='ocr_line' id='line_1_21' title="bbox 1879 725 3470 806; baseline 0.008 -28"><span class='ocrx_word' id='word_1_140' title='bbox 1879 725 2118 796; x_wconf 90' lang='lat' dir='ltr'><strong>quinque</strong></span> <span class='ocrx_word' id='word_1_141' title='bbox 2145 726 2343 795; x_wconf 85' lang='lat' dir='ltr'><strong>gradus</strong></span> <span class='ocrx_word' id='word_1_142' title='bbox 2371 735 2535 798; x_wconf 82' lang='lat' dir='ltr'><strong>tegat.</strong></span> <span class='ocrx_word' id='word_1_143' title='bbox 2577 743 2783 800; x_wconf 74' lang='lat' dir='ltr'><strong>eosque</strong></span> <span class='ocrx_word' id='word_1_144' title='bbox 2809 737 3016 786; x_wconf 90' lang='lat' dir='ltr'><strong>tantum</strong></span> <span class='ocrx_word' id='word_1_145' title='bbox 3043 733 3142 788; x_wconf 90' lang='lat' dir='ltr'><strong>sub</strong></span> <span class='ocrx_word' id='word_1_146' title='bbox 3171 735 3470 806; x_wconf 89' lang='lat' dir='ltr'><strong>tranquilli-</strong></span> 
     </span>
    </p>
   </div>
   <div class='ocr_carea' id='block_1_22' title="bbox 1878 816 3471 895">
    <p class='ocr_par' dir='ltr' id='par_1_22' title="bbox 1878 816 3471 895">
     <span class='ocr_line' id='line_1_22' title="bbox 1878 816 3471 895; baseline 0.008 -26"><span class='ocrx_word' id='word_1_147' title='bbox 1878 821 1991 870; x_wconf 88' lang='lat' dir='ltr'><strong>tate</strong></span> <span class='ocrx_word' id='word_1_148' title='bbox 2019 816 2308 886; x_wconf 88' lang='lat' dir='ltr'><strong>possideat,</strong></span> <span class='ocrx_word' id='word_1_149' title='bbox 2343 817 2464 873; x_wconf 90' lang='lat' dir='ltr'><strong>aliis</strong></span> <span class='ocrx_word' id='word_1_150' title='bbox 2501 817 2710 878; x_wconf 84' lang='lat' dir='ltr'><strong>duobus</strong></span> <span class='ocrx_word' id='word_1_151' title='bbox 2753 821 2990 876; x_wconf 84' lang='lat' dir='ltr'><strong>cernitur</strong></span> <span class='ocrx_word' id='word_1_152' title='bbox 3019 837 3284 892; x_wconf 85' lang='lat' dir='ltr'><strong>crescere,</strong></span> <span class='ocrx_word' id='word_1_153' title='bbox 3334 840 3471 895; x_wconf 89' lang='lat' dir='ltr'><strong>quos</strong></span> 
     </span>
    </p>
   </div>
   <div class='ocr_carea' id='block_1_23' title="bbox 1879 911 3466 990">
    <p class='ocr_par' dir='ltr' id='par_1_23' title="bbox 1879 911 3466 990">
     <span class='ocr_line' id='line_1_23' title="bbox 1879 911 3466 990; baseline 0.008 -27"><span class='ocrx_word' id='word_1_154' title='bbox 1879 924 2150 982; x_wconf 90' lang='lat' dir='ltr'><strong>nunquam</strong></span> <span class='ocrx_word' id='word_1_155' title='bbox 2197 919 2392 983; x_wconf 74' lang='lat' dir='ltr'><strong>pmter</strong></span> <span class='ocrx_word' id='word_1_156' title='bbox 2419 911 2550 968; x_wconf 88' lang='lat' dir='ltr'><strong>illud</strong></span> <span class='ocrx_word' id='word_1_157' title='bbox 2577 921 2788 983; x_wconf 88' lang='lat' dir='ltr'><strong>tempus</strong></span> <span class='ocrx_word' id='word_1_158' title='bbox 2812 915 3156 984; x_wconf 74' lang='lat' dir='ltr'><strong>cognoscitur</strong></span> <span class='ocrx_word' id='word_1_159' title='bbox 3181 932 3466 990; x_wconf 91' lang='lat' dir='ltr'><strong>occupare.</strong></span> 
     </span>
    </p>
   </div>
   <div class='ocr_carea' id='block_1_24' title="bbox 1879 999 3469 1076">
    <p class='ocr_par' dir='ltr' id='par_1_24' title="bbox 1879 999 3469 1076">
     <span class='ocr_line' id='line_1_24' title="bbox 1879 999 3469 1076; baseline 0.009 -22"><span class='ocrx_word' id='word_1_160' title='bbox 1879 999 2127 1072; x_wconf 85' lang='lat' dir='ltr'><strong>Magnum</strong></span> <span class='ocrx_word' id='word_1_161' title='bbox 2158 1003 2588 1075; x_wconf 89' lang='lat' dir='ltr'><strong>stupendumque</strong></span> <span class='ocrx_word' id='word_1_162' title='bbox 2615 1005 2956 1076; x_wconf 86' lang='lat' dir='ltr'><strong>miraculum,</strong></span> <span class='ocrx_word' id='word_1_163' title='bbox 3003 1006 3204 1064; x_wconf 81' lang='lat' dir='ltr'><strong>fluenta</strong></span> <span class='ocrx_word' id='word_1_164' title='bbox 3232 1010 3469 1069; x_wconf 87' lang='lat' dir='ltr'><strong>labentia</strong></span> 
     </span>
    </p>
   </div>
   <div class='ocr_carea' id='block_1_25' title="bbox 1877 1093 3476 1174">
    <p class='ocr_par' dir='ltr' id='par_1_25' title="bbox 1877 1093 3476 1174">
     <span class='ocr_line' id='line_1_25' title="bbox 1877 1093 3476 1174; baseline 0.006 -25"><span class='ocrx_word' id='word_1_165' title='bbox 1877 1093 1957 1150; x_wconf 90' lang='lat' dir='ltr'><strong>sic</strong></span> <span class='ocrx_word' id='word_1_166' title='bbox 1983 1094 2050 1150; x_wconf 87' lang='lat' dir='ltr'><strong>ad</strong></span> <span class='ocrx_word' id='word_1_167' title='bbox 2079 1095 2348 1152; x_wconf 87' lang='lat' dir='ltr'><strong>humanos</strong></span> <span class='ocrx_word' id='word_1_168' title='bbox 2374 1113 2652 1154; x_wconf 87' lang='lat' dir='ltr'><strong>sermones</strong></span> <span class='ocrx_word' id='word_1_169' title='bbox 2685 1099 2770 1154; x_wconf 88' lang='lat' dir='ltr'><strong>vel</strong></span> <span class='ocrx_word' id='word_1_170' title='bbox 2799 1108 2963 1164; x_wconf 90' lang='lat' dir='ltr'><strong>stare,</strong></span> <span class='ocrx_word' id='word_1_171' title='bbox 2996 1101 3083 1156; x_wconf 93' lang='lat' dir='ltr'><strong>vel</strong></span> <span class='ocrx_word' id='word_1_172' title='bbox 3112 1117 3378 1170; x_wconf 89' lang='lat' dir='ltr'><strong>crescere,</strong></span> <span class='ocrx_word' id='word_1_173' title='bbox 3412 1114 3476 1174; x_wconf 79' lang='lat' dir='ltr'><strong>ut,</strong></span> 
     </span>
    </p>
   </div>
   <div class='ocr_carea' id='block_1_26' title="bbox 1880 1186 3475 1252">
    <p class='ocr_par' dir='ltr' id='par_1_26' title="bbox 1880 1186 3475 1252">
     <span class='ocr_line' id='line_1_26' title="bbox 1880 1186 3475 1252; baseline 0.007 -11"><span class='ocrx_word' id='word_1_174' title='bbox 1880 1186 1958 1242; x_wconf 91' lang='lat' dir='ltr'><strong>cis</strong></span> <span class='ocrx_word' id='word_1_175' title='bbox 2003 1187 2192 1243; x_wconf 84' lang='lat' dir='ltr'><strong>credas</strong></span> <span class='ocrx_word' id='word_1_176' title='bbox 2229 1188 2481 1245; x_wconf 87' lang='lat' dir='ltr'><strong>audiendi</strong></span> <span class='ocrx_word' id='word_1_177' title='bbox 2522 1189 2757 1246; x_wconf 89' lang='lat' dir='ltr'><strong>studium</strong></span> <span class='ocrx_word' id='word_1_178' title='bbox 2801 1191 3024 1248; x_wconf 90' lang='lat' dir='ltr'><strong>minime</strong></span> <span class='ocrx_word' id='word_1_179' title='bbox 3060 1192 3314 1250; x_wconf 80' lang='lat' dir='ltr'><strong>defuisse.</strong></span> <span class='ocrx_word' id='word_1_180' title='bbox 3354 1193 3475 1252; x_wconf 88' lang='lat' dir='ltr'><strong>Fiat</strong></span> 
     </span>
    </p>
   </div>
   <div class='ocr_carea' id='block_1_27' title="bbox 1877 1279 3475 1356">
    <p class='ocr_par' dir='ltr' id='par_1_27' title="bbox 1877 1279 3475 1356">
     <span class='ocr_line' id='line_1_27' title="bbox 1877 1279 3475 1356; baseline 0.003 -20"><span class='ocrx_word' id='word_1_181' title='bbox 1877 1280 2204 1338; x_wconf 84' lang='lat' dir='ltr'><strong>venerabilis</strong></span> <span class='ocrx_word' id='word_1_182' title='bbox 2254 1279 2434 1354; x_wconf 84' lang='lat' dir='ltr'><strong>[Jur.,</strong></span> <span class='ocrx_word' id='word_1_183' title='bbox 2487 1281 2879 1356; x_wconf 82' lang='lat' dir='ltr'><strong>memorabilis]</strong></span> <span class='ocrx_word' id='word_1_184' title='bbox 2926 1283 3167 1338; x_wconf 89' lang='lat' dir='ltr'><strong>omnium</strong></span> <span class='ocrx_word' id='word_1_185' title='bbox 3224 1299 3475 1342; x_wconf 87' lang='lat' dir='ltr'><strong>sermone</strong></span> 
     </span>
    </p>
   </div>
   <div class='ocr_carea' id='block_1_28' title="bbox 1877 1372 3476 1450">
    <p class='ocr_par' dir='ltr' id='par_1_28' title="bbox 1877 1372 3476 1450">
     <span class='ocr_line' id='line_1_28' title="bbox 1877 1372 3476 1450; baseline 0.003 -22"><span class='ocrx_word' id='word_1_186' title='bbox 1877 1373 2000 1431; x_wconf 82' lang='lat' dir='ltr'><strong>fons</strong></span> <span class='ocrx_word' id='word_1_187' title='bbox 2042 1375 2143 1430; x_wconf 89' lang='lat' dir='ltr'><strong>iste</strong></span> <span class='ocrx_word' id='word_1_188' title='bbox 2191 1374 2445 1430; x_wconf 81' lang='lat' dir='ltr'><strong>caelestis.</strong></span> <span class='ocrx_word' id='word_1_189' title='bbox 2499 1372 2674 1429; x_wconf 81' lang='lat' dir='ltr'><strong>[labet</strong></span> <span class='ocrx_word' id='word_1_190' title='bbox 2722 1373 3099 1450; x_wconf 78' lang='lat' dir='ltr'><strong>[Ms.,babeat]</strong></span> <span class='ocrx_word' id='word_1_191' title='bbox 3145 1384 3202 1432; x_wconf 94' lang='lat' dir='ltr'><strong>et</strong></span> <span class='ocrx_word' id='word_1_192' title='bbox 3237 1373 3476 1432; x_wconf 87' lang='lat' dir='ltr'><strong>Lucania</strong></span> 
     </span>
    </p>
   </div>
   <div class='ocr_carea' id='block_1_29' title="bbox 1877 1465 3474 1542">
    <p class='ocr_par' dir='ltr' id='par_1_29' title="bbox 1877 1465 3474 1542">
     <span class='ocr_line' id='line_1_29' title="bbox 1877 1465 3474 1542; baseline 0.003 -20"><span class='ocrx_word' id='word_1_193' title='bbox 1877 1465 2168 1524; x_wconf 85' lang='lat' dir='ltr'><strong>Jordanem</strong></span> <span class='ocrx_word' id='word_1_194' title='bbox 2197 1483 2373 1523; x_wconf 91' lang='lat' dir='ltr'><strong>suum.</strong></span> <span class='ocrx_word' id='word_1_195' title='bbox 2403 1468 2498 1524; x_wconf 91' lang='lat' dir='ltr'><strong>llle</strong></span> <span class='ocrx_word' id='word_1_196' title='bbox 2519 1469 2825 1540; x_wconf 63' lang='lat' dir='ltr'><strong>exemplum</strong></span> <span class='ocrx_word' id='word_1_197' title='bbox 2846 1468 3182 1538; x_wconf 87' lang='lat' dir='ltr'><strong>baptismatis</strong></span> <span class='ocrx_word' id='word_1_198' title='bbox 3205 1470 3474 1542; x_wconf 84' lang='lat' dir='ltr'><strong>praestitit,</strong></span> 
     </span>
    </p>
   </div>
   <div class='ocr_carea' id='block_1_30' title="bbox 1877 1559 3475 1634">
    <p class='ocr_par' dir='ltr' id='par_1_30' title="bbox 1877 1559 3475 1634">
     <span class='ocr_line' id='line_1_30' title="bbox 1877 1559 3475 1634; baseline 0.002 -16"><span class='ocrx_word' id='word_1_199' title='bbox 1877 1561 1968 1618; x_wconf 86' lang='lat' dir='ltr'><strong>hic</strong></span> <span class='ocrx_word' id='word_1_200' title='bbox 2013 1577 2228 1620; x_wconf 92' lang='lat' dir='ltr'><strong>sacrum</strong></span> <span class='ocrx_word' id='word_1_201' title='bbox 2273 1561 2632 1626; x_wconf 87' lang='lat' dir='ltr'><strong>ministerium</strong></span> <span class='ocrx_word' id='word_1_202' title='bbox 2681 1561 2861 1634; x_wconf 85' lang='lat' dir='ltr'><strong>[Jur.,</strong></span> <span class='ocrx_word' id='word_1_203' title='bbox 2913 1559 3249 1634; x_wconf 84' lang='lat' dir='ltr'><strong>mysterium]</strong></span> <span class='ocrx_word' id='word_1_204' title='bbox 3293 1579 3475 1620; x_wconf 84' lang='lat' dir='ltr'><strong>annua</strong></span> 
     </span>
    </p>
   </div>
   <div class='ocr_carea' id='block_1_31' title="bbox 1879 1655 3473 1727">
    <p class='ocr_par' dir='ltr' id='par_1_31' title="bbox 1879 1655 3473 1727">
     <span class='ocr_line' id='line_1_31' title="bbox 1879 1655 3473 1727; baseline 0 -15"><span class='ocrx_word' id='word_1_205' title='bbox 1879 1656 2170 1716; x_wconf 85' lang='lat' dir='ltr'><strong>devotione</strong></span> <span class='ocrx_word' id='word_1_206' title='bbox 2195 1656 2450 1714; x_wconf 88' lang='lat' dir='ltr'><strong>custodit.</strong></span> <span class='ocrx_word' id='word_1_207' title='bbox 2503 1655 2848 1726; x_wconf 84' lang='lat' dir='ltr'><strong>Quapropter</strong></span> <span class='ocrx_word' id='word_1_208' title='bbox 2895 1664 2950 1710; x_wconf 90' lang='lat' dir='ltr'><strong>et</strong></span> <span class='ocrx_word' id='word_1_209' title='bbox 2998 1657 3304 1722; x_wconf 84' lang='lat' dir='ltr'><strong>reverentia</strong></span> <span class='ocrx_word' id='word_1_210' title='bbox 3341 1656 3473 1727; x_wconf 90' lang='lat' dir='ltr'><strong>loci,</strong></span> 
     </span>
    </p>
   </div>
   <div class='ocr_carea' id='block_1_32' title="bbox 1881 1747 3478 1819">
    <p class='ocr_par' dir='ltr' id='par_1_32' title="bbox 1881 1747 3478 1819">
     <span class='ocr_line' id='line_1_32' title="bbox 1881 1747 3478 1819; baseline -0.001 -14"><span class='ocrx_word' id='word_1_211' title='bbox 1881 1757 1936 1805; x_wconf 93' lang='lat' dir='ltr'><strong>et</strong></span> <span class='ocrx_word' id='word_1_212' title='bbox 1963 1749 2168 1806; x_wconf 85' lang='lat' dir='ltr'><strong>utilitas</strong></span> <span class='ocrx_word' id='word_1_213' title='bbox 2215 1750 2296 1806; x_wconf 88' lang='lat' dir='ltr'><strong>rei</strong></span> <span class='ocrx_word' id='word_1_214' title='bbox 2325 1749 2460 1805; x_wconf 86' lang='lat' dir='ltr'><strong>dare</strong></span> <span class='ocrx_word' id='word_1_215' title='bbox 2502 1749 2664 1804; x_wconf 87' lang='lat' dir='ltr'><strong>debet</strong></span> <span class='ocrx_word' id='word_1_216' title='bbox 2705 1747 2918 1818; x_wconf 88' lang='lat' dir='ltr'><strong>populis</strong></span> <span class='ocrx_word' id='word_1_217' title='bbox 2946 1747 3340 1810; x_wconf 85' lang='lat' dir='ltr'><strong>sanctissimam</strong></span> <span class='ocrx_word' id='word_1_218' title='bbox 3385 1764 3478 1819; x_wconf 85' lang='lat' dir='ltr'><strong>pa-</strong></span> 
     </span>
    </p>
   </div>
   <div class='ocr_carea' id='block_1_33' title="bbox 187 1830 3476 1912">
    <p class='ocr_par' dir='ltr' id='par_1_33' title="bbox 187 1830 3476 1912">
     <span class='ocr_line' id='line_1_33' title="bbox 187 1830 3476 1912; baseline 0.003 -27"><span class='ocrx_word' id='word_1_219' title='bbox 187 1830 432 1886; x_wconf 89' lang='lat' dir='ltr'><strong>scribere.</strong></span> <span class='ocrx_word' id='word_1_220' title='bbox 480 1831 771 1890; x_wconf 83' lang='lat' dir='ltr'><strong>Veniamus</strong></span> <span class='ocrx_word' id='word_1_221' title='bbox 816 1833 884 1890; x_wconf 86' lang='lat' dir='ltr'><strong>ad</strong></span> <span class='ocrx_word' id='word_1_222' title='bbox 912 1834 1042 1892; x_wconf 89' lang='lat' dir='ltr'><strong>illud</strong></span> <span class='ocrx_word' id='word_1_223' title='bbox 1070 1835 1342 1906; x_wconf 83' lang='lat' dir='ltr'><strong>singulare</strong></span> <span class='ocrx_word' id='word_1_224' title='bbox 1380 1853 1576 1894; x_wconf 90' lang='lat' dir='ltr'><strong>munus</strong></span> <span class='ocrx_word' id='word_1_225' title='bbox 1616 1854 1777 1896; x_wconf 80' lang='lat' dir='ltr'><strong>sanc—</strong></span> <span class='ocrx_word' id='word_1_226' title='bbox 1809 1843 1858 1908; x_wconf 85' lang='grc' dir='ltr'>Β</span> <span class='ocrx_word' id='word_1_227' title='bbox 1883 1855 2033 1907; x_wconf 89' lang='lat' dir='ltr'><strong>cem;</strong></span> <span class='ocrx_word' id='word_1_228' title='bbox 2064 1840 2190 1912; x_wconf 85' lang='lat' dir='ltr'><strong>quia</strong></span> <span class='ocrx_word' id='word_1_229' title='bbox 2219 1849 2535 1896; x_wconf 89' lang='lat' dir='ltr'><strong>cunctorum</strong></span> <span class='ocrx_word' id='word_1_230' title='bbox 2561 1839 2767 1910; x_wconf 88' lang='lat' dir='ltr'><strong>judicio</strong></span> <span class='ocrx_word' id='word_1_231' title='bbox 2795 1839 3244 1906; x_wconf 82' lang='lat' dir='ltr'><strong>sceleratissimus</strong></span> <span class='ocrx_word' id='word_1_232' title='bbox 3271 1841 3476 1896; x_wconf 87' lang='lat' dir='ltr'><strong>baben-</strong></span> 
     </span>
    </p>
   </div>
   <div class='ocr_carea' id='block_1_34' title="bbox 186 1923 1780 2005">
    <p class='ocr_par' dir='ltr' id='par_1_34' title="bbox 186 1923 1780 2005">
     <span class='ocr_line' id='line_1_34' title="bbox 186 1923 1780 2005; baseline 0.008 -28"><span class='ocrx_word' id='word_1_233' title='bbox 186 1929 395 1993; x_wconf 89' lang='lat' dir='ltr'><strong>tumque</strong></span> <span class='ocrx_word' id='word_1_234' title='bbox 417 1923 761 1980; x_wconf 88' lang='lat' dir='ltr'><strong>miraculum.</strong></span> <span class='ocrx_word' id='word_1_235' title='bbox 791 1925 925 1981; x_wconf 89' lang='lat' dir='ltr'><strong>Nam</strong></span> <span class='ocrx_word' id='word_1_236' title='bbox 957 1943 1079 1982; x_wconf 89' lang='lat' dir='ltr'><strong>cum</strong></span> <span class='ocrx_word' id='word_1_237' title='bbox 1102 1927 1189 1983; x_wconf 85' lang='lat' dir='ltr'><strong>die</strong></span> <span class='ocrx_word' id='word_1_238' title='bbox 1218 1938 1442 1985; x_wconf 74' lang='lat' dir='ltr'><strong>sacratm</strong></span> <span class='ocrx_word' id='word_1_239' title='bbox 1470 1933 1643 1988; x_wconf 91' lang='lat' dir='ltr'><strong>noctis</strong></span> <span class='ocrx_word' id='word_1_240' title='bbox 1664 1948 1780 2005; x_wconf 89' lang='lat' dir='ltr'><strong>pre-</strong></span> 
     </span>
    </p>
   </div>
   <div class='ocr_carea' id='block_1_35' title="bbox 183 2015 1776 2090">
    <p class='ocr_par' dir='ltr' id='par_1_35' title="bbox 183 2015 1776 2090">
     <span class='ocr_line' id='line_1_35' title="bbox 183 2015 1776 2090; baseline 0.007 -20"><span class='ocrx_word' id='word_1_241' title='bbox 183 2027 292 2070; x_wconf 88' lang='lat' dir='ltr'><strong>cem</strong></span> <span class='ocrx_word' id='word_1_242' title='bbox 319 2023 346 2053; x_wconf 74' lang='grc' dir='ltr'>ι</span> <span class='ocrx_word' id='word_1_243' title='bbox 373 2015 718 2088; x_wconf 87' lang='lat' dir='ltr'><strong>baptismatis</strong></span> <span class='ocrx_word' id='word_1_244' title='bbox 747 2017 974 2090; x_wconf 75' lang='lat' dir='ltr'><strong>cmperit</strong></span> <span class='ocrx_word' id='word_1_245' title='bbox 1003 2019 1258 2076; x_wconf 85' lang='lat' dir='ltr'><strong>sacerdos</strong></span> <span class='ocrx_word' id='word_1_246' title='bbox 1287 2021 1581 2088; x_wconf 76' lang='lat' dir='ltr'><strong>effundere,</strong></span> <span class='ocrx_word' id='word_1_247' title='bbox 1615 2033 1670 2079; x_wconf 90' lang='lat' dir='ltr'><strong>et</strong></span> <span class='ocrx_word' id='word_1_248' title='bbox 1707 2026 1776 2082; x_wconf 89' lang='lat' dir='ltr'><strong>de</strong></span> 
     </span>
    </p>
   </div>
   <div class='ocr_carea' id='block_1_36' title="bbox 182 2109 1772 2180">
    <p class='ocr_par' dir='ltr' id='par_1_36' title="bbox 182 2109 1772 2180">
     <span class='ocr_line' id='line_1_36' title="bbox 182 2109 1772 2180; baseline 0.006 -18"><span class='ocrx_word' id='word_1_249' title='bbox 182 2119 272 2162; x_wconf 89' lang='lat' dir='ltr'><strong>ore</strong></span> <span class='ocrx_word' id='word_1_250' title='bbox 294 2117 489 2166; x_wconf 88' lang='lat' dir='ltr'><strong>saneto</strong></span> <span class='ocrx_word' id='word_1_251' title='bbox 514 2125 825 2166; x_wconf 87' lang='lat' dir='ltr'><strong>sermonum</strong></span> <span class='ocrx_word' id='word_1_252' title='bbox 851 2109 1032 2167; x_wconf 85' lang='lat' dir='ltr'><strong>fontes</strong></span> <span class='ocrx_word' id='word_1_253' title='bbox 1060 2127 1334 2180; x_wconf 87' lang='lat' dir='ltr'><strong>emanare,</strong></span> <span class='ocrx_word' id='word_1_254' title='bbox 1366 2129 1496 2171; x_wconf 89' lang='lat' dir='ltr'><strong>mox</strong></span> <span class='ocrx_word' id='word_1_255' title='bbox 1522 2115 1575 2170; x_wconf 93' lang='lat' dir='ltr'><strong>in</strong></span> <span class='ocrx_word' id='word_1_256' title='bbox 1603 2115 1772 2172; x_wconf 91' lang='lat' dir='ltr'><strong>altum</strong></span> 
     </span>
    </p>
   </div>
   <div class='ocr_carea' id='block_1_37' title="bbox 182 2197 1772 2274">
    <p class='ocr_par' dir='ltr' id='par_1_37' title="bbox 182 2197 1772 2274">
     <span class='ocr_line' id='line_1_37' title="bbox 182 2197 1772 2274; baseline 0.007 -22"><span class='ocrx_word' id='word_1_257' title='bbox 182 2197 312 2254; x_wconf 89' lang='lat' dir='ltr'><strong>unda</strong></span> <span class='ocrx_word' id='word_1_258' title='bbox 349 2200 655 2270; x_wconf 88' lang='lat' dir='ltr'><strong>prosiliens,</strong></span> <span class='ocrx_word' id='word_1_259' title='bbox 698 2216 868 2274; x_wconf 88' lang='lat' dir='ltr'><strong>aquas</strong></span> <span class='ocrx_word' id='word_1_260' title='bbox 897 2216 1024 2258; x_wconf 86' lang='lat' dir='ltr'><strong>suas</strong></span> <span class='ocrx_word' id='word_1_261' title='bbox 1060 2217 1169 2257; x_wconf 92' lang='lat' dir='ltr'><strong>non</strong></span> <span class='ocrx_word' id='word_1_262' title='bbox 1199 2218 1298 2273; x_wconf 92' lang='lat' dir='ltr'><strong>per</strong></span> <span class='ocrx_word' id='word_1_263' title='bbox 1324 2215 1536 2261; x_wconf 88' lang='lat' dir='ltr'><strong>meatus</strong></span> <span class='ocrx_word' id='word_1_264' title='bbox 1582 2205 1772 2264; x_wconf 91' lang='lat' dir='ltr'><strong>solitos</strong></span> 
     </span>
    </p>
   </div>
   <div class='ocr_carea' id='block_1_38' title="bbox 179 2285 1764 2363">
    <p class='ocr_par' dir='ltr' id='par_1_38' title="bbox 179 2285 1764 2363">
     <span class='ocr_line' id='line_1_38' title="bbox 179 2285 1764 2363; baseline 0.007 -19"><span class='ocrx_word' id='word_1_265' title='bbox 179 2285 368 2360; x_wconf 79' lang='lat' dir='ltr'><strong>dirigit,</strong></span> <span class='ocrx_word' id='word_1_266' title='bbox 397 2291 498 2352; x_wconf 86' lang='lat' dir='ltr'><strong>sed</strong></span> <span class='ocrx_word' id='word_1_267' title='bbox 533 2291 588 2348; x_wconf 92' lang='lat' dir='ltr'><strong>in</strong></span> <span class='ocrx_word' id='word_1_268' title='bbox 632 2292 968 2354; x_wconf 88' lang='lat' dir='ltr'><strong>altitudinem</strong></span> <span class='ocrx_word' id='word_1_269' title='bbox 999 2291 1381 2363; x_wconf 89' lang='lat' dir='ltr'><strong>cumulumque</strong></span> <span class='ocrx_word' id='word_1_270' title='bbox 1427 2297 1764 2355; x_wconf 89' lang='lat' dir='ltr'><strong>transmittit.</strong></span> 
     </span>
    </p>
   </div>
   <div class='ocr_carea' id='block_1_39' title="bbox 243 2471 1772 2549">
    <p class='ocr_par' dir='ltr' id='par_1_39' title="bbox 243 2471 1772 2549">
     <span class='ocr_line' id='line_1_39' title="bbox 243 2471 1772 2549; baseline 0.002 -19"><span class='ocrx_word' id='word_1_271' title='bbox 243 2471 517 2549; x_wconf 56' lang='lat' dir='ltr'><strong>f_Similia</strong></span> <span class='ocrx_word' id='word_1_272' title='bbox 567 2483 753 2532; x_wconf 88' lang='lat' dir='ltr'><strong>narrat</strong></span> <span class='ocrx_word' id='word_1_273' title='bbox 797 2473 1156 2549; x_wconf 46' lang='lat' dir='ltr'><strong>dedentibus</strong></span> <span class='ocrx_word' id='word_1_274' title='bbox 1201 2477 1528 2549; x_wconf 86' lang='lat' dir='ltr'><strong>miraculose</strong></span> <span class='ocrx_word' id='word_1_275' title='bbox 1571 2477 1772 2549; x_wconf 89' lang='lat' dir='ltr'><strong>repleri</strong></span> 
     </span>
    </p>
   </div>
   <div class='ocr_carea' id='block_1_40' title="bbox 178 2543 1770 2627">
    <p class='ocr_par' dir='ltr' id='par_1_40' title="bbox 178 2543 1770 2627">
     <span class='ocr_line' id='line_1_40' title="bbox 178 2543 1770 2627; baseline 0.003 -26"><span class='ocrx_word' id='word_1_276' title='bbox 178 2543 344 2627; x_wconf 80' lang='lat' dir='ltr'><strong>solitis</strong></span> <span class='ocrx_word' id='word_1_277' title='bbox 372 2553 621 2627; x_wconf 67' lang='lat' dir='ltr'><strong>tempore</strong></span> <span class='ocrx_word' id='word_1_278' title='bbox 665 2546 916 2627; x_wconf 74' lang='lat' dir='ltr'><strong>paschali</strong></span> <span class='ocrx_word' id='word_1_279' title='bbox 936 2563 1035 2618; x_wconf 92' lang='lat' dir='ltr'><strong>pro</strong></span> <span class='ocrx_word' id='word_1_280' title='bbox 1074 2549 1420 2627; x_wconf 70' lang='lat' dir='ltr'><strong>baptizandis</strong></span> <span class='ocrx_word' id='word_1_281' title='bbox 1447 2543 1770 2606; x_wconf 79' lang='lat' dir='ltr'><strong>Paschasius</strong></span> 
     </span>
    </p>
   </div>
   <div class='ocr_carea' id='block_1_41' title="bbox 177 2617 1770 2692">
    <p class='ocr_par' dir='ltr' id='par_1_41' title="bbox 177 2617 1770 2692">
     <span class='ocr_line' id='line_1_41' title="bbox 177 2617 1770 2692; baseline 0.003 -20"><span class='ocrx_word' id='word_1_282' title='bbox 177 2617 455 2689; x_wconf 87' lang='lat' dir='ltr'><strong>episcopus</strong></span> <span class='ocrx_word' id='word_1_283' title='bbox 497 2617 850 2686; x_wconf 34' lang='lat' dir='ltr'><strong>Lilibe’tanus,</strong></span> <span class='ocrx_word' id='word_1_284' title='bbox 902 2617 958 2675; x_wconf 84' lang='lat' dir='ltr'><strong>in</strong></span> <span class='ocrx_word' id='word_1_285' title='bbox 1000 2617 1230 2691; x_wconf 84' lang='lat' dir='ltr'><strong>epistola</strong></span> <span class='ocrx_word' id='word_1_286' title='bbox 1271 2619 1338 2675; x_wconf 86' lang='lat' dir='ltr'><strong>ad</strong></span> <span class='ocrx_word' id='word_1_287' title='bbox 1383 2620 1622 2676; x_wconf 89' lang='lat' dir='ltr'><strong>Leonem</strong></span> <span class='ocrx_word' id='word_1_288' title='bbox 1671 2635 1770 2692; x_wconf 79' lang='lat' dir='ltr'><strong>pa-</strong></span> 
     </span>
    </p>
   </div>
   <div class='ocr_carea' id='block_1_42' title="bbox 1881 1931 3477 2002">
    <p class='ocr_par' dir='ltr' id='par_1_42' title="bbox 1881 1931 3477 2002">
     <span class='ocr_line' id='line_1_42' title="bbox 1881 1931 3477 2002; baseline -0.001 -13"><span class='ocrx_word' id='word_1_289' title='bbox 1881 1935 1982 1989; x_wconf 89' lang='lat' dir='ltr'><strong>dus</strong></span> <span class='ocrx_word' id='word_1_290' title='bbox 2011 1942 2113 1997; x_wconf 84' lang='lat' dir='ltr'><strong>est,</strong></span> <span class='ocrx_word' id='word_1_291' title='bbox 2153 1933 2246 2002; x_wconf 90' lang='lat' dir='ltr'><strong>qui</strong></span> <span class='ocrx_word' id='word_1_292' title='bbox 2273 1932 2458 1987; x_wconf 89' lang='lat' dir='ltr'><strong>talium</strong></span> <span class='ocrx_word' id='word_1_293' title='bbox 2489 1931 2695 1988; x_wconf 90' lang='lat' dir='ltr'><strong>dierum</strong></span> <span class='ocrx_word' id='word_1_294' title='bbox 2723 1933 2917 2002; x_wconf 82' lang='lat' dir='ltr'><strong>gaudia</strong></span> <span class='ocrx_word' id='word_1_295' title='bbox 2949 1940 3217 1988; x_wconf 84' lang='lat' dir='ltr'><strong>temerare</strong></span> <span class='ocrx_word' id='word_1_296' title='bbox 3244 1940 3477 1988; x_wconf 84' lang='lat' dir='ltr'><strong>conten-</strong></span> 
     </span>
    </p>
   </div>
   <div class='ocr_carea' id='block_1_43' title="bbox 1879 2023 3476 2095">
    <p class='ocr_par' dir='ltr' id='par_1_43' title="bbox 1879 2023 3476 2095">
     <span class='ocr_line' id='line_1_43' title="bbox 1879 2023 3476 2095; baseline 0.001 -15"><span class='ocrx_word' id='word_1_297' title='bbox 1879 2025 1974 2082; x_wconf 84' lang='lat' dir='ltr'><strong>dit.</strong></span> <span class='ocrx_word' id='word_1_298' title='bbox 2033 2025 2362 2093; x_wconf 79' lang='lat' dir='ltr'><strong>Relcgantur</strong></span> <span class='ocrx_word' id='word_1_299' title='bbox 2417 2023 2632 2095; x_wconf 90' lang='lat' dir='ltr'><strong>populis</strong></span> <span class='ocrx_word' id='word_1_300' title='bbox 2675 2033 2732 2078; x_wconf 91' lang='lat' dir='ltr'><strong>et</strong></span> <span class='ocrx_word' id='word_1_301' title='bbox 2775 2031 3148 2094; x_wconf 85' lang='lat' dir='ltr'><strong>proponantur</strong></span> <span class='ocrx_word' id='word_1_302' title='bbox 3205 2023 3306 2080; x_wconf 88' lang='lat' dir='ltr'><strong>ista</strong></span> <span class='ocrx_word' id='word_1_303' title='bbox 3357 2038 3476 2093; x_wconf 59' lang='lat' dir='ltr'><strong>quas</strong></span> 
     </span>
    </p>
   </div>
   <div class='ocr_carea' id='block_1_44' title="bbox 1877 2117 3472 2185">
    <p class='ocr_par' dir='ltr' id='par_1_44' title="bbox 1877 2117 3472 2185">
     <span class='ocr_line' id='line_1_44' title="bbox 1877 2117 3472 2185; baseline -0.001 -11"><span class='ocrx_word' id='word_1_304' title='bbox 1877 2118 2141 2185; x_wconf 78' lang='lat' dir='ltr'><strong>diximus,</strong></span> <span class='ocrx_word' id='word_1_305' title='bbox 2203 2127 2264 2172; x_wconf 89' lang='lat' dir='ltr'><strong>ut</strong></span> <span class='ocrx_word' id='word_1_306' title='bbox 2313 2133 2436 2173; x_wconf 90' lang='lat' dir='ltr'><strong>cum</strong></span> <span class='ocrx_word' id='word_1_307' title='bbox 2485 2117 2655 2173; x_wconf 86' lang='lat' dir='ltr'><strong>inulta</strong></span> <span class='ocrx_word' id='word_1_308' title='bbox 2714 2133 2832 2174; x_wconf 91' lang='lat' dir='ltr'><strong>esse</strong></span> <span class='ocrx_word' id='word_1_309' title='bbox 2881 2117 3102 2174; x_wconf 90' lang='lat' dir='ltr'><strong>minime</strong></span> <span class='ocrx_word' id='word_1_310' title='bbox 3157 2117 3472 2185; x_wconf 87' lang='lat' dir='ltr'><strong>creduntur,</strong></span> 
     </span>
    </p>
   </div>
   <div class='ocr_carea' id='block_1_45' title="bbox 1873 2209 2924 2280">
    <p class='ocr_par' dir='ltr' id='par_1_45' title="bbox 1873 2209 2924 2280">
     <span class='ocr_line' id='line_1_45' title="bbox 1873 2209 2924 2280; baseline -0.003 -13"><span class='ocrx_word' id='word_1_311' title='bbox 1873 2209 2174 2268; x_wconf 78' lang='lat' dir='ltr'><strong>excedendi</strong></span> <span class='ocrx_word' id='word_1_312' title='bbox 2217 2209 2436 2266; x_wconf 89' lang='lat' dir='ltr'><strong>licentia</strong></span> <span class='ocrx_word' id='word_1_313' title='bbox 2483 2224 2590 2266; x_wconf 89' lang='lat' dir='ltr'><strong>non</strong></span> <span class='ocrx_word' id='word_1_314' title='bbox 2631 2216 2924 2280; x_wconf 86' lang='lat' dir='ltr'><strong>quaeratur.</strong></span> 
     </span>
    </p>
   </div>
   <div class='ocr_carea' id='block_1_46' title="bbox 1881 2476 3475 2550">
    <p class='ocr_par' dir='ltr' id='par_1_46' title="bbox 1881 2476 3475 2550">
     <span class='ocr_line' id='line_1_46' title="bbox 1881 2476 3475 2550; baseline -0.002 -16"><span class='ocrx_word' id='word_1_315' title='bbox 1881 2494 2006 2550; x_wconf 75' lang='lat' dir='ltr'><strong>pain</strong></span> <span class='ocrx_word' id='word_1_316' title='bbox 2036 2478 2078 2542; x_wconf 88' lang='grc' dir='ltr'><strong>ι,</strong></span> <span class='ocrx_word' id='word_1_317' title='bbox 2108 2493 2229 2550; x_wconf 63' lang='lat' dir='ltr'><strong>quae</strong></span> <span class='ocrx_word' id='word_1_318' title='bbox 2264 2485 2447 2550; x_wconf 81' lang='lat' dir='ltr'><strong>exstat</strong></span> <span class='ocrx_word' id='word_1_319' title='bbox 2478 2486 2610 2550; x_wconf 83' lang='lat' dir='ltr'><strong>tom.</strong></span> <span class='ocrx_word' id='word_1_320' title='bbox 2641 2477 2687 2550; x_wconf 88' lang='lat' dir='ltr'><strong>Il</strong></span> <span class='ocrx_word' id='word_1_321' title='bbox 2713 2477 2920 2550; x_wconf 70' lang='lat' dir='ltr'><strong>Concil.</strong></span> <span class='ocrx_word' id='word_1_322' title='bbox 2964 2477 3304 2550; x_wconf 71' lang='lat' dir='ltr'><strong>inter_Epist.</strong></span> <span class='ocrx_word' id='word_1_323' title='bbox 3337 2476 3475 2532; x_wconf 89' lang='lat' dir='ltr'><strong>Leo-</strong></span> 
     </span>
    </p>
   </div>
   <div class='ocr_carea' id='block_1_47' title="bbox 1882 2548 3474 2677">
    <p class='ocr_par' dir='ltr' id='par_1_47' title="bbox 1882 2548 3474 2677">
     <span class='ocr_line' id='line_1_47' title="bbox 1882 2548 3474 2622; baseline -0.002 -18"><span class='ocrx_word' id='word_1_324' title='bbox 1882 2548 1984 2604; x_wconf 78' lang='lat' dir='ltr'><strong>nis.</strong></span> <span class='ocrx_word' id='word_1_325' title='bbox 2044 2548 2194 2606; x_wconf 84' lang='lat' dir='ltr'><strong>Adde</strong></span> <span class='ocrx_word' id='word_1_326' title='bbox 2247 2565 2366 2620; x_wconf 84' lang='lat' dir='ltr'><strong>quae</strong></span> <span class='ocrx_word' id='word_1_327' title='bbox 2421 2549 2488 2605; x_wconf 90' lang='lat' dir='ltr'><strong>de</strong></span> <span class='ocrx_word' id='word_1_328' title='bbox 2539 2548 2777 2606; x_wconf 87' lang='lat' dir='ltr'><strong>fontibus</strong></span> <span class='ocrx_word' id='word_1_329' title='bbox 2829 2548 2980 2622; x_wconf 85' lang='lat' dir='ltr'><strong>llisp.</strong></span> <span class='ocrx_word' id='word_1_330' title='bbox 3036 2548 3204 2606; x_wconf 77' lang='lat' dir='ltr'><strong>refert</strong></span> <span class='ocrx_word' id='word_1_331' title='bbox 3249 2549 3474 2619; x_wconf 85' lang='lat' dir='ltr'><strong>Gregor.</strong></span> 
     </span>
     <span class='ocr_line' id='line_1_48' title="bbox 1882 2619 2312 2677; baseline 0.002 -2"><span class='ocrx_word' id='word_1_332' title='bbox 1882 2619 2083 2677; x_wconf 90' lang='lat' dir='ltr'><strong>Turon.</strong></span> <span class='ocrx_word' id='word_1_333' title='bbox 2118 2619 2312 2676; x_wconf 78' lang='lat' dir='ltr'><strong>.luner.</strong></span> 
     </span>
    </p>
   </div>
   <div class='ocr_carea' id='block_1_48' title="bbox 1388 2815 2252 2922">
    <p class='ocr_par' dir='ltr' id='par_1_48' title="bbox 1388 2815 2252 2922">
     <span class='ocr_line' id='line_1_49' title="bbox 1388 2815 2252 2922; baseline -0.005 -2"><span class='ocrx_word' id='word_1_334' title='bbox 1388 2837 1736 2922; x_wconf 79' lang='lat' dir='ltr'><strong>LIBER</strong></span> <span class='ocrx_word' id='word_1_335' title='bbox 1809 2827 2252 2922; x_wconf 84' lang='lat' dir='ltr'><strong>NONUS.</strong></span> 
     </span>
    </p>
   </div>
   <div class='ocr_carea' id='block_1_49' title="bbox 565 3039 1364 3114">
    <p class='ocr_par' dir='ltr' id='par_1_49' title="bbox 565 3039 1364 3114">
     <span class='ocr_line' id='line_1_50' title="bbox 565 3039 1364 3114; baseline -0.004 -15"><span class='ocrx_word' id='word_1_336' title='bbox 565 3042 718 3114; x_wconf 60' lang='grc'><strong>141</strong></span> <span class='ocrx_word' id='word_1_337' title='bbox 756 3039 1088 3098; x_wconf 82' lang='lat' dir='ltr'><strong>EPISTOLA</strong></span> <span class='ocrx_word' id='word_1_338' title='bbox 1127 3039 1364 3096; x_wconf 78' lang='lat' dir='ltr'><strong>PRIMA.</strong></span> 
     </span>
    </p>
   </div>
   <div class='ocr_carea' id='block_1_50' title="bbox 274 3147 1643 3191">
    <p class='ocr_par' dir='ltr' id='par_1_50' title="bbox 274 3147 1643 3191">
     <span class='ocr_line' id='line_1_51' title="bbox 274 3147 1643 3191; baseline -0.003 -1"><span class='ocrx_word' id='word_1_339' title='bbox 274 3147 570 3191; x_wconf 71' lang='lat' dir='ltr'><strong>BILDBRICO</strong></span> <span class='ocrx_word' id='word_1_340' title='bbox 595 3149 716 3191; x_wconf 72' lang='grc' dir='ltr'><strong>ιιιζσι</strong></span> <span class='ocrx_word' id='word_1_341' title='bbox 743 3150 1095 3190; x_wconf 67' lang='grc' dir='ltr'><strong>νΛΝοΑιιοιιωι</strong></span> <span class='ocrx_word' id='word_1_342' title='bbox 1123 3147 1490 3190; x_wconf 75' lang='lat' dir='ltr'><strong>ATHALARICUS</strong></span> <span class='ocrx_word' id='word_1_343' title='bbox 1518 3149 1643 3188; x_wconf 73' lang='lat' dir='ltr'><strong>REX.</strong></span> 
     </span>
    </p>
   </div>
   <div class='ocr_carea' id='block_1_51' title="bbox 159 3223 1768 3298">
    <p class='ocr_par' dir='ltr' id='par_1_51' title="bbox 159 3223 1768 3298">
     <span class='ocr_line' id='line_1_52' title="bbox 159 3223 1768 3298; baseline -0.004 -14"><span class='ocrx_word' id='word_1_344' title='bbox 159 3225 606 3298; x_wconf 73' lang='lat' dir='ltr'><strong>Conqueriturde</strong></span> <span class='ocrx_word' id='word_1_345' title='bbox 632 3242 753 3281; x_wconf 84' lang='lat' dir='ltr'><strong>nece</strong></span> <span class='ocrx_word' id='word_1_346' title='bbox 781 3225 1128 3298; x_wconf 74' lang='lat' dir='ltr'><strong>Amalafridw</strong></span> <span class='ocrx_word' id='word_1_347' title='bbox 1175 3225 1240 3298; x_wconf 83' lang='lat' dir='ltr'><strong>ab</strong></span> <span class='ocrx_word' id='word_1_348' title='bbox 1285 3224 1558 3280; x_wconf 82' lang='lat' dir='ltr'><strong>Hitderico</strong></span> <span class='ocrx_word' id='word_1_349' title='bbox 1598 3223 1768 3298; x_wconf 58' lang='lat' dir='ltr'><strong>illam.</strong></span> 
     </span>
    </p>
   </div>
   <div class='ocr_carea' id='block_1_52' title="bbox 231 3293 1771 3379">
    <p class='ocr_par' dir='ltr' id='par_1_52' title="bbox 231 3293 1771 3379">
     <span class='ocr_line' id='line_1_53' title="bbox 231 3293 1771 3379; baseline -0.004 -25"><span class='ocrx_word' id='word_1_350' title='bbox 231 3293 367 3379; x_wconf 61' lang='lat' dir='ltr'><strong>Tjtm</strong></span> <span class='ocrx_word' id='word_1_351' title='bbox 395 3297 554 3379; x_wconf 63' lang='lat' dir='ltr'><strong>mittit</strong></span> <span class='ocrx_word' id='word_1_352' title='bbox 579 3297 797 3379; x_wconf 56' lang='lat' dir='ltr'><strong>tegulas,</strong></span> <span class='ocrx_word' id='word_1_353' title='bbox 820 3293 1112 3379; x_wconf 58' lang='lat' dir='ltr'><strong>opud&#39;quos</strong></span> <span class='ocrx_word' id='word_1_354' title='bbox 1137 3297 1332 3379; x_wconf 84' lang='lat' dir='ltr'><strong>crimen</strong></span> <span class='ocrx_word' id='word_1_355' title='bbox 1361 3305 1588 3352; x_wconf 69' lang='lat' dir='ltr'><strong>excuset.</strong></span> <span class='ocrx_word' id='word_1_356' title='bbox 1621 3293 1771 3360; x_wconf 84' lang='lat' dir='ltr'><strong>Quod</strong></span> 
     </span>
    </p>
   </div>
   <div class='ocr_carea' id='block_1_53' title="bbox 232 3367 1232 3440">
    <p class='ocr_par' dir='ltr' id='par_1_53' title="bbox 232 3367 1232 3440">
     <span class='ocr_line' id='line_1_54' title="bbox 232 3367 1232 3440; baseline -0.004 -16"><span class='ocrx_word' id='word_1_357' title='bbox 232 3369 280 3426; x_wconf 80' lang='lat' dir='ltr'><strong>si</strong></span> <span class='ocrx_word' id='word_1_358' title='bbox 306 3369 568 3435; x_wconf 83' lang='lat' dir='ltr'><strong>renuerit,</strong></span> <span class='ocrx_word' id='word_1_359' title='bbox 600 3367 787 3423; x_wconf 73' lang='lat' dir='ltr'><strong>bellum</strong></span> <span class='ocrx_word' id='word_1_360' title='bbox 817 3369 916 3440; x_wconf 80' lang='lat' dir='ltr'><strong>ipsi</strong></span> <span class='ocrx_word' id='word_1_361' title='bbox 943 3367 1232 3424; x_wconf 73' lang='lat' dir='ltr'><strong>minitatur.</strong></span> 
     </span>
    </p>
   </div>
   <div class='ocr_carea' id='block_1_54' title="bbox 234 3481 1773 3552">
    <p class='ocr_par' dir='ltr' id='par_1_54' title="bbox 234 3481 1773 3552">
     <span class='ocr_line' id='line_1_55' title="bbox 234 3481 1773 3552; baseline -0.002 -12"><span class='ocrx_word' id='word_1_362' title='bbox 234 3483 535 3547; x_wconf 85' lang='lat' dir='ltr'><strong>Durissima</strong></span> <span class='ocrx_word' id='word_1_363' title='bbox 555 3482 716 3540; x_wconf 89' lang='lat' dir='ltr'><strong>nimis</strong></span> <span class='ocrx_word' id='word_1_364' title='bbox 743 3489 892 3540; x_wconf 84' lang='lat' dir='ltr'><strong>sorte</strong></span> <span class='ocrx_word' id='word_1_365' title='bbox 917 3481 1357 3552; x_wconf 83' lang='lat' dir='ltr'><strong>constringimur,</strong></span> <span class='ocrx_word' id='word_1_366' title='bbox 1390 3488 1450 3536; x_wconf 90' lang='lat' dir='ltr'><strong>ut</strong></span> <span class='ocrx_word' id='word_1_367' title='bbox 1477 3495 1616 3552; x_wconf 90' lang='lat' dir='ltr'><strong>quos</strong></span> <span class='ocrx_word' id='word_1_368' title='bbox 1644 3489 1773 3538; x_wconf 88' lang='lat' dir='ltr'><strong>ante</strong></span> 
     </span>
    </p>
   </div>
   <div class='ocr_carea' id='block_1_55' title="bbox 171 3574 1770 3649">
    <p class='ocr_par' dir='ltr' id='par_1_55' title="bbox 171 3574 1770 3649">
     <span class='ocr_line' id='line_1_56' title="bbox 171 3574 1770 3649; baseline -0.004 -15"><span class='ocrx_word' id='word_1_369' title='bbox 171 3578 352 3640; x_wconf 88' lang='lat' dir='ltr'><strong>dulces</strong></span> <span class='ocrx_word' id='word_1_370' title='bbox 401 3585 660 3649; x_wconf 88' lang='lat' dir='ltr'><strong>parentes</strong></span> <span class='ocrx_word' id='word_1_371' title='bbox 699 3575 952 3643; x_wconf 82' lang='lat' dir='ltr'><strong>diximus,</strong></span> <span class='ocrx_word' id='word_1_372' title='bbox 983 3590 1130 3630; x_wconf 92' lang='lat' dir='ltr'><strong>nunc</strong></span> <span class='ocrx_word' id='word_1_373' title='bbox 1157 3574 1237 3631; x_wconf 90' lang='lat' dir='ltr'><strong>eis</strong></span> <span class='ocrx_word' id='word_1_374' title='bbox 1266 3589 1458 3631; x_wconf 89' lang='lat' dir='ltr'><strong>causas</strong></span> <span class='ocrx_word' id='word_1_375' title='bbox 1499 3574 1770 3630; x_wconf 87' lang='lat' dir='ltr'><strong>amarissi-</strong></span> 
     </span>
    </p>
   </div>
   <div class='ocr_carea' id='block_1_56' title="bbox 173 3669 1770 3742">
    <p class='ocr_par' dir='ltr' id='par_1_56' title="bbox 173 3669 1770 3742">
     <span class='ocr_line' id='line_1_57' title="bbox 173 3669 1770 3742; baseline -0.003 -14"><span class='ocrx_word' id='word_1_376' title='bbox 173 3687 282 3728; x_wconf 87' lang='lat' dir='ltr'><strong>mas</strong></span> <span class='ocrx_word' id='word_1_377' title='bbox 309 3671 666 3742; x_wconf 89' lang='lat' dir='ltr'><strong>imputemus;</strong></span> <span class='ocrx_word' id='word_1_378' title='bbox 712 3682 848 3739; x_wconf 90' lang='lat' dir='ltr'><strong>quas</strong></span> <span class='ocrx_word' id='word_1_379' title='bbox 893 3683 1054 3724; x_wconf 90' lang='lat' dir='ltr'><strong>nemo</strong></span> <span class='ocrx_word' id='word_1_380' title='bbox 1091 3676 1272 3740; x_wconf 89' lang='lat' dir='ltr'><strong>potest</strong></span> <span class='ocrx_word' id='word_1_381' title='bbox 1307 3669 1634 3740; x_wconf 87' lang='lat' dir='ltr'><strong>relinquere,</strong></span> <span class='ocrx_word' id='word_1_382' title='bbox 1677 3669 1770 3739; x_wconf 89' lang='lat' dir='ltr'><strong>qui</strong></span> 
     </span>
    </p>
   </div>
   <div class='ocr_carea' id='block_1_57' title="bbox 174 3759 1768 3835">
    <p class='ocr_par' dir='ltr' id='par_1_57' title="bbox 174 3759 1768 3835">
     <span class='ocr_line' id='line_1_58' title="bbox 174 3759 1768 3835; baseline -0.001 -18"><span class='ocrx_word' id='word_1_383' title='bbox 174 3761 382 3835; x_wconf 89' lang='lat' dir='ltr'><strong>pietatis</strong></span> <span class='ocrx_word' id='word_1_384' title='bbox 409 3762 655 3818; x_wconf 88' lang='lat' dir='ltr'><strong>noscitur</strong></span> <span class='ocrx_word' id='word_1_385' title='bbox 682 3761 1016 3816; x_wconf 90' lang='lat' dir='ltr'><strong>monimenta</strong></span> <span class='ocrx_word' id='word_1_386' title='bbox 1044 3761 1304 3830; x_wconf 84' lang='lat' dir='ltr'><strong>cogitare.</strong></span> <span class='ocrx_word' id='word_1_387' title='bbox 1343 3759 1472 3827; x_wconf 90' lang='lat' dir='ltr'><strong>Quis</strong></span> <span class='ocrx_word' id='word_1_388' title='bbox 1499 3760 1644 3816; x_wconf 88' lang='lat' dir='ltr'><strong>enim</strong></span> <span class='ocrx_word' id='word_1_389' title='bbox 1669 3776 1768 3816; x_wconf 88' lang='lat' dir='ltr'><strong>ne-</strong></span> 
     </span>
    </p>
   </div>
   <div class='ocr_carea' id='block_1_58' title="bbox 174 3851 1767 3922">
    <p class='ocr_par' dir='ltr' id='par_1_58' title="bbox 174 3851 1767 3922">
     <span class='ocr_line' id='line_1_59' title="bbox 174 3851 1767 3922; baseline -0.003 -11"><span class='ocrx_word' id='word_1_390' title='bbox 174 3855 302 3912; x_wconf 86' lang='lat' dir='ltr'><strong>sciat</strong></span> <span class='ocrx_word' id='word_1_391' title='bbox 327 3854 467 3911; x_wconf 74' lang='lat' dir='ltr'><strong>diva:</strong></span> <span class='ocrx_word' id='word_1_392' title='bbox 494 3852 888 3910; x_wconf 89' lang='lat' dir='ltr'><strong>recordationis</strong></span> <span class='ocrx_word' id='word_1_393' title='bbox 925 3851 1330 3917; x_wconf 85' lang='lat' dir='ltr'><strong>Amalafridam,</strong></span> <span class='ocrx_word' id='word_1_394' title='bbox 1361 3851 1576 3922; x_wconf 88' lang='lat' dir='ltr'><strong>generis</strong></span> <span class='ocrx_word' id='word_1_395' title='bbox 1597 3852 1767 3906; x_wconf 84' lang='lat' dir='ltr'><strong>nostri</strong></span> 
     </span>
    </p>
   </div>
   <div class='ocr_carea' id='block_1_59' title="bbox 175 3944 1769 4020">
    <p class='ocr_par' dir='ltr' id='par_1_59' title="bbox 175 3944 1769 4020">
     <span class='ocr_line' id='line_1_60' title="bbox 175 3944 1769 4020; baseline -0.001 -17"><span class='ocrx_word' id='word_1_396' title='bbox 175 3947 329 4006; x_wconf 90' lang='lat' dir='ltr'><strong>decus</strong></span> <span class='ocrx_word' id='word_1_397' title='bbox 372 3948 672 4020; x_wconf 79' lang='lat' dir='ltr'><strong>egregium,</strong></span> <span class='ocrx_word' id='word_1_398' title='bbox 709 3945 1007 4004; x_wconf 90' lang='lat' dir='ltr'><strong>violentum</strong></span> <span class='ocrx_word' id='word_1_399' title='bbox 1037 3944 1178 4016; x_wconf 87' lang='lat' dir='ltr'><strong>apud</strong></span> <span class='ocrx_word' id='word_1_400' title='bbox 1210 3960 1305 4001; x_wconf 87' lang='lat' dir='ltr'><strong>vos</strong></span> <span class='ocrx_word' id='word_1_401' title='bbox 1333 3946 1600 4015; x_wconf 85' lang='lat' dir='ltr'><strong>reperisse</strong></span> <span class='ocrx_word' id='word_1_402' title='bbox 1634 3944 1769 4001; x_wconf 91' lang='lat' dir='ltr'><strong>lucis</strong></span> 
     </span>
    </p>
   </div>
   <div class='ocr_carea' id='block_1_60' title="bbox 175 4035 1770 4111">
    <p class='ocr_par' dir='ltr' id='par_1_60' title="bbox 175 4035 1770 4111">
     <span class='ocr_line' id='line_1_61' title="bbox 175 4035 1770 4111; baseline -0.003 -14"><span class='ocrx_word' id='word_1_403' title='bbox 175 4055 453 4109; x_wconf 86' lang='lat' dir='ltr'><strong>occasum;</strong></span> <span class='ocrx_word' id='word_1_404' title='bbox 480 4049 538 4096; x_wconf 92' lang='lat' dir='ltr'><strong>et</strong></span> <span class='ocrx_word' id='word_1_405' title='bbox 565 4055 728 4111; x_wconf 91' lang='lat' dir='ltr'><strong>quam</strong></span> <span class='ocrx_word' id='word_1_406' title='bbox 757 4037 1022 4094; x_wconf 88' lang='lat' dir='ltr'><strong>habuistis</strong></span> <span class='ocrx_word' id='word_1_407' title='bbox 1060 4037 1268 4109; x_wconf 89' lang='lat' dir='ltr'><strong>pridem</strong></span> <span class='ocrx_word' id='word_1_408' title='bbox 1296 4036 1590 4103; x_wconf 87' lang='lat' dir='ltr'><strong>dominam,</strong></span> <span class='ocrx_word' id='word_1_409' title='bbox 1624 4035 1770 4106; x_wconf 80' lang='lat' dir='ltr'><strong>passi</strong></span> 
     </span>
    </p>
   </div>
   <div class='ocr_carea' id='block_1_61' title="bbox 175 4132 1767 4209">
    <p class='ocr_par' dir='ltr' id='par_1_61' title="bbox 175 4132 1767 4209">
     <span class='ocr_line' id='line_1_62' title="bbox 175 4132 1767 4209; baseline -0.002 -18"><span class='ocrx_word' id='word_1_410' title='bbox 175 4151 276 4194; x_wconf 90' lang='lat' dir='ltr'><strong>non</strong></span> <span class='ocrx_word' id='word_1_411' title='bbox 299 4137 434 4194; x_wconf 86' lang='lat' dir='ltr'><strong>estis</strong></span> <span class='ocrx_word' id='word_1_412' title='bbox 460 4137 642 4192; x_wconf 82' lang='lat' dir='ltr'><strong>vivere</strong></span> <span class='ocrx_word' id='word_1_413' title='bbox 670 4149 772 4192; x_wconf 88' lang='lat' dir='ltr'><strong>nec</strong></span> <span class='ocrx_word' id='word_1_414' title='bbox 810 4134 951 4209; x_wconf 74' lang='lat' dir='ltr'><strong>[Ac.,</strong></span> <span class='ocrx_word' id='word_1_415' title='bbox 991 4132 1156 4206; x_wconf 90' lang='lat' dir='ltr'><strong>nunc]</strong></span> <span class='ocrx_word' id='word_1_416' title='bbox 1206 4133 1508 4206; x_wconf 81' lang='lat' dir='ltr'><strong>privatam?</strong></span> <span class='ocrx_word' id='word_1_417' title='bbox 1549 4132 1676 4189; x_wconf 63' lang='lat' dir='ltr'><strong>llaec</strong></span> <span class='ocrx_word' id='word_1_418' title='bbox 1722 4132 1767 4188; x_wconf 88' lang='lat' dir='ltr'><strong>si</strong></span> 
     </span>
    </p>
   </div>
   <div class='ocr_carea' id='block_1_62' title="bbox 175 4225 1768 4298">
    <p class='ocr_par' dir='ltr' id='par_1_62' title="bbox 175 4225 1768 4298">
     <span class='ocr_line' id='line_1_63' title="bbox 175 4225 1768 4298; baseline -0.003 -16"><span class='ocrx_word' id='word_1_419' title='bbox 175 4235 352 4283; x_wconf 89' lang='lat' dir='ltr'><strong>contra</strong></span> <span class='ocrx_word' id='word_1_420' title='bbox 399 4226 486 4284; x_wconf 76' lang='lat' dir='ltr'><strong>fas</strong></span> <span class='ocrx_word' id='word_1_421' title='bbox 523 4226 818 4298; x_wconf 78' lang='lat' dir='ltr'><strong>parentcla:</strong></span> <span class='ocrx_word' id='word_1_422' title='bbox 864 4225 1044 4295; x_wconf 80' lang='lat' dir='ltr'><strong>gravis</strong></span> <span class='ocrx_word' id='word_1_423' title='bbox 1083 4239 1204 4282; x_wconf 88' lang='lat' dir='ltr'><strong>esse</strong></span> <span class='ocrx_word' id='word_1_424' title='bbox 1232 4225 1535 4293; x_wconf 86' lang='lat' dir='ltr'><strong>videbatur,</strong></span> <span class='ocrx_word' id='word_1_425' title='bbox 1566 4225 1768 4279; x_wconf 82' lang='lat' dir='ltr'><strong>remitti</strong></span> 
     </span>
    </p>
   </div>
   <div class='ocr_carea' id='block_1_63' title="bbox 175 4313 1767 4385">
    <p class='ocr_par' dir='ltr' id='par_1_63' title="bbox 175 4313 1767 4385">
     <span class='ocr_line' id='line_1_64' title="bbox 175 4313 1767 4385; baseline -0.003 -13"><span class='ocrx_word' id='word_1_426' title='bbox 175 4317 235 4373; x_wconf 88' lang='lat' dir='ltr'><strong>ad</strong></span> <span class='ocrx_word' id='word_1_427' title='bbox 261 4334 356 4376; x_wconf 89' lang='lat' dir='ltr'><strong>nos</strong></span> <span class='ocrx_word' id='word_1_428' title='bbox 381 4318 575 4374; x_wconf 83' lang='lat' dir='ltr'><strong>debuit</strong></span> <span class='ocrx_word' id='word_1_429' title='bbox 598 4315 948 4382; x_wconf 86' lang='lat' dir='ltr'><strong>honorabilis,</strong></span> <span class='ocrx_word' id='word_1_430' title='bbox 973 4330 1137 4385; x_wconf 89' lang='lat' dir='ltr'><strong>quam</strong></span> <span class='ocrx_word' id='word_1_431' title='bbox 1166 4315 1376 4384; x_wconf 81' lang='lat' dir='ltr'><strong>magnis</strong></span> <span class='ocrx_word' id='word_1_432' title='bbox 1413 4313 1767 4385; x_wconf 87' lang='lat' dir='ltr'><strong>supplicatio-</strong></span> 
     </span>
    </p>
   </div>
   <div class='ocr_carea' id='block_1_64' title="bbox 175 4403 1776 4482">
    <p class='ocr_par' dir='ltr' id='par_1_64' title="bbox 175 4403 1776 4482">
     <span class='ocr_line' id='line_1_65' title="bbox 175 4403 1776 4482; baseline -0.006 -17"><span class='ocrx_word' id='word_1_433' title='bbox 175 4410 321 4468; x_wconf 88' lang='lat' dir='ltr'><strong>nibus</strong></span> <span class='ocrx_word' id='word_1_434' title='bbox 346 4409 670 4482; x_wconf 80' lang='lat' dir='ltr'><strong>expetiistis.</strong></span> <span class='ocrx_word' id='word_1_435' title='bbox 704 4405 984 4463; x_wconf 88' lang='lat' dir='ltr'><strong>Parricidii</strong></span> <span class='ocrx_word' id='word_1_436' title='bbox 1010 4419 1181 4475; x_wconf 88' lang='lat' dir='ltr'><strong>genus</strong></span> <span class='ocrx_word' id='word_1_437' title='bbox 1207 4412 1312 4471; x_wconf 90' lang='lat' dir='ltr'><strong>est,</strong></span> <span class='ocrx_word' id='word_1_438' title='bbox 1344 4413 1404 4460; x_wconf 91' lang='lat' dir='ltr'><strong>ut</strong></span> <span class='ocrx_word' id='word_1_439' title='bbox 1423 4418 1585 4474; x_wconf 89' lang='lat' dir='ltr'><strong>quam</strong></span> <span class='ocrx_word' id='word_1_440' title='bbox 1613 4403 1776 4482; x_wconf 87' lang='lat' dir='ltr'><strong>vobis</strong></span> 
     </span>
    </p>
   </div>
   <div class='ocr_carea' id='block_1_65' title="bbox 176 4496 1765 4572">
    <p class='ocr_par' dir='ltr' id='par_1_65' title="bbox 176 4496 1765 4572">
     <span class='ocr_line' id='line_1_66' title="bbox 176 4496 1765 4572; baseline -0.003 -16"><span class='ocrx_word' id='word_1_441' title='bbox 176 4501 363 4560; x_wconf 86' lang='lat' dir='ltr'><strong>fecerat</strong></span> <span class='ocrx_word' id='word_1_442' title='bbox 389 4501 616 4559; x_wconf 87' lang='lat' dir='ltr'><strong>affinem</strong></span> <span class='ocrx_word' id='word_1_443' title='bbox 645 4499 954 4572; x_wconf 85' lang='lat' dir='ltr'><strong>conjunctio</strong></span> <span class='ocrx_word' id='word_1_444' title='bbox 983 4498 1145 4569; x_wconf 77' lang='lat' dir='ltr'><strong>regis,</strong></span> <span class='ocrx_word' id='word_1_445' title='bbox 1188 4497 1433 4554; x_wconf 84' lang='lat' dir='ltr'><strong>nefandis</strong></span> <span class='ocrx_word' id='word_1_446' title='bbox 1466 4496 1683 4553; x_wconf 88' lang='lat' dir='ltr'><strong>ausibus</strong></span> <span class='ocrx_word' id='word_1_447' title='bbox 1711 4497 1765 4552; x_wconf 92' lang='lat' dir='ltr'><strong>in</strong></span> 
     </span>
    </p>
   </div>
   <div class='ocr_carea' id='block_1_66' title="bbox 179 4588 1764 4666">
    <p class='ocr_par' dir='ltr' id='par_1_66' title="bbox 179 4588 1764 4666">
     <span class='ocr_line' id='line_1_67' title="bbox 179 4588 1764 4666; baseline -0.004 -15"><span class='ocrx_word' id='word_1_448' title='bbox 179 4593 283 4666; x_wconf 88' lang='lat' dir='ltr'><strong>ejus</strong></span> <span class='ocrx_word' id='word_1_449' title='bbox 325 4612 428 4654; x_wconf 88' lang='lat' dir='ltr'><strong>vos</strong></span> <span class='ocrx_word' id='word_1_450' title='bbox 473 4596 752 4652; x_wconf 86' lang='lat' dir='ltr'><strong>interitum</strong></span> <span class='ocrx_word' id='word_1_451' title='bbox 797 4591 1116 4648; x_wconf 89' lang='lat' dir='ltr'><strong>misceretis.</strong></span> <span class='ocrx_word' id='word_1_452' title='bbox 1159 4589 1301 4660; x_wconf 85' lang='lat' dir='ltr'><strong>Quid</strong></span> <span class='ocrx_word' id='word_1_453' title='bbox 1340 4597 1547 4646; x_wconf 89' lang='lat' dir='ltr'><strong>tantum</strong></span> <span class='ocrx_word' id='word_1_454' title='bbox 1574 4588 1700 4644; x_wconf 89' lang='lat' dir='ltr'><strong>mali</strong></span> <span class='ocrx_word' id='word_1_455' title='bbox 1731 4605 1764 4645; x_wconf 90' lang='lat' dir='ltr'><strong>a</strong></span> 
     </span>
    </p>
   </div>
   <div class='ocr_carea' id='block_1_67' title="bbox 179 4682 1766 4762">
    <p class='ocr_par' dir='ltr' id='par_1_67' title="bbox 179 4682 1766 4762">
     <span class='ocr_line' id='line_1_68' title="bbox 179 4682 1766 4762; baseline -0.005 -16"><span class='ocrx_word' id='word_1_456' title='bbox 179 4702 269 4746; x_wconf 89' lang='lat' dir='ltr'><strong>suo</strong></span> <span class='ocrx_word' id='word_1_457' title='bbox 295 4690 526 4762; x_wconf 78' lang='lat' dir='ltr'><strong>conjuge</strong></span> <span class='ocrx_word' id='word_1_458' title='bbox 554 4691 746 4746; x_wconf 89' lang='lat' dir='ltr'><strong>relicta</strong></span> <span class='ocrx_word' id='word_1_459' title='bbox 773 4685 1108 4759; x_wconf 86' lang='lat' dir='ltr'><strong>promeruit?</strong></span> <span class='ocrx_word' id='word_1_460' title='bbox 1137 4685 1194 4742; x_wconf 91' lang='lat' dir='ltr'><strong>Si</strong></span> <span class='ocrx_word' id='word_1_461' title='bbox 1235 4683 1505 4742; x_wconf 87' lang='lat' dir='ltr'><strong>successio</strong></span> <span class='ocrx_word' id='word_1_462' title='bbox 1531 4682 1766 4740; x_wconf 85' lang='lat' dir='ltr'><strong>debeba-</strong></span> 
     </span>
    </p>
   </div>
   <div class='ocr_carea' id='block_1_68' title="bbox 179 4777 1762 4855">
    <p class='ocr_par' dir='ltr' id='par_1_68' title="bbox 179 4777 1762 4855">
     <span class='ocr_line' id='line_1_69' title="bbox 179 4777 1762 4855; baseline -0.002 -18"><span class='ocrx_word' id='word_1_463' title='bbox 179 4789 261 4840; x_wconf 87' lang='lat' dir='ltr'><strong>tur</strong></span> <span class='ocrx_word' id='word_1_464' title='bbox 285 4786 462 4853; x_wconf 88' lang='lat' dir='ltr'><strong>alteri,</strong></span> <span class='ocrx_word' id='word_1_465' title='bbox 492 4783 734 4855; x_wconf 87' lang='lat' dir='ltr'><strong>nunquid</strong></span> <span class='ocrx_word' id='word_1_466' title='bbox 757 4780 957 4838; x_wconf 82' lang='lat' dir='ltr'><strong>femina</strong></span> <span class='ocrx_word' id='word_1_467' title='bbox 997 4779 1051 4838; x_wconf 90' lang='lat' dir='ltr'><strong>in</strong></span> <span class='ocrx_word' id='word_1_468' title='bbox 1084 4795 1152 4837; x_wconf 92' lang='lat' dir='ltr'><strong>eo</strong></span> <span class='ocrx_word' id='word_1_469' title='bbox 1177 4779 1384 4836; x_wconf 89' lang='lat' dir='ltr'><strong>ambitu</strong></span> <span class='ocrx_word' id='word_1_470' title='bbox 1410 4777 1586 4852; x_wconf 90' lang='lat' dir='ltr'><strong>potuit</strong></span> <span class='ocrx_word' id='word_1_471' title='bbox 1613 4777 1762 4834; x_wconf 91' lang='lat' dir='ltr'><strong>inve-</strong></span> 
     </span>
    </p>
   </div>
   <div class='ocr_carea' id='block_1_69' title="bbox 183 4872 1763 4948">
    <p class='ocr_par' dir='ltr' id='par_1_69' title="bbox 183 4872 1763 4948">
     <span class='ocr_line' id='line_1_70' title="bbox 183 4872 1763 4948; baseline -0.002 -16"><span class='ocrx_word' id='word_1_472' title='bbox 183 4877 308 4935; x_wconf 83' lang='lat' dir='ltr'><strong>niri?</strong></span> <span class='ocrx_word' id='word_1_473' title='bbox 333 4879 509 4938; x_wconf 74' lang='lat' dir='ltr'><strong>Mater</strong></span> <span class='ocrx_word' id='word_1_474' title='bbox 535 4877 778 4948; x_wconf 87' lang='lat' dir='ltr'><strong>quinimo</strong></span> <span class='ocrx_word' id='word_1_475' title='bbox 803 4875 992 4933; x_wconf 78' lang='lat' dir='ltr'><strong>haberi</strong></span> <span class='ocrx_word' id='word_1_476' title='bbox 1019 4874 1224 4944; x_wconf 86' lang='lat' dir='ltr'><strong>debuit,</strong></span> <span class='ocrx_word' id='word_1_477' title='bbox 1248 4889 1368 4945; x_wconf 70' lang='lat' dir='ltr'><strong>qute</strong></span> <span class='ocrx_word' id='word_1_478' title='bbox 1403 4872 1562 4930; x_wconf 90' lang='lat' dir='ltr'><strong>vobis</strong></span> <span class='ocrx_word' id='word_1_479' title='bbox 1599 4887 1763 4944; x_wconf 86' lang='lat' dir='ltr'><strong>regna</strong></span> 
     </span>
    </p>
   </div>
   <div class='ocr_carea' id='block_1_70' title="bbox 184 4964 1763 5034">
    <p class='ocr_par' dir='ltr' id='par_1_70' title="bbox 184 4964 1763 5034">
     <span class='ocr_line' id='line_1_71' title="bbox 184 4964 1763 5034; baseline -0.003 -9"><span class='ocrx_word' id='word_1_480' title='bbox 184 4972 479 5029; x_wconf 85' lang='lat' dir='ltr'><strong>transfudit.</strong></span> <span class='ocrx_word' id='word_1_481' title='bbox 503 4971 638 5026; x_wconf 89' lang='lat' dir='ltr'><strong>Nam</strong></span> <span class='ocrx_word' id='word_1_482' title='bbox 665 4979 720 5026; x_wconf 92' lang='lat' dir='ltr'><strong>et</strong></span> <span class='ocrx_word' id='word_1_483' title='bbox 746 4970 852 5025; x_wconf 84' lang='lat' dir='ltr'><strong>hoc</strong></span> <span class='ocrx_word' id='word_1_484' title='bbox 879 4967 1148 5024; x_wconf 87' lang='lat' dir='ltr'><strong>nobilitati</strong></span> <span class='ocrx_word' id='word_1_485' title='bbox 1178 4975 1370 5023; x_wconf 75' lang='lat' dir='ltr'><strong>vestrm</strong></span> <span class='ocrx_word' id='word_1_486' title='bbox 1400 4964 1587 5022; x_wconf 87' lang='lat' dir='ltr'><strong>fuisset</strong></span> <span class='ocrx_word' id='word_1_487' title='bbox 1616 4964 1763 5034; x_wconf 81' lang='lat' dir='ltr'><strong>adje-</strong></span> 
     </span>
    </p>
   </div>
   <div class='ocr_carea' id='block_1_71' title="bbox 187 5059 1764 5136">
    <p class='ocr_par' dir='ltr' id='par_1_71' title="bbox 187 5059 1764 5136">
     <span class='ocr_line' id='line_1_72' title="bbox 187 5059 1764 5136; baseline -0.004 -17"><span class='ocrx_word' id='word_1_488' title='bbox 187 5072 341 5136; x_wconf 86' lang='lat' dir='ltr'><strong>ctum,</strong></span> <span class='ocrx_word' id='word_1_489' title='bbox 385 5067 434 5125; x_wconf 88' lang='lat' dir='ltr'><strong>si</strong></span> <span class='ocrx_word' id='word_1_490' title='bbox 484 5067 625 5122; x_wconf 87' lang='lat' dir='ltr'><strong>inter</strong></span> <span class='ocrx_word' id='word_1_491' title='bbox 671 5062 1075 5132; x_wconf 80' lang='lat' dir='ltr'><strong>Hasdirigorum</strong></span> <span class='ocrx_word' id='word_1_492' title='bbox 1125 5063 1350 5132; x_wconf 84' lang='lat' dir='ltr'><strong>stirpem</strong></span> <span class='ocrx_word' id='word_1_493' title='bbox 1406 5059 1764 5118; x_wconf 91' lang='lat' dir='ltr'><strong>retinuissetis</strong></span> 
     </span>
    </p>
   </div>
   <div class='ocr_carea' id='block_1_72' title="bbox 187 5138 1764 5229">
    <p class='ocr_par' dir='ltr' id='par_1_72' title="bbox 187 5138 1764 5229">
     <span class='ocr_line' id='line_1_73' title="bbox 187 5138 1764 5229; baseline -0.004 -19"><span class='ocrx_word' id='word_1_494' title='bbox 187 5138 346 5214; x_wconf 59' lang='lat' dir='ltr'><strong>Annali</strong></span> <span class='ocrx_word' id='word_1_495' title='bbox 385 5158 662 5229; x_wconf 79' lang='lat' dir='ltr'><strong>sanguinis</strong></span> <span class='ocrx_word' id='word_1_496' title='bbox 709 5170 1031 5228; x_wconf 88' lang='lat' dir='ltr'><strong>purpuream</strong></span> <span class='ocrx_word' id='word_1_497' title='bbox 1072 5155 1407 5226; x_wconf 86' lang='lat' dir='ltr'><strong>dignitatem.</strong></span> <span class='ocrx_word' id='word_1_498' title='bbox 1452 5154 1565 5210; x_wconf 88' lang='lat' dir='ltr'><strong>lloc</strong></span> <span class='ocrx_word' id='word_1_499' title='bbox 1601 5149 1764 5206; x_wconf 86' lang='lat' dir='ltr'><strong>Gothi</strong></span> 
     </span>
    </p>
   </div>
   <div class='ocr_carea' id='block_1_73' title="bbox 187 5242 1765 5320">
    <p class='ocr_par' dir='ltr' id='par_1_73' title="bbox 187 5242 1765 5320">
     <span class='ocr_line' id='line_1_74' title="bbox 187 5242 1765 5320; baseline -0.003 -18"><span class='ocrx_word' id='word_1_500' title='bbox 187 5249 342 5306; x_wconf 86' lang='lat' dir='ltr'><strong>nostri</strong></span> <span class='ocrx_word' id='word_1_501' title='bbox 369 5249 437 5307; x_wconf 91' lang='lat' dir='ltr'><strong>ad</strong></span> <span class='ocrx_word' id='word_1_502' title='bbox 473 5265 632 5306; x_wconf 89' lang='lat' dir='ltr'><strong>suum</strong></span> <span class='ocrx_word' id='word_1_503' title='bbox 670 5248 848 5320; x_wconf 90' lang='lat' dir='ltr'><strong>potius</strong></span> <span class='ocrx_word' id='word_1_504' title='bbox 885 5247 1232 5319; x_wconf 86' lang='lat' dir='ltr'><strong>opprobrium</strong></span> <span class='ocrx_word' id='word_1_505' title='bbox 1272 5246 1574 5314; x_wconf 86' lang='lat' dir='ltr'><strong>intelligunt</strong></span> <span class='ocrx_word' id='word_1_506' title='bbox 1602 5242 1765 5298; x_wconf 89' lang='lat' dir='ltr'><strong>fuisse</strong></span> 
     </span>
    </p>
   </div>
   <div class='ocr_carea' id='block_1_74' title="bbox 189 5337 1766 5415">
    <p class='ocr_par' dir='ltr' id='par_1_74' title="bbox 189 5337 1766 5415">
     <span class='ocr_line' id='line_1_75' title="bbox 189 5337 1766 5415; baseline -0.004 -18"><span class='ocrx_word' id='word_1_507' title='bbox 189 5350 461 5401; x_wconf 86' lang='lat' dir='ltr'><strong>tentatum.</strong></span> <span class='ocrx_word' id='word_1_508' title='bbox 507 5343 639 5400; x_wconf 86' lang='lat' dir='ltr'><strong>Nam</strong></span> <span class='ocrx_word' id='word_1_509' title='bbox 668 5343 759 5415; x_wconf 90' lang='lat' dir='ltr'><strong>qui</strong></span> <span class='ocrx_word' id='word_1_510' title='bbox 786 5341 1017 5398; x_wconf 71' lang='lat' dir='ltr'><strong>dominre</strong></span> <span class='ocrx_word' id='word_1_511' title='bbox 1043 5341 1231 5396; x_wconf 81' lang='lat' dir='ltr'><strong>alienae</strong></span> <span class='ocrx_word' id='word_1_512' title='bbox 1258 5341 1433 5411; x_wconf 85' lang='lat' dir='ltr'><strong>gentis</strong></span> <span class='ocrx_word' id='word_1_513' title='bbox 1460 5337 1642 5394; x_wconf 89' lang='lat' dir='ltr'><strong>intulit</strong></span> <span class='ocrx_word' id='word_1_514' title='bbox 1668 5351 1766 5392; x_wconf 87' lang='lat' dir='ltr'><strong>ne-</strong></span> 
     </span>
    </p>
   </div>
   <div class='ocr_carea' id='block_1_75' title="bbox 188 5430 1764 5507">
    <p class='ocr_par' dir='ltr' id='par_1_75' title="bbox 188 5430 1764 5507">
     <span class='ocr_line' id='line_1_76' title="bbox 188 5430 1764 5507; baseline -0.004 -17"><span class='ocrx_word' id='word_1_515' title='bbox 188 5449 313 5504; x_wconf 89' lang='lat' dir='ltr'><strong>cem,</strong></span> <span class='ocrx_word' id='word_1_516' title='bbox 343 5437 564 5494; x_wconf 90' lang='lat' dir='ltr'><strong>omnino</strong></span> <span class='ocrx_word' id='word_1_517' title='bbox 592 5436 708 5505; x_wconf 87' lang='lat' dir='ltr'><strong>ejus</strong></span> <span class='ocrx_word' id='word_1_518' title='bbox 734 5441 1018 5507; x_wconf 86' lang='lat' dir='ltr'><strong>parentum</strong></span> <span class='ocrx_word' id='word_1_519' title='bbox 1043 5434 1190 5489; x_wconf 90' lang='lat' dir='ltr'><strong>visus</strong></span> <span class='ocrx_word' id='word_1_520' title='bbox 1213 5440 1296 5490; x_wconf 92' lang='lat' dir='ltr'><strong>est</strong></span> <span class='ocrx_word' id='word_1_521' title='bbox 1322 5431 1630 5502; x_wconf 79' lang='lat' dir='ltr'><strong>despexisse</strong></span> <span class='ocrx_word' id='word_1_522' title='bbox 1658 5430 1764 5486; x_wconf 86' lang='lat' dir='ltr'><strong>vir-</strong></span> 
     </span>
    </p>
   </div>
   <div class='ocr_carea' id='block_1_76' title="bbox 188 5521 1760 5603">
    <p class='ocr_par' dir='ltr' id='par_1_76' title="bbox 188 5521 1760 5603">
     <span class='ocr_line' id='line_1_77' title="bbox 188 5521 1760 5603; baseline -0.004 -20"><span class='ocrx_word' id='word_1_523' title='bbox 188 5535 369 5601; x_wconf 88' lang='lat' dir='ltr'><strong>tutem,</strong></span> <span class='ocrx_word' id='word_1_524' title='bbox 397 5530 614 5603; x_wconf 91' lang='lat' dir='ltr'><strong>quando</strong></span> <span class='ocrx_word' id='word_1_525' title='bbox 641 5545 802 5587; x_wconf 87' lang='lat' dir='ltr'><strong>nemo</strong></span> <span class='ocrx_word' id='word_1_526' title='bbox 834 5527 979 5600; x_wconf 90' lang='lat' dir='ltr'><strong>quod</strong></span> <span class='ocrx_word' id='word_1_527' title='bbox 1019 5525 1367 5584; x_wconf 90' lang='lat' dir='ltr'><strong>resecandum</strong></span> <span class='ocrx_word' id='word_1_528' title='bbox 1397 5523 1514 5596; x_wconf 68' lang='lat' dir='ltr'><strong>[Gn</strong></span> <span class='ocrx_word' id='word_1_529' title='bbox 1545 5532 1594 5579; x_wconf 88' lang='lat' dir='ltr'><strong>et</strong></span> <span class='ocrx_word' id='word_1_530' title='bbox 1618 5521 1760 5594; x_wconf 83' lang='lat' dir='ltr'><strong>Cuj.,</strong></span> 
     </span>
    </p>
   </div>
   <div class='ocr_carea' id='block_1_77' title="bbox 187 5616 1762 5691">
    <p class='ocr_par' dir='ltr' id='par_1_77' title="bbox 187 5616 1762 5691">
     <span class='ocr_line' id='line_1_78' title="bbox 187 5616 1762 5691; baseline -0.003 -17"><span class='ocrx_word' id='word_1_531' title='bbox 187 5619 573 5690; x_wconf 86' lang='lat' dir='ltr'><strong>ulciscendum;</strong></span> <span class='ocrx_word' id='word_1_532' title='bbox 602 5619 795 5690; x_wconf 62' lang='lat' dir='ltr'><strong>Form,</strong></span> <span class='ocrx_word' id='word_1_533' title='bbox 837 5616 1216 5691; x_wconf 90' lang='lat' dir='ltr'><strong>recusandum]</strong></span> <span class='ocrx_word' id='word_1_534' title='bbox 1244 5619 1433 5682; x_wconf 76' lang='lat' dir='ltr'><strong>credit,</strong></span> <span class='ocrx_word' id='word_1_535' title='bbox 1462 5623 1616 5688; x_wconf 88' lang='lat' dir='ltr'><strong>putat</strong></span> <span class='ocrx_word' id='word_1_536' title='bbox 1645 5629 1762 5671; x_wconf 88' lang='lat' dir='ltr'><strong>esse</strong></span> 
     </span>
    </p>
   </div>
   <div class='ocr_carea' id='block_1_78' title="bbox 190 5708 1762 5780">
    <p class='ocr_par' dir='ltr' id='par_1_78' title="bbox 190 5708 1762 5780">
     <span class='ocr_line' id='line_1_79' title="bbox 190 5708 1762 5780; baseline -0.001 -16"><span class='ocrx_word' id='word_1_537' title='bbox 190 5716 509 5780; x_wconf 82' lang='lat' dir='ltr'><strong>tentandum.</strong></span> <span class='ocrx_word' id='word_1_538' title='bbox 546 5714 615 5771; x_wconf 87' lang='lat' dir='ltr'><strong>Et</strong></span> <span class='ocrx_word' id='word_1_539' title='bbox 641 5710 835 5771; x_wconf 87' lang='lat' dir='ltr'><strong>morali</strong></span> <span class='ocrx_word' id='word_1_540' title='bbox 877 5713 996 5768; x_wconf 83' lang='lat' dir='ltr'><strong>ideo</strong></span> <span class='ocrx_word' id='word_1_541' title='bbox 1044 5713 1252 5767; x_wconf 90' lang='lat' dir='ltr'><strong>ratione</strong></span> <span class='ocrx_word' id='word_1_542' title='bbox 1298 5708 1632 5774; x_wconf 87' lang='lat' dir='ltr'><strong>commoniti,</strong></span> <span class='ocrx_word' id='word_1_543' title='bbox 1664 5723 1762 5778; x_wconf 88' lang='lat' dir='ltr'><strong>per</strong></span> 
     </span>
    </p>
   </div>
   <div class='ocr_carea' id='block_1_79' title="bbox 188 5800 1760 5882">
    <p class='ocr_par' dir='ltr' id='par_1_79' title="bbox 188 5800 1760 5882">
     <span class='ocr_line' id='line_1_80' title="bbox 188 5800 1760 5882; baseline -0.003 -21"><span class='ocrx_word' id='word_1_544' title='bbox 188 5800 329 5882; x_wconf 83' lang='lat' dir='ltr'><strong>illum</strong></span> <span class='ocrx_word' id='word_1_545' title='bbox 363 5818 416 5863; x_wconf 90' lang='lat' dir='ltr'><strong>et</strong></span> <span class='ocrx_word' id='word_1_546' title='bbox 455 5809 600 5866; x_wconf 91' lang='lat' dir='ltr'><strong>illum</strong></span> <span class='ocrx_word' id='word_1_547' title='bbox 632 5810 836 5878; x_wconf 81' lang='lat' dir='ltr'><strong>legatos</strong></span> <span class='ocrx_word' id='word_1_548' title='bbox 871 5815 1082 5862; x_wconf 86' lang='lat' dir='ltr'><strong>nostros</strong></span> <span class='ocrx_word' id='word_1_549' title='bbox 1121 5805 1298 5859; x_wconf 86' lang='lat' dir='ltr'><strong>verbis</strong></span> <span class='ocrx_word' id='word_1_550' title='bbox 1347 5804 1492 5874; x_wconf 89' lang='lat' dir='ltr'><strong>prius</strong></span> <span class='ocrx_word' id='word_1_551' title='bbox 1536 5819 1566 5856; x_wconf 88' lang='lat' dir='ltr'><strong>a</strong></span> <span class='ocrx_word' id='word_1_552' title='bbox 1607 5802 1760 5856; x_wconf 87' lang='lat' dir='ltr'><strong>vobis</strong></span> 
     </span>
    </p>
   </div>
   <div class='ocr_carea' id='block_1_80' title="bbox 185 5895 1759 5973">
    <p class='ocr_par' dir='ltr' id='par_1_80' title="bbox 185 5895 1759 5973">
     <span class='ocr_line' id='line_1_81' title="bbox 185 5895 1759 5973; baseline -0.001 -19"><span class='ocrx_word' id='word_1_553' title='bbox 185 5900 479 5968; x_wconf 76' lang='lat' dir='ltr'><strong>expetimus</strong></span> <span class='ocrx_word' id='word_1_554' title='bbox 503 5902 828 5973; x_wconf 76' lang='lat' dir='ltr'><strong>aequitatem,</strong></span> <span class='ocrx_word' id='word_1_555' title='bbox 858 5906 1231 5971; x_wconf 69' lang='lat' dir='ltr'><strong>eXSpcctantcs</strong></span> <span class='ocrx_word' id='word_1_556' title='bbox 1267 5896 1442 5966; x_wconf 87' lang='lat' dir='ltr'><strong>qualis</strong></span> <span class='ocrx_word' id='word_1_557' title='bbox 1485 5895 1759 5952; x_wconf 66' lang='lat' dir='ltr'><strong>excusatio</strong></span> 
     </span>
    </p>
   </div>
   <div class='ocr_carea' id='block_1_81' title="bbox 1788 4545 1844 4608">
    <p class='ocr_par' dir='ltr' id='par_1_81' title="bbox 1788 4545 1844 4608">
     <span class='ocr_line' id='line_1_82' title="bbox 1788 4545 1844 4608; baseline 0 0"><span class='ocrx_word' id='word_1_558' title='bbox 1788 4545 1844 4608; x_wconf 84' lang='grc' dir='ltr'><strong>Ι)</strong></span> 
     </span>
    </p>
   </div>
   <div class='ocr_carea' id='block_1_82' title="bbox 1870 3033 3478 3106">
    <p class='ocr_par' dir='ltr' id='par_1_82' title="bbox 1870 3033 3478 3106">
     <span class='ocr_line' id='line_1_83' title="bbox 1870 3033 3478 3106; baseline -0.003 -8"><span class='ocrx_word' id='word_1_559' title='bbox 1870 3043 2036 3099; x_wconf 85' lang='lat' dir='ltr'><strong>tantis</strong></span> <span class='ocrx_word' id='word_1_560' title='bbox 2064 3039 2279 3098; x_wconf 88' lang='lat' dir='ltr'><strong>casibus</strong></span> <span class='ocrx_word' id='word_1_561' title='bbox 2299 3037 2574 3096; x_wconf 69' lang='lat' dir='ltr'><strong>efferatur.</strong></span> <span class='ocrx_word' id='word_1_562' title='bbox 2608 3034 2744 3091; x_wconf 88' lang='lat' dir='ltr'><strong>Nam</strong></span> <span class='ocrx_word' id='word_1_563' title='bbox 2771 3035 2872 3092; x_wconf 87' lang='lat' dir='ltr'><strong>etsi</strong></span> <span class='ocrx_word' id='word_1_564' title='bbox 2897 3034 3176 3105; x_wconf 89' lang='lat' dir='ltr'><strong>quodlibet</strong></span> <span class='ocrx_word' id='word_1_565' title='bbox 3201 3033 3478 3106; x_wconf 80' lang='lat' dir='ltr'><strong>negotium</strong></span> 
     </span>
    </p>
   </div>
   <div class='ocr_carea' id='block_1_83' title="bbox 1797 3128 3474 3211">
    <p class='ocr_par' dir='ltr' id='par_1_83' title="bbox 1797 3128 3474 3211">
     <span class='ocr_line' id='line_1_84' title="bbox 1797 3128 3474 3211; baseline -0.004 -21"><span class='ocrx_word' id='word_1_566' title='bbox 1797 3147 1842 3211; x_wconf 69' lang='grc' dir='ltr'><strong><em>ε</em></strong></span> <span class='ocrx_word' id='word_1_567' title='bbox 1873 3135 1930 3190; x_wconf 90' lang='lat' dir='ltr'><strong>in</strong></span> <span class='ocrx_word' id='word_1_568' title='bbox 1961 3135 2052 3190; x_wconf 88' lang='lat' dir='ltr'><strong>tali</strong></span> <span class='ocrx_word' id='word_1_569' title='bbox 2079 3149 2308 3206; x_wconf 86' lang='lat' dir='ltr'><strong>persona</strong></span> <span class='ocrx_word' id='word_1_570' title='bbox 2339 3130 2530 3188; x_wconf 89' lang='lat' dir='ltr'><strong>fuisset</strong></span> <span class='ocrx_word' id='word_1_571' title='bbox 2555 3137 2796 3196; x_wconf 89' lang='lat' dir='ltr'><strong>enatum,</strong></span> <span class='ocrx_word' id='word_1_572' title='bbox 2829 3128 2986 3185; x_wconf 92' lang='lat' dir='ltr'><strong>nobis</strong></span> <span class='ocrx_word' id='word_1_573' title='bbox 3012 3128 3196 3186; x_wconf 84' lang='lat' dir='ltr'><strong>debuit</strong></span> <span class='ocrx_word' id='word_1_574' title='bbox 3218 3128 3474 3196; x_wconf 88' lang='lat' dir='ltr'><strong>intimari,</strong></span> 
     </span>
    </p>
   </div>
   <div class='ocr_carea' id='block_1_84' title="bbox 1878 3220 3480 3296">
    <p class='ocr_par' dir='ltr' id='par_1_84' title="bbox 1878 3220 3480 3296">
     <span class='ocr_line' id='line_1_85' title="bbox 1878 3220 3480 3296; baseline -0.002 -14"><span class='ocrx_word' id='word_1_575' title='bbox 1878 3241 1938 3282; x_wconf 80' lang='lat' dir='ltr'><strong>ut</strong></span> <span class='ocrx_word' id='word_1_576' title='bbox 1962 3235 2018 3283; x_wconf 92' lang='lat' dir='ltr'><strong>et</strong></span> <span class='ocrx_word' id='word_1_577' title='bbox 2045 3233 2232 3283; x_wconf 87' lang='lat' dir='ltr'><strong>nostro</strong></span> <span class='ocrx_word' id='word_1_578' title='bbox 2255 3224 2460 3296; x_wconf 81' lang='lat' dir='ltr'><strong>judicio</strong></span> <span class='ocrx_word' id='word_1_579' title='bbox 2489 3223 2714 3294; x_wconf 90' lang='lat' dir='ltr'><strong>periret,</strong></span> <span class='ocrx_word' id='word_1_580' title='bbox 2741 3231 2862 3292; x_wconf 83' lang='lat' dir='ltr'><strong>qnae</strong></span> <span class='ocrx_word' id='word_1_581' title='bbox 2889 3237 2948 3278; x_wconf 90' lang='lat' dir='ltr'><strong>se</strong></span> <span class='ocrx_word' id='word_1_582' title='bbox 2979 3220 3226 3292; x_wconf 88' lang='lat' dir='ltr'><strong>pessimis</strong></span> <span class='ocrx_word' id='word_1_583' title='bbox 3265 3220 3480 3278; x_wconf 77' lang='lat' dir='ltr'><strong>actibus</strong></span> 
     </span>
    </p>
   </div>
   <div class='ocr_carea' id='block_1_85' title="bbox 1875 3314 3474 3387">
    <p class='ocr_par' dir='ltr' id='par_1_85' title="bbox 1875 3314 3474 3387">
     <span class='ocr_line' id='line_1_86' title="bbox 1875 3314 3474 3387; baseline -0.002 -12"><span class='ocrx_word' id='word_1_584' title='bbox 1875 3321 2199 3378; x_wconf 88' lang='lat' dir='ltr'><strong>miscuisset.</strong></span> <span class='ocrx_word' id='word_1_585' title='bbox 2233 3319 2420 3376; x_wconf 79' lang='lat' dir='ltr'><strong>Restat</strong></span> <span class='ocrx_word' id='word_1_586' title='bbox 2443 3325 2503 3374; x_wconf 92' lang='lat' dir='ltr'><strong>ut</strong></span> <span class='ocrx_word' id='word_1_587' title='bbox 2527 3316 2788 3372; x_wconf 89' lang='lat' dir='ltr'><strong>naturalis</strong></span> <span class='ocrx_word' id='word_1_588' title='bbox 2817 3315 2935 3387; x_wconf 86' lang='lat' dir='ltr'><strong>ejus</strong></span> <span class='ocrx_word' id='word_1_589' title='bbox 2971 3314 3201 3387; x_wconf 84' lang='lat' dir='ltr'><strong>fingatur</strong></span> <span class='ocrx_word' id='word_1_590' title='bbox 3228 3330 3474 3374; x_wconf 90' lang='lat' dir='ltr'><strong>occasus.</strong></span> 
     </span>
    </p>
   </div>
   <div class='ocr_carea' id='block_1_86' title="bbox 1811 3407 3474 3485">
    <p class='ocr_par' dir='ltr' id='par_1_86' title="bbox 1811 3407 3474 3485">
     <span class='ocr_line' id='line_1_87' title="bbox 1811 3407 3474 3485; baseline -0.004 -15"><span class='ocrx_word' id='word_1_591' title='bbox 1811 3427 1814 3436; x_wconf 89' lang='lat'><em>&#39;</em></span> <span class='ocrx_word' id='word_1_592' title='bbox 1873 3414 2229 3485; x_wconf 85' lang='lat' dir='ltr'><strong>lmpossibilia</strong></span> <span class='ocrx_word' id='word_1_593' title='bbox 2259 3429 2367 3469; x_wconf 90' lang='lat' dir='ltr'><strong>non</strong></span> <span class='ocrx_word' id='word_1_594' title='bbox 2397 3411 2644 3480; x_wconf 90' lang='lat' dir='ltr'><strong>dicimus,</strong></span> <span class='ocrx_word' id='word_1_595' title='bbox 2671 3423 2812 3466; x_wconf 90' lang='lat' dir='ltr'><strong>nova</strong></span> <span class='ocrx_word' id='word_1_596' title='bbox 2837 3427 2946 3466; x_wconf 90' lang='lat' dir='ltr'><strong>non</strong></span> <span class='ocrx_word' id='word_1_597' title='bbox 2965 3408 3258 3484; x_wconf 63' lang='lat' dir='ltr'><strong>qurerimus</strong></span> <span class='ocrx_word' id='word_1_598' title='bbox 3282 3425 3297 3463; x_wconf 91' lang='lat'><strong>:</strong></span> <span class='ocrx_word' id='word_1_599' title='bbox 3323 3407 3474 3464; x_wconf 91' lang='lat' dir='ltr'><strong>illutn</strong></span> 
     </span>
    </p>
   </div>
   <div class='ocr_carea' id='block_1_87' title="bbox 1873 3499 3477 3578">
    <p class='ocr_par' dir='ltr' id='par_1_87' title="bbox 1873 3499 3477 3578">
     <span class='ocr_line' id='line_1_88' title="bbox 1873 3499 3477 3578; baseline -0.004 -15"><span class='ocrx_word' id='word_1_600' title='bbox 1873 3516 2038 3578; x_wconf 88' lang='lat' dir='ltr'><strong>atque</strong></span> <span class='ocrx_word' id='word_1_601' title='bbox 2065 3506 2219 3562; x_wconf 89' lang='lat' dir='ltr'><strong>illum</strong></span> <span class='ocrx_word' id='word_1_602' title='bbox 2261 3503 2476 3571; x_wconf 91' lang='lat' dir='ltr'><strong>tradite,</strong></span> <span class='ocrx_word' id='word_1_603' title='bbox 2509 3518 2608 3575; x_wconf 89' lang='lat' dir='ltr'><strong>per</strong></span> <span class='ocrx_word' id='word_1_604' title='bbox 2644 3517 2783 3572; x_wconf 89' lang='lat' dir='ltr'><strong>quos</strong></span> <span class='ocrx_word' id='word_1_605' title='bbox 2827 3501 2971 3558; x_wconf 88' lang='lat' dir='ltr'><strong>facta</strong></span> <span class='ocrx_word' id='word_1_606' title='bbox 3013 3515 3102 3558; x_wconf 91' lang='lat' dir='ltr'><strong>res</strong></span> <span class='ocrx_word' id='word_1_607' title='bbox 3137 3500 3334 3558; x_wconf 90' lang='lat' dir='ltr'><strong>debeat</strong></span> <span class='ocrx_word' id='word_1_608' title='bbox 3361 3499 3477 3556; x_wconf 83' lang='lat' dir='ltr'><strong>elu-</strong></span> 
     </span>
    </p>
   </div>
   <div class='ocr_carea' id='block_1_88' title="bbox 1872 3592 3476 3665">
    <p class='ocr_par' dir='ltr' id='par_1_88' title="bbox 1872 3592 3476 3665">
     <span class='ocr_line' id='line_1_89' title="bbox 1872 3592 3476 3665; baseline -0.003 -10"><span class='ocrx_word' id='word_1_609' title='bbox 1872 3614 2016 3656; x_wconf 86' lang='lat' dir='ltr'><strong>cere.</strong></span> <span class='ocrx_word' id='word_1_610' title='bbox 2050 3597 2133 3654; x_wconf 90' lang='lat' dir='ltr'><strong>Sit</strong></span> <span class='ocrx_word' id='word_1_611' title='bbox 2162 3598 2216 3652; x_wconf 91' lang='lat' dir='ltr'><strong>in</strong></span> <span class='ocrx_word' id='word_1_612' title='bbox 2247 3597 2324 3652; x_wconf 91' lang='lat' dir='ltr'><strong>eis</strong></span> <span class='ocrx_word' id='word_1_613' title='bbox 2358 3595 2525 3652; x_wconf 90' lang='lat' dir='ltr'><strong>totius</strong></span> <span class='ocrx_word' id='word_1_614' title='bbox 2564 3609 2740 3650; x_wconf 73' lang='lat' dir='ltr'><strong>causa:</strong></span> <span class='ocrx_word' id='word_1_615' title='bbox 2767 3593 3016 3650; x_wconf 88' lang='lat' dir='ltr'><strong>absoluta</strong></span> <span class='ocrx_word' id='word_1_616' title='bbox 3044 3592 3319 3665; x_wconf 84' lang='lat' dir='ltr'><strong>probatio,</strong></span> <span class='ocrx_word' id='word_1_617' title='bbox 3358 3593 3476 3650; x_wconf 87' lang='lat' dir='ltr'><strong>sine</strong></span> 
     </span>
    </p>
   </div>
   <div class='ocr_carea' id='block_1_89' title="bbox 1870 3686 3476 3770">
    <p class='ocr_par' dir='ltr' id='par_1_89' title="bbox 1870 3686 3476 3770">
     <span class='ocr_line' id='line_1_90' title="bbox 1870 3686 3476 3770; baseline -0.004 -21"><span class='ocrx_word' id='word_1_618' title='bbox 1870 3693 2038 3759; x_wconf 91' lang='lat' dir='ltr'><strong>bello,</strong></span> <span class='ocrx_word' id='word_1_619' title='bbox 2067 3692 2192 3770; x_wconf 41' lang='lat' dir='ltr'><strong>sine.</strong></span> <span class='ocrx_word' id='word_1_620' title='bbox 2233 3690 2398 3756; x_wconf 64' lang='lat' dir='ltr'><strong>crede,</strong></span> <span class='ocrx_word' id='word_1_621' title='bbox 2441 3696 2534 3746; x_wconf 86' lang='lat' dir='ltr'><strong>aut</strong></span> <span class='ocrx_word' id='word_1_622' title='bbox 2579 3704 2681 3745; x_wconf 87' lang='lat' dir='ltr'><strong>nos</strong></span> <span class='ocrx_word' id='word_1_623' title='bbox 2717 3687 2918 3744; x_wconf 85' lang='lat' dir='ltr'><strong>efficiat</strong></span> <span class='ocrx_word' id='word_1_624' title='bbox 2965 3686 3229 3759; x_wconf 77' lang='lat' dir='ltr'><strong>placatos,</strong></span> <span class='ocrx_word' id='word_1_625' title='bbox 3259 3693 3356 3743; x_wconf 86' lang='lat' dir='ltr'><strong>aut</strong></span> <span class='ocrx_word' id='word_1_626' title='bbox 3377 3699 3476 3743; x_wconf 72' lang='lat' dir='ltr'><strong>vos</strong></span> 
     </span>
    </p>
   </div>
   <div class='ocr_carea' id='block_1_90' title="bbox 1870 3778 3475 3850">
    <p class='ocr_par' dir='ltr' id='par_1_90' title="bbox 1870 3778 3475 3850">
     <span class='ocr_line' id='line_1_91' title="bbox 1870 3778 3475 3850; baseline -0.007 -8"><span class='ocrx_word' id='word_1_627' title='bbox 1870 3785 2068 3844; x_wconf 90' lang='lat' dir='ltr'><strong>reddat</strong></span> <span class='ocrx_word' id='word_1_628' title='bbox 2105 3784 2390 3841; x_wconf 76' lang='lat' dir='ltr'><strong>obnoxios.</strong></span> <span class='ocrx_word' id='word_1_629' title='bbox 2437 3781 2592 3850; x_wconf 85' lang='lat' dir='ltr'><strong>Quod</strong></span> <span class='ocrx_word' id='word_1_630' title='bbox 2619 3782 2663 3848; x_wconf 85' lang='lat' dir='ltr'><strong>si</strong></span> <span class='ocrx_word' id='word_1_631' title='bbox 2689 3781 2909 3837; x_wconf 88' lang='lat' dir='ltr'><strong>creditis</strong></span> <span class='ocrx_word' id='word_1_632' title='bbox 2952 3795 3072 3836; x_wconf 90' lang='lat' dir='ltr'><strong>esse</strong></span> <span class='ocrx_word' id='word_1_633' title='bbox 3099 3778 3475 3846; x_wconf 86' lang='lat' dir='ltr'><strong>temnendum,</strong></span> 
     </span>
    </p>
   </div>
   <div class='ocr_carea' id='block_1_91' title="bbox 1871 3867 3472 3944">
    <p class='ocr_par' dir='ltr' id='par_1_91' title="bbox 1871 3867 3472 3944">
     <span class='ocr_line' id='line_1_92' title="bbox 1871 3867 3472 3944; baseline -0.008 -12"><span class='ocrx_word' id='word_1_634' title='bbox 1871 3892 1975 3932; x_wconf 91' lang='lat' dir='ltr'><strong>nec</strong></span> <span class='ocrx_word' id='word_1_635' title='bbox 2000 3888 2100 3932; x_wconf 89' lang='lat' dir='ltr'><strong>vos</strong></span> <span class='ocrx_word' id='word_1_636' title='bbox 2135 3875 2204 3930; x_wconf 91' lang='lat' dir='ltr'><strong>ad</strong></span> <span class='ocrx_word' id='word_1_637' title='bbox 2229 3873 2572 3930; x_wconf 88' lang='lat' dir='ltr'><strong>rationabilia</strong></span> <span class='ocrx_word' id='word_1_638' title='bbox 2607 3887 2870 3944; x_wconf 84' lang='lat' dir='ltr'><strong>responsa</strong></span> <span class='ocrx_word' id='word_1_639' title='bbox 2908 3869 3255 3940; x_wconf 89' lang='lat' dir='ltr'><strong>componitis,</strong></span> <span class='ocrx_word' id='word_1_640' title='bbox 3283 3867 3472 3924; x_wconf 88' lang='lat' dir='ltr'><strong>condi-</strong></span> 
     </span>
    </p>
   </div>
   <div class='ocr_carea' id='block_1_92' title="bbox 1871 3959 3472 4040">
    <p class='ocr_par' dir='ltr' id='par_1_92' title="bbox 1871 3959 3472 4040">
     <span class='ocr_line' id='line_1_93' title="bbox 1871 3959 3472 4040; baseline -0.006 -14"><span class='ocrx_word' id='word_1_641' title='bbox 1871 3972 2021 4027; x_wconf 89' lang='lat' dir='ltr'><strong>tione</strong></span> <span class='ocrx_word' id='word_1_642' title='bbox 2042 3971 2186 4026; x_wconf 67' lang='lat' dir='ltr'><strong>iniue</strong></span> <span class='ocrx_word' id='word_1_643' title='bbox 2205 3969 2355 4040; x_wconf 92' lang='lat' dir='ltr'><strong>pacis</strong></span> <span class='ocrx_word' id='word_1_644' title='bbox 2381 3967 2728 4032; x_wconf 89' lang='lat' dir='ltr'><strong>absolvimur,</strong></span> <span class='ocrx_word' id='word_1_645' title='bbox 2753 3965 2844 4036; x_wconf 90' lang='lat' dir='ltr'><strong>qui</strong></span> <span class='ocrx_word' id='word_1_646' title='bbox 2873 3963 2982 4020; x_wconf 60' lang='lat' dir='ltr'><strong>lassi</strong></span> <span class='ocrx_word' id='word_1_647' title='bbox 3013 3961 3228 4019; x_wconf 86' lang='lat' dir='ltr'><strong>foederis</strong></span> <span class='ocrx_word' id='word_1_648' title='bbox 3252 3959 3472 4016; x_wconf 81' lang='lat' dir='ltr'><strong>vinculo</strong></span> 
     </span>
    </p>
   </div>
   <div class='ocr_carea' id='block_1_93' title="bbox 1871 4051 3472 4128">
    <p class='ocr_par' dir='ltr' id='par_1_93' title="bbox 1871 4051 3472 4128">
     <span class='ocr_line' id='line_1_94' title="bbox 1871 4051 3472 4128; baseline -0.008 -8"><span class='ocrx_word' id='word_1_649' title='bbox 1871 4081 1980 4120; x_wconf 92' lang='lat' dir='ltr'><strong>non</strong></span> <span class='ocrx_word' id='word_1_650' title='bbox 2007 4073 2272 4119; x_wconf 88' lang='lat' dir='ltr'><strong>tenemur.</strong></span> <span class='ocrx_word' id='word_1_651' title='bbox 2302 4060 2552 4116; x_wconf 85' lang='lat' dir='ltr'><strong>Vindicet</strong></span> <span class='ocrx_word' id='word_1_652' title='bbox 2579 4074 2722 4115; x_wconf 90' lang='lat' dir='ltr'><strong>nunc</strong></span> <span class='ocrx_word' id='word_1_653' title='bbox 2748 4071 2981 4128; x_wconf 88' lang='lat' dir='ltr'><strong>superna</strong></span> <span class='ocrx_word' id='word_1_654' title='bbox 3010 4053 3267 4123; x_wconf 89' lang='lat' dir='ltr'><strong>majestas</strong></span> <span class='ocrx_word' id='word_1_655' title='bbox 3293 4051 3472 4109; x_wconf 87' lang='lat' dir='ltr'><strong>scelus</strong></span> 
     </span>
    </p>
   </div>
   <div class='ocr_carea' id='block_1_94' title="bbox 1871 4141 3472 4226">
    <p class='ocr_par' dir='ltr' id='par_1_94' title="bbox 1871 4141 3472 4226">
     <span class='ocr_line' id='line_1_95' title="bbox 1871 4141 3472 4226; baseline -0.008 -15"><span class='ocrx_word' id='word_1_656' title='bbox 1871 4156 2112 4226; x_wconf 91' lang='lat' dir='ltr'><strong>qualibet</strong></span> <span class='ocrx_word' id='word_1_657' title='bbox 2153 4161 2270 4207; x_wconf 91' lang='lat' dir='ltr'><strong>arte</strong></span> <span class='ocrx_word' id='word_1_658' title='bbox 2305 4151 2675 4217; x_wconf 89' lang='lat' dir='ltr'><strong>commissum,</strong></span> <span class='ocrx_word' id='word_1_659' title='bbox 2704 4163 2826 4218; x_wconf 68' lang='lat' dir='ltr'><strong>quae</strong></span> <span class='ocrx_word' id='word_1_660' title='bbox 2861 4145 2929 4202; x_wconf 91' lang='lat' dir='ltr'><strong>ad</strong></span> <span class='ocrx_word' id='word_1_661' title='bbox 2964 4160 3023 4201; x_wconf 87' lang='lat' dir='ltr'><strong>se</strong></span> <span class='ocrx_word' id='word_1_662' title='bbox 3047 4143 3283 4201; x_wconf 88' lang='lat' dir='ltr'><strong>clamare</strong></span> <span class='ocrx_word' id='word_1_663' title='bbox 3306 4141 3472 4217; x_wconf 56' lang='lat' dir='ltr'><strong>proli.</strong></span> 
     </span>
    </p>
   </div>
   <div class='ocr_carea' id='block_1_95' title="bbox 1869 4235 3055 4312">
    <p class='ocr_par' dir='ltr' id='par_1_95' title="bbox 1869 4235 3055 4312">
     <span class='ocr_line' id='line_1_96' title="bbox 1869 4235 3055 4312; baseline -0.007 -11"><span class='ocrx_word' id='word_1_664' title='bbox 1869 4253 2013 4302; x_wconf 91' lang='lat' dir='ltr'><strong>tetur</strong></span> <span class='ocrx_word' id='word_1_665' title='bbox 2043 4243 2264 4300; x_wconf 86' lang='lat' dir='ltr'><strong>fraterni</strong></span> <span class='ocrx_word' id='word_1_666' title='bbox 2286 4241 2562 4312; x_wconf 79' lang='lat' dir='ltr'><strong>sanguinis</strong></span> <span class='ocrx_word' id='word_1_667' title='bbox 2582 4239 2784 4297; x_wconf 61' lang='lat' dir='ltr'><strong>caadem</strong></span> <span class='ocrx_word' id='word_1_668' title='bbox 2815 4235 3055 4308; x_wconf 84' lang='lat' dir='ltr'><strong>impiam.</strong></span> 
     </span>
    </p>
   </div>
   <div class='ocr_carea' id='block_1_96' title="bbox 2641 4381 2708 4438">
    <p class='ocr_par' dir='ltr' id='par_1_96' title="bbox 2641 4381 2708 4438">
     <span class='ocr_line' id='line_1_97' title="bbox 2641 4381 2708 4438; baseline 0 0"><span class='ocrx_word' id='word_1_669' title='bbox 2641 4381 2708 4438; x_wconf 87' lang='lat' dir='ltr'><strong>ll.</strong></span> 
     </span>
    </p>
   </div>
   <div class='ocr_carea' id='block_1_97' title="bbox 2271 4509 3059 4556">
    <p class='ocr_par' dir='ltr' id='par_1_97' title="bbox 2271 4509 3059 4556">
     <span class='ocr_line' id='line_1_98' title="bbox 2271 4509 3059 4556; baseline -0.005 -1"><span class='ocrx_word' id='word_1_670' title='bbox 2271 4513 2506 4556; x_wconf 76' lang='lat' dir='ltr'><strong>EDICTUI</strong></span> <span class='ocrx_word' id='word_1_671' title='bbox 2536 4510 2858 4554; x_wconf 74' lang='grc' dir='ltr'><strong>ΑτιιΑιΑιιιοι</strong></span> <span class='ocrx_word' id='word_1_672' title='bbox 2885 4509 3059 4554; x_wconf 69' lang='lat' dir='ltr'><strong>REGIS.</strong></span> 
     </span>
    </p>
   </div>
   <div class='ocr_carea' id='block_1_98' title="bbox 1872 4606 3464 4687">
    <p class='ocr_par' dir='ltr' id='par_1_98' title="bbox 1872 4606 3464 4687">
     <span class='ocr_line' id='line_1_99' title="bbox 1872 4606 3464 4687; baseline -0.007 -13"><span class='ocrx_word' id='word_1_673' title='bbox 1872 4615 2108 4687; x_wconf 82' lang='lat' dir='ltr'><strong>Protegit</strong></span> <span class='ocrx_word' id='word_1_674' title='bbox 2129 4611 2446 4687; x_wconf 74' lang='lat' dir='ltr'><strong>curiales__ab</strong></span> <span class='ocrx_word' id='word_1_675' title='bbox 2476 4611 2617 4668; x_wconf 87' lang='lat' dir='ltr'><strong>omni</strong></span> <span class='ocrx_word' id='word_1_676' title='bbox 2655 4610 2874 4687; x_wconf 71' lang='lat' dir='ltr'><strong>injuria,</strong></span> <span class='ocrx_word' id='word_1_677' title='bbox 2893 4608 3101 4687; x_wconf 70' lang='lat' dir='ltr'><strong>indicta</strong></span> <span class='ocrx_word' id='word_1_678' title='bbox 3121 4606 3464 4674; x_wconf 63' lang='lat' dir='ltr'><strong>amatoribus,</strong></span> 
     </span>
    </p>
   </div>
   <div class='ocr_carea' id='block_1_99' title="bbox 1943 4680 3467 4751">
    <p class='ocr_par' dir='ltr' id='par_1_99' title="bbox 1943 4680 3467 4751">
     <span class='ocr_line' id='line_1_100' title="bbox 1943 4680 3467 4751; baseline -0.006 -8"><span class='ocrx_word' id='word_1_679' title='bbox 1943 4680 2056 4743; x_wconf 58' lang='lat' dir='ltr'><strong>ant&#39;</strong></span> <span class='ocrx_word' id='word_1_680' title='bbox 2087 4687 2260 4742; x_wconf 83' lang='lat' dir='ltr'><strong>decem</strong></span> <span class='ocrx_word' id='word_1_681' title='bbox 2315 4684 2567 4740; x_wconf 79' lang='lat' dir='ltr'><strong>librarum</strong></span> <span class='ocrx_word' id='word_1_682' title='bbox 2621 4680 2738 4737; x_wconf 80' lang='lat' dir='ltr'><strong>auri</strong></span> <span class='ocrx_word' id='word_1_683' title='bbox 2797 4680 2992 4749; x_wconf 78' lang='lat' dir='ltr'><strong>multa,</strong></span> <span class='ocrx_word' id='word_1_684' title='bbox 3063 4687 3154 4734; x_wconf 83' lang='lat' dir='ltr'><strong>aut</strong></span> <span class='ocrx_word' id='word_1_685' title='bbox 3218 4695 3467 4751; x_wconf 81' lang='lat' dir='ltr'><strong>corporea</strong></span> 
     </span>
    </p>
   </div>
   <div class='ocr_carea' id='block_1_100' title="bbox 1941 4775 2112 4831">
    <p class='ocr_par' dir='ltr' id='par_1_100' title="bbox 1941 4775 2112 4831">
     <span class='ocr_line' id='line_1_101' title="bbox 1941 4775 2112 4831; baseline -0.012 -17"><span class='ocrx_word' id='word_1_686' title='bbox 1941 4775 2112 4831; x_wconf 77' lang='lat' dir='ltr'><strong>pwna.</strong></span> 
     </span>
    </p>
   </div>
   <div class='ocr_carea' id='block_1_101' title="bbox 1941 4859 3463 4945">
    <p class='ocr_par' dir='ltr' id='par_1_101' title="bbox 1941 4859 3463 4945">
     <span class='ocr_line' id='line_1_102' title="bbox 1941 4859 3463 4945; baseline -0.009 -16"><span class='ocrx_word' id='word_1_687' title='bbox 1941 4873 2044 4942; x_wconf 88' lang='lat' dir='ltr'><strong>Qui</strong></span> <span class='ocrx_word' id='word_1_688' title='bbox 2073 4872 2384 4945; x_wconf 61' lang='lat' dir='ltr'><strong>reipublicae</strong></span> <span class='ocrx_word' id='word_1_689' title='bbox 2424 4875 2625 4926; x_wconf 88' lang='lat' dir='ltr'><strong>statum</strong></span> <span class='ocrx_word' id='word_1_690' title='bbox 2660 4872 2718 4924; x_wconf 91' lang='lat' dir='ltr'><strong>et</strong></span> <span class='ocrx_word' id='word_1_691' title='bbox 2754 4864 3008 4936; x_wconf 75' lang='lat' dir='ltr'><strong>generale</strong></span> <span class='ocrx_word' id='word_1_692' title='bbox 3034 4863 3184 4935; x_wconf 91' lang='lat' dir='ltr'><strong>cupit</strong></span> <span class='ocrx_word' id='word_1_693' title='bbox 3211 4869 3356 4919; x_wconf 87' lang='lat' dir='ltr'><strong>stare</strong></span> <span class='ocrx_word' id='word_1_694' title='bbox 3380 4859 3463 4916; x_wconf 85' lang='lat' dir='ltr'><strong>fa-</strong></span> 
     </span>
    </p>
   </div>
   <div class='ocr_carea' id='block_1_102' title="bbox 1869 4954 3462 5035">
    <p class='ocr_par' dir='ltr' id='par_1_102' title="bbox 1869 4954 3462 5035">
     <span class='ocr_line' id='line_1_103' title="bbox 1869 4954 3462 5035; baseline -0.008 -13"><span class='ocrx_word' id='word_1_695' title='bbox 1869 4965 2106 5035; x_wconf 88' lang='lat' dir='ltr'><strong>stigium,</strong></span> <span class='ocrx_word' id='word_1_696' title='bbox 2139 4965 2206 5020; x_wconf 91' lang='lat' dir='ltr'><strong>ad</strong></span> <span class='ocrx_word' id='word_1_697' title='bbox 2234 4963 2484 5020; x_wconf 86' lang='lat' dir='ltr'><strong>universa</strong></span> <span class='ocrx_word' id='word_1_698' title='bbox 2509 4960 2672 5017; x_wconf 89' lang='lat' dir='ltr'><strong>debet</strong></span> <span class='ocrx_word' id='word_1_699' title='bbox 2711 4972 2832 5015; x_wconf 88' lang='lat' dir='ltr'><strong>esse</strong></span> <span class='ocrx_word' id='word_1_700' title='bbox 2862 4956 3125 5013; x_wconf 89' lang='lat' dir='ltr'><strong>sollicitus</strong></span> <span class='ocrx_word' id='word_1_701' title='bbox 3152 4972 3166 5008; x_wconf 89' lang='lat'><strong>:</strong></span> <span class='ocrx_word' id='word_1_702' title='bbox 3197 4954 3324 5024; x_wconf 88' lang='lat' dir='ltr'><strong>quia</strong></span> <span class='ocrx_word' id='word_1_703' title='bbox 3352 4968 3462 5010; x_wconf 90' lang='lat' dir='ltr'><strong>non</strong></span> 
     </span>
    </p>
   </div>
   <div class='ocr_carea' id='block_1_103' title="bbox 1871 5045 3466 5125">
    <p class='ocr_par' dir='ltr' id='par_1_103' title="bbox 1871 5045 3466 5125">
     <span class='ocr_line' id='line_1_104' title="bbox 1871 5045 3466 5125; baseline -0.01 -10"><span class='ocrx_word' id='word_1_704' title='bbox 1871 5068 1955 5115; x_wconf 88' lang='lat' dir='ltr'><strong>est</strong></span> <span class='ocrx_word' id='word_1_705' title='bbox 1981 5057 2128 5112; x_wconf 89' lang='lat' dir='ltr'><strong>salus</strong></span> <span class='ocrx_word' id='word_1_706' title='bbox 2154 5057 2208 5111; x_wconf 91' lang='lat' dir='ltr'><strong>in</strong></span> <span class='ocrx_word' id='word_1_707' title='bbox 2236 5068 2483 5125; x_wconf 89' lang='lat' dir='ltr'><strong>corpore,</strong></span> <span class='ocrx_word' id='word_1_708' title='bbox 2514 5051 2618 5107; x_wconf 89' lang='lat' dir='ltr'><strong>nisi</strong></span> <span class='ocrx_word' id='word_1_709' title='bbox 2648 5065 2811 5124; x_wconf 89' lang='lat' dir='ltr'><strong>quam</strong></span> <span class='ocrx_word' id='word_1_710' title='bbox 2839 5055 2895 5105; x_wconf 88' lang='lat' dir='ltr'><strong>et</strong></span> <span class='ocrx_word' id='word_1_711' title='bbox 2921 5046 3164 5104; x_wconf 89' lang='lat' dir='ltr'><strong>membra</strong></span> <span class='ocrx_word' id='word_1_712' title='bbox 3187 5045 3466 5117; x_wconf 88' lang='lat' dir='ltr'><strong>potuerint</strong></span> 
     </span>
    </p>
   </div>
   <div class='ocr_carea' id='block_1_104' title="bbox 1870 5136 3459 5217">
    <p class='ocr_par' dir='ltr' id='par_1_104' title="bbox 1870 5136 3459 5217">
     <span class='ocr_line' id='line_1_105' title="bbox 1870 5136 3459 5217; baseline -0.009 -11"><span class='ocrx_word' id='word_1_713' title='bbox 1870 5149 2134 5206; x_wconf 90' lang='lat' dir='ltr'><strong>obtinere.</strong></span> <span class='ocrx_word' id='word_1_714' title='bbox 2161 5145 2356 5217; x_wconf 90' lang='lat' dir='ltr'><strong>lnjuria</strong></span> <span class='ocrx_word' id='word_1_715' title='bbox 2385 5145 2541 5200; x_wconf 89' lang='lat' dir='ltr'><strong>unius</strong></span> <span class='ocrx_word' id='word_1_716' title='bbox 2571 5141 2677 5200; x_wconf 90' lang='lat' dir='ltr'><strong>loci</strong></span> <span class='ocrx_word' id='word_1_717' title='bbox 2703 5153 2966 5212; x_wconf 81' lang='lat' dir='ltr'><strong>compago</strong></span> <span class='ocrx_word' id='word_1_718' title='bbox 2988 5144 3101 5194; x_wconf 89' lang='lat' dir='ltr'><strong>tota</strong></span> <span class='ocrx_word' id='word_1_719' title='bbox 3126 5136 3459 5204; x_wconf 90' lang='lat' dir='ltr'><strong>concutitur;</strong></span> 
     </span>
    </p>
   </div>
   <div class='ocr_carea' id='block_1_105' title="bbox 1870 5229 3460 5304">
    <p class='ocr_par' dir='ltr' id='par_1_105' title="bbox 1870 5229 3460 5304">
     <span class='ocr_line' id='line_1_106' title="bbox 1870 5229 3460 5304; baseline -0.008 -4"><span class='ocrx_word' id='word_1_720' title='bbox 1870 5253 1927 5300; x_wconf 92' lang='lat' dir='ltr'><strong>et</strong></span> <span class='ocrx_word' id='word_1_721' title='bbox 1976 5249 2122 5296; x_wconf 90' lang='lat' dir='ltr'><strong>tanta</strong></span> <span class='ocrx_word' id='word_1_722' title='bbox 2169 5236 2556 5296; x_wconf 85' lang='lat' dir='ltr'><strong>convenientiae</strong></span> <span class='ocrx_word' id='word_1_723' title='bbox 2583 5236 2666 5291; x_wconf 90' lang='lat' dir='ltr'><strong>vis</strong></span> <span class='ocrx_word' id='word_1_724' title='bbox 2693 5243 2797 5304; x_wconf 92' lang='lat' dir='ltr'><strong>est,</strong></span> <span class='ocrx_word' id='word_1_725' title='bbox 2829 5240 2888 5289; x_wconf 92' lang='lat' dir='ltr'><strong>ut</strong></span> <span class='ocrx_word' id='word_1_726' title='bbox 2923 5245 3090 5287; x_wconf 91' lang='lat' dir='ltr'><strong>unum</strong></span> <span class='ocrx_word' id='word_1_727' title='bbox 3115 5229 3312 5286; x_wconf 86' lang='lat' dir='ltr'><strong>vulnus</strong></span> <span class='ocrx_word' id='word_1_728' title='bbox 3337 5231 3460 5288; x_wconf 87' lang='lat' dir='ltr'><strong>ubi-</strong></span> 
     </span>
    </p>
   </div>
   <div class='ocr_carea' id='block_1_106' title="bbox 1871 5322 3460 5408">
    <p class='ocr_par' dir='ltr' id='par_1_106' title="bbox 1871 5322 3460 5408">
     <span class='ocr_line' id='line_1_107' title="bbox 1871 5322 3460 5408; baseline -0.006 -16"><span class='ocrx_word' id='word_1_729' title='bbox 1871 5350 1979 5408; x_wconf 91' lang='lat' dir='ltr'><strong>que</strong></span> <span class='ocrx_word' id='word_1_730' title='bbox 2022 5332 2209 5390; x_wconf 83' lang='lat' dir='ltr'><strong>credas</strong></span> <span class='ocrx_word' id='word_1_731' title='bbox 2245 5330 2444 5402; x_wconf 91' lang='lat' dir='ltr'><strong>accipi,</strong></span> <span class='ocrx_word' id='word_1_732' title='bbox 2486 5327 2701 5399; x_wconf 91' lang='lat' dir='ltr'><strong>quando</strong></span> <span class='ocrx_word' id='word_1_733' title='bbox 2747 5326 2838 5382; x_wconf 90' lang='lat' dir='ltr'><strong>illa</strong></span> <span class='ocrx_word' id='word_1_734' title='bbox 2882 5322 3110 5394; x_wconf 76' lang='lat' dir='ltr'><strong>coeperit</strong></span> <span class='ocrx_word' id='word_1_735' title='bbox 3147 5322 3460 5383; x_wconf 87' lang='lat' dir='ltr'><strong>condolere.</strong></span> 
     </span>
    </p>
   </div>
   <div class='ocr_carea' id='block_1_107' title="bbox 1873 5414 3461 5498">
    <p class='ocr_par' dir='ltr' id='par_1_107' title="bbox 1873 5414 3461 5498">
     <span class='ocr_line' id='line_1_108' title="bbox 1873 5414 3461 5498; baseline -0.006 -15"><span class='ocrx_word' id='word_1_736' title='bbox 1873 5425 2193 5498; x_wconf 82' lang='lat' dir='ltr'><strong>Respublica</strong></span> <span class='ocrx_word' id='word_1_737' title='bbox 2223 5421 2485 5495; x_wconf 90' lang='lat' dir='ltr'><strong>siquidem</strong></span> <span class='ocrx_word' id='word_1_738' title='bbox 2512 5435 2622 5476; x_wconf 90' lang='lat' dir='ltr'><strong>non</strong></span> <span class='ocrx_word' id='word_1_739' title='bbox 2649 5426 2734 5477; x_wconf 91' lang='lat' dir='ltr'><strong>est</strong></span> <span class='ocrx_word' id='word_1_740' title='bbox 2761 5417 2917 5474; x_wconf 89' lang='lat' dir='ltr'><strong>unius</strong></span> <span class='ocrx_word' id='word_1_741' title='bbox 2940 5414 3172 5472; x_wconf 89' lang='lat' dir='ltr'><strong>civitatis</strong></span> <span class='ocrx_word' id='word_1_742' title='bbox 3191 5429 3342 5485; x_wconf 91' lang='lat' dir='ltr'><strong>cura,</strong></span> <span class='ocrx_word' id='word_1_743' title='bbox 3364 5415 3461 5473; x_wconf 89' lang='lat' dir='ltr'><strong>sed</strong></span> 
     </span>
    </p>
   </div>
   <div class='ocr_carea' id='block_1_108' title="bbox 1866 5508 3454 5592">
    <p class='ocr_par' dir='ltr' id='par_1_108' title="bbox 1866 5508 3454 5592">
     <span class='ocr_line' id='line_1_109' title="bbox 1866 5508 3454 5592; baseline -0.009 -14"><span class='ocrx_word' id='word_1_744' title='bbox 1866 5523 2031 5580; x_wconf 90' lang='lat' dir='ltr'><strong>totius</strong></span> <span class='ocrx_word' id='word_1_745' title='bbox 2060 5520 2212 5592; x_wconf 86' lang='lat' dir='ltr'><strong>regni</strong></span> <span class='ocrx_word' id='word_1_746' title='bbox 2239 5516 2454 5590; x_wconf 90' lang='lat' dir='ltr'><strong>provisa</strong></span> <span class='ocrx_word' id='word_1_747' title='bbox 2492 5513 2755 5570; x_wconf 86' lang='lat' dir='ltr'><strong>custodia.</strong></span> <span class='ocrx_word' id='word_1_748' title='bbox 2787 5511 3130 5582; x_wconf 86' lang='lat' dir='ltr'><strong>Quapropter</strong></span> <span class='ocrx_word' id='word_1_749' title='bbox 3155 5508 3200 5566; x_wconf 87' lang='lat' dir='ltr'><strong>si</strong></span> <span class='ocrx_word' id='word_1_750' title='bbox 3228 5508 3358 5578; x_wconf 90' lang='lat' dir='ltr'><strong>quid</strong></span> <span class='ocrx_word' id='word_1_751' title='bbox 3387 5523 3454 5564; x_wconf 81' lang='lat' dir='ltr'><strong>ex</strong></span> 
     </span>
    </p>
   </div>
   <div class='ocr_carea' id='block_1_109' title="bbox 1866 5601 3453 5688">
    <p class='ocr_par' dir='ltr' id='par_1_109' title="bbox 1866 5601 3453 5688">
     <span class='ocr_line' id='line_1_110' title="bbox 1866 5601 3453 5688; baseline -0.007 -16"><span class='ocrx_word' id='word_1_752' title='bbox 1866 5617 1981 5688; x_wconf 87' lang='lat' dir='ltr'><strong>ipsa</strong></span> <span class='ocrx_word' id='word_1_753' title='bbox 2011 5615 2286 5678; x_wconf 90' lang='lat' dir='ltr'><strong>minuitur,</strong></span> <span class='ocrx_word' id='word_1_754' title='bbox 2312 5611 2363 5667; x_wconf 91' lang='lat' dir='ltr'><strong>in</strong></span> <span class='ocrx_word' id='word_1_755' title='bbox 2395 5607 2601 5679; x_wconf 85' lang='lat' dir='ltr'><strong>origine</strong></span> <span class='ocrx_word' id='word_1_756' title='bbox 2628 5604 2902 5677; x_wconf 87' lang='lat' dir='ltr'><strong>dispendia</strong></span> <span class='ocrx_word' id='word_1_757' title='bbox 2933 5603 3255 5658; x_wconf 90' lang='lat' dir='ltr'><strong>sentiuntur.</strong></span> <span class='ocrx_word' id='word_1_758' title='bbox 3281 5601 3453 5662; x_wconf 75' lang='lat' dir='ltr'><strong>Minus</strong></span> 
     </span>
    </p>
   </div>
   <div class='ocr_carea' id='block_1_110' title="bbox 1864 5691 3450 5765">
    <p class='ocr_par' dir='ltr' id='par_1_110' title="bbox 1864 5691 3450 5765">
     <span class='ocr_line' id='line_1_111' title="bbox 1864 5691 3450 5765; baseline -0.009 -2"><span class='ocrx_word' id='word_1_759' title='bbox 1864 5707 2008 5764; x_wconf 88' lang='lat' dir='ltr'><strong>enim</strong></span> <span class='ocrx_word' id='word_1_760' title='bbox 2056 5706 2254 5761; x_wconf 87' lang='lat' dir='ltr'><strong>habere</strong></span> <span class='ocrx_word' id='word_1_761' title='bbox 2294 5713 2514 5757; x_wconf 89' lang='lat' dir='ltr'><strong>necesse</strong></span> <span class='ocrx_word' id='word_1_762' title='bbox 2557 5705 2658 5764; x_wconf 89' lang='lat' dir='ltr'><strong>est,</strong></span> <span class='ocrx_word' id='word_1_763' title='bbox 2691 5696 2778 5753; x_wconf 91' lang='lat' dir='ltr'><strong>cui</strong></span> <span class='ocrx_word' id='word_1_764' title='bbox 2807 5693 3007 5765; x_wconf 89' lang='lat' dir='ltr'><strong>aliquid</strong></span> <span class='ocrx_word' id='word_1_765' title='bbox 3044 5693 3201 5764; x_wconf 91' lang='lat' dir='ltr'><strong>perit.</strong></span> <span class='ocrx_word' id='word_1_766' title='bbox 3235 5691 3303 5748; x_wconf 84' lang='lat' dir='ltr'><strong>Et</strong></span> <span class='ocrx_word' id='word_1_767' title='bbox 3332 5693 3450 5749; x_wconf 81' lang='lat' dir='ltr'><strong>ideo</strong></span> 
     </span>
    </p>
   </div>
   <div class='ocr_carea' id='block_1_111' title="bbox 1864 5784 3454 5862">
    <p class='ocr_par' dir='ltr' id='par_1_111' title="bbox 1864 5784 3454 5862">
     <span class='ocr_line' id='line_1_112' title="bbox 1864 5784 3454 5862; baseline -0.009 -6"><span class='ocrx_word' id='word_1_768' title='bbox 1864 5801 2194 5857; x_wconf 85' lang='lat' dir='ltr'><strong>diversarum</strong></span> <span class='ocrx_word' id='word_1_769' title='bbox 2222 5795 2496 5851; x_wconf 80' lang='lat' dir='ltr'><strong>civitatum</strong></span> <span class='ocrx_word' id='word_1_770' title='bbox 2528 5788 2750 5862; x_wconf 86' lang='lat' dir='ltr'><strong>pervigil</strong></span> <span class='ocrx_word' id='word_1_771' title='bbox 2780 5803 2879 5845; x_wconf 89' lang='lat' dir='ltr'><strong>nos</strong></span> <span class='ocrx_word' id='word_1_772' title='bbox 2916 5799 3044 5844; x_wconf 90' lang='lat' dir='ltr'><strong>cura</strong></span> <span class='ocrx_word' id='word_1_773' title='bbox 3079 5784 3350 5851; x_wconf 78' lang='lat' dir='ltr'><strong>sollicitat,</strong></span> <span class='ocrx_word' id='word_1_774' title='bbox 3385 5799 3454 5841; x_wconf 81' lang='lat' dir='ltr'><strong>nc</strong></span> 
     </span>
    </p>
   </div>
   <div class='ocr_carea' id='block_1_112' title="bbox 1861 5875 3445 5966">
    <p class='ocr_par' dir='ltr' id='par_1_112' title="bbox 1861 5875 3445 5966">
     <span class='ocr_line' id='line_1_113' title="bbox 1861 5875 3445 5966; baseline -0.009 -15"><span class='ocrx_word' id='word_1_775' title='bbox 1861 5893 2122 5966; x_wconf 87' lang='lat' dir='ltr'><strong>permissa</strong></span> <span class='ocrx_word' id='word_1_776' title='bbox 2151 5887 2361 5958; x_wconf 84' lang='lat' dir='ltr'><strong>longius</strong></span> <span class='ocrx_word' id='word_1_777' title='bbox 2387 5884 2530 5944; x_wconf 88' lang='lat' dir='ltr'><strong>mala</strong></span> <span class='ocrx_word' id='word_1_778' title='bbox 2554 5890 2738 5942; x_wconf 89' lang='lat' dir='ltr'><strong>nostra</strong></span> <span class='ocrx_word' id='word_1_779' title='bbox 2759 5880 2966 5955; x_wconf 89' lang='lat' dir='ltr'><strong>possint</strong></span> <span class='ocrx_word' id='word_1_780' title='bbox 2985 5891 3208 5951; x_wconf 85' lang='lat' dir='ltr'><strong>gravare</strong></span> <span class='ocrx_word' id='word_1_781' title='bbox 3229 5875 3445 5952; x_wconf 81' lang='lat' dir='ltr'><strong>palatia.</strong></span> 
     </span>
    </p>
   </div>
  </div>
