3958 6458
462 375 562 432 76³ῑ

1689 375 1759 433 Μ.
1801 372 2079 434 AURELII
2115 372 2516 433 CASSIODORI

3649 375 3768 433 768

459 497 654 562 Arbor,
686 506 846 564 quam
873 491 1069 547 florere
1096 489 1270 561 vides,
1298 503 1461 561 quam
1489 503 1696 546 summa
1731 489 1885 562 142
1915 503 2048 544 con-
2076 490 2130 553 Λ
2151 501 2271 559 quae
2293 488 2581 560 primatum
2605 489 2796 555 tenuit,
2820 501 2940 546 esse
2963 487 3240 560 p05terior
3262 504 3373 547 non
3396 497 3650 549 recusat.
3672 490 3776 549 Sic

459 589 622 662 Spicis
642 585 910 642 viriditate
937 583 1126 652 laetari,
1151 583 1508 639 subterraneo
1529 598 1690 639 succo
1712 582 2053 638 fecunditatis

458 681 746 744 animatur,
778 675 1006 732 reddens
1045 677 1099 732 in
1151 673 1492 748 superficiem
1534 675 1679 745 quod
1722 674 1963 730 continet
1999 673 2054 728 in

458 773 656 829 radice.
705 768 995 825 Hominum
1037 771 1259 839 quoque
1311 769 1492 826 vultus
1544 783 1739 837 magna
1785 766 2054 822 hilaritate

458 864 772 927 decoratur,
806 861 852 916 si
878 860 1178 917 visceribus
1212 861 1358 917 sanis
1386 874 1672 930 gravamcn
1702 859 1900 914 nullius
1927 873 2053 913 sen-

459 954 559 1010 tiat
599 953 852 1010 laesionis.
895 951 985 1008 Sic
1013 965 1238 1021 regnum
1263 951 1384 1022 jure
1410 951 1602 1008 dicitur
1632 949 2052 1023 integerrimum,

461 1047 508 1102 si
534 1059 800 1114 nusquam
828 1045 990 1100 fuerit
1025 1045 1382 1100 imminutum.
1416 1044 1532 1100 Hoc
1561 1043 1675 1100 fieri
1705 1051 1905 1114 potest,
1932 1057 2055 1098 cum

461 1135 698 1205 undique
744 1137 1094 1192 submovetur
1135 1135 1394 1192 effrenata
1441 1135 1685 1201 licentia,
1754 1149 1855 1190 nec
1899 1133 2058 1188 datur

465 1217 629 1286 ausus
657 1231 827 1288 menti
869 1231 1114 1301 maligna:
1145 1231 1244 1286 sub
1273 1229 1616 1286 abominabili
1653 1229 1901 1284 libertate
1928 1242 2058 1297 pec-

463 1334 610 1376 care.
645 1320 906 1390 Curiales,
940 1321 1134 1391 quibus
1160 1336 1191 1376 a
1217 1322 1439 1392 provida
1467 1319 1829 1378 sollicitudine
1862 1333 2058 1375 nomen

463 1421 576 1481 est,
621 1413 935 1482 gravissima
988 1413 1238 1469 dicuntur
1284 1413 1628 1469 infestatione
1677 1410 1950 1482 quassari;
1999 1419 2060 1465 ut

464 1503 724 1573 quidquid
766 1507 844 1560 eis
893 1505 1116 1560 honoris
1160 1519 1323 1561 causa
1367 1505 1667 1572 delegatur,
1705 1503 1773 1558 ad
1812 1501 2059 1571 iniuriam

463 1596 646 1667 potius
673 1595 913 1651 videatur
945 1610 1063 1651 esse
1101 1594 1441 1667 perductum.
1474 1593 1518 1649 Ο
1548 1594 1812 1650 nefarium
1858 1593 2056 1663 scelus,

467 1687 811 1758 importabile
838 1687 1065 1742 malum!
1100 1687 1327 1754 Quando
1368 1686 1556 1743 debuit
1596 1687 1907 1759 reipublicae
1946 1702 2061 1742 ser-

466 1775 663 1832 viendo
691 1776 974 1846 prolicere,
1009 1784 1136 1832 tunc
1163 1776 1470 1832 libertatem
1501 1792 1654 1832 suam
1682 1792 1804 1833 cum
1832 1775 2062 1832 fortunis

2157 579 2390 650 quadam
2419 580 2798 636 communione
2825 581 3045 637 sociatae
3073 581 3174 638 sibi
3199 581 3318 639 sine
3344 582 3571 652 regibus
3602 582 3774 639 obse-

2156 680 2412 742 quuntur,
2445 671 2560 726 sine
2604 671 2881 727 dominatu
2926 681 3139 742 parent,
3171 674 3289 731 sine
3329 682 3542 732 terrore
3581 673 3770 730 famu-

2157 765 2356 821 lantur.
2395 763 2713 822 Voluntarie
2738 765 3022 822 serviendo
3050 767 3231 824 libera:
3259 777 3404 835 sunt,
3439 779 3495 824 et
3524 769 3772 825 invicem

2157 871 2217 912 se
2241 855 2510 927 diligendo
2549 857 2882 912 muniuntur.
2925 858 3163 926 Quarum
3207 875 3417 917 morem
3459 861 3772 932 scriptores

2156 964 2337 1006 rerum
2387 948 2710 1006 naturalium
2757 958 3108 1017 contuentes,
3163 952 3407 1023 politiam
3461 951 3770 1022 quamdam

2156 1040 2298 1098 inter
2334 1043 2478 1114 ipsas
2527 1057 2650 1099 esse
2697 1051 3146 1111 commemorant,
3175 1059 3310 1115 quas
3347 1045 3525 1101 civico
3567 1045 3775 1101 aﬂ'ecta

2157 1136 2343 1192 vivere
2371 1145 2762 1207 cognoverunt.
2806 1135 2916 1194 llas
2958 1137 3006 1193 si
3042 1152 3140 1194 vos
3166 1137 3475 1203 imitemini,
3512 1153 3718 1194 omnes
3743 1155 3770 1193 ι

2159 1227 2312 1284 vobis
2335 1229 2660 1299 pravitatum
2691 1229 2992 1286 calumnias
3019 1228 3320 1285 excluditis.
3352 1227 3493 1285 Nam
3519 1245 3654 1294 vos,
3683 1231 3774 1299 qui

2158 1318 2293 1374 recti
2324 1326 2449 1374 vota
2477 1318 2739 1389 recipitis,
2771 1318 2985 1375 habetis
3025 1333 3124 1390 per
3159 1319 3306 1390 leges
3343 1326 3691 1390 potestatem
3718 1319 3771 1374 in

2160 1412 2367 1468 civibus
2416 1414 2630 1469 vestris.
2679 1413 2798 1469 Non
2845 1415 2989 1470 enim
3036 1413 3309 1470 incassum
3355 1414 3518 1470 vobis
3559 1417 3774 1470 curiam

2161 1505 2431 1562 concessit
2451 1505 2763 1575 antiquitas,
2785 1520 2894 1561 non
2917 1505 3150 1562 inaniter
3173 1505 3474 1576 appellavit
3498 1506 3773 1561 minorem

2163 1607 2409 1656 senatum
2439 1617 2449 1652 :
2489 1609 2511 1638 ο
2542 1613 2739 1654 nervos
2765 1613 2982 1670 quoque
3016 1599 3264 1655 vocitans
3295 1613 3362 1654 ac
3387 1598 3613 1654 viscera
3638 1599 3772 1653 civi-

2163 1700 2352 1748 tatum.
2396 1689 2536 1758 Quid
2578 1690 2634 1745 in
2668 1690 2770 1745 ista
2815 1690 3178 1762 appellatione
3225 1705 3334 1747 non
3380 1688 3664 1756 habeatis,
3693 1691 3775 1746 vel

2164 1783 2438 1856 potentiae,
2466 1783 2552 1838 vel
2579 1782 2837 1839 honoris?
2865 1781 2997 1837 Nam
3033 1785 3124 1855 qui
3149 1784 3365 1840 senatui
3393 1791 3772 1856 comparatur,

463 1869 678 1925 videtur
705 1869 975 1925 amittere.
1004 1869 1269 1936 Quocirca
1291 1868 1506 1925 edictali
1532 1875 1931 1940 programmate
1957 1867 2054 1924 de-
2089 1875 2136 1936 B
2161 1893 2192 1933 a
2220 1877 2367 1933 nullo
2395 1876 2556 1948 genio
2585 1877 2851 1934 claritatis
2881 1877 3201 1934 excluditur.

465 1959 698 2031 finimus,
731 1970 792 2016 ut
830 1961 878 2017 si
912 1962 1033 2033 quis
1071 1969 1318 2018 versatus
1363 1960 1518 2034 [Ed.,
1543 1961 1790 2032 vexatus]
1818 1960 1980 2016 fuerit
2008 1961 2063 2017 in

465 2053 682 2124 injuria,
716 2065 809 2110 aut
837 2054 891 2108 in
919 2054 1202 2126 dispendio
1230 2055 1470 2124 curialis,
1494 2055 1580 2110 vel
1607 2056 1807 2126 aliquid
1833 2056 1882 2110 ei
1906 2058 2065 2128 (prae-

465 2155 711 2218 terquam
751 2148 961 2214 jussum
999 2149 1161 2204 fuerit
1189 2165 1220 2204 a
1248 2150 1425 2218 nobis,
1459 2148 1547 2205 vel
1587 2149 1654 2205 ab
1687 2149 1892 2217 aulicis,
1925 2164 2063 2220 quo-

464 2254 587 2294 rum
628 2240 874 2304 interest,
921 2241 1298 2313 potestatibus)
1340 2243 1622 2312 imponere
1663 2241 1891 2298 fortasse
1927 2257 2064 2312 prae-

464 2331 773 2400 sumpserit,
798 2340 890 2386 aut
905 2331 1094 2387 decem
1111 2333 1367 2388 librarum
1390 2334 1508 2388 auri
1523 2332 1804 2404 dispendio
1820 2333 2064 2400 feriatur,

465 2421 569 2492 ipsi
599 2422 691 2492 qui
722 2421 828 2477 tale
856 2422 1058 2491 aliquid
1098 2423 1380 2494 pertulerit
1421 2423 1770 2479 nihilominus
1813 2421 2062 2494 profutu-

464 2528 619 2578 rum,
669 2522 790 2580 aut,
845 2515 891 2569 si
949 2513 1172 2571 facultas
1223 2516 1470 2573 vindictae
1524 2532 1632 2572 non
1686 2515 1916 2585 suﬂicit,
1965 2531 2064 2588 per

466 2604 728 2660 fustuaria
755 2605 1017 2677 supplicia
1047 2607 1330 2675 laceretur,
1359 2618 1414 2664 et
1454 2607 1647 2664 reddat
1672 2607 1911 2664 debitum
1941 2623 2060 2680 pte-

469 2696 573 2762 nis,
597 2695 742 2767 quod
763 2712 872 2753 non
903 2698 1078 2768 potuit
1106 2713 1457 2770 compensare
1482 2699 1756 2771 pecuniis;
1785 2699 1857 2754 ita
1881 2707 2063 2755 tamen

467 2797 528 2844 ut
553 2805 673 2859 qua:
692 2804 791 2859 pro
819 2789 1033 2860 publica
1054 2790 1284 2847 utilitate
1311 2788 1510 2846 fuerint
1539 2789 1804 2860 delegata,
1832 2790 2065 2860 ingenua

464 2878 826 2936 sollicitudine
891 2881 1297 2952 compleantur,
1355 2881 1570 2953 quando
1625 2881 1746 2953 plus
1802 2881 2066 2952 incipiunt

465 2970 692 3040 debere,
737 2986 874 3042 quos
929 2972 1134 3028 alienas
1182 2971 1492 3042 iniquitates
1539 2987 1650 3029 non
1700 2971 2065 3043 permittimus

464 3065 750 3120 sustinere.
782 3074 808 3102 α
838 3063 1045 3120 Praedia
1079 3065 1381 3132 curialium,
1412 3066 1554 3122 unde
1589 3067 1826 3121 maxime
1854 3064 2062 3120 medio-

467 3157 648 3212 cribus
686 3165 949 3228 parantur
997 3157 1224 3224 insidiae,
1266 3157 1445 3214 nullus
1483 3156 1514 3196 1’
1557 3157 1744 3214 illicita
1788 3157 2064 3228 emptione

2736 2010 3069 2068 EPISTOLA
3105 2009 3193 2066 Ill.

2166 2119 2495 2162 BEBGANTINO
2519 2119 2640 2162 νιιιο
2669 2119 2932 2168 ιιιυετιιι,
2957 2119 3140 2160 COllTl
3165 2119 3497 2172 ΡΔΤΒΙΙΟΝΙΙ,
3529 2120 3769 2162 ΔΪΠΔΙΔ·

2810 2191 2960 2231 ηιευε
2991 2191 3115 2230 REX.

2165 2267 2317 2323 lubet
2345 2277 2400 2322 ut
2429 2269 2746 2323 cliartarium
2787 2269 2960 2322 mittat
2998 2267 3067 2321 ad
3106 2283 3334 2322 massam
3376 2265 3767 2337 Rusticiana,

2238 2341 2293 2410 in
2322 2341 2468 2410 cujus
2496 2339 2775 2394 visceribus
2803 2354 2986 2410 aurum
3016 2339 3160 2410 lutet,
3189 2347 3239 2392 et
3264 2338 3400 2394 illud
3419 2349 3569 2394 curet
3590 2341 3768 2409 cladi.

2239 2407 2672 2480 Tum'auriﬁcum
2698 2407 3011 2465 industriam
3034 2409 3299 2464 describit.

2237 2501 2295 2557 Si
2321 2501 2474 2558 labor
2502 2501 2680 2558 omnis
2707 2501 2953 2558 assiduus
2996 2501 3133 2558 adeo
3174 2501 3424 2558 diversos
3453 2503 3633 2572 exigit
3671 2501 3772 2558 fru-

2168 2601 2316 2664 ctus,
2352 2603 2411 2650 ut
2457 2608 2648 2650 aurum
2694 2601 3086 2664 argentumque
3133 2593 3296 2650 solita
3341 2596 3772 2650 commutatione

2169 2688 2309 2760 ιΑε.,
2331 2684 2734 2757 communione]
2762 2693 3053 2754 mercetur,
3082 2701 3179 2742 cur
3207 2701 3317 2743 non
3345 2686 3464 2758 ipsa
3488 2687 3772 2756 diligenter

2167 2778 2520 2850 exquirimus,
2569 2785 2794 2850 propter
2829 2792 2950 2848 qua:
2995 2792 3222 2850 poscere
3268 2778 3377 2834 alia
3418 2779 3772 2836 videbamur?

2165 2873 2318 2930 Italia
2345 2873 2496 2930 dives
2537 2871 2734 2927 inferat
2769 2869 2929 2927 nobis
2975 2878 3032 2926 et
3074 2885 3271 2926 aureos
3315 2871 3554 2927 fructus.
3589 2869 3772 2928 Omns

2167 2972 2462 3036 proventus
2500 2963 2614 3037 [Αο.
2633 3002 2650 3030 ,
2679 2962 2989 3035 provectus]
3027 2963 3339 3035 acquiritur,
3374 2963 3465 3019 ubi
3498 2965 3773 3020 metallum

2168 3054 2429 3112 fulvidum
2477 3055 2764 3126 reperitur.
2806 3054 2942 3110 Nam
2985 3054 3112 3126 quid
3163 3070 3391 3112 necesse
3438 3065 3525 3112 est
3572 3065 3772 3113 terram

2167 3146 2452 3218 multiplici
2481 3145 2813 3204 fecunditate
2839 3145 3050 3214 lassari,
3082 3145 3129 3203 si
3156 3146 3274 3219 ipsa
3311 3148 3487 3220 magis
3513 3148 3697 3220 pretia
3721 3149 3770 3206 in

463 3248 746 3320 pervadat,
774 3249 900 3318 quia
929 3255 1239 3305 contractus
1267 3248 1371 3304 dici
1398 3265 1504 3304 non
1528 3257 1727 3320 potest,
1752 3249 1856 3304 nisi
1883 3249 1975 3320 qui
1996 3248 2064 3305 de
2091 3262 2137 3326 ο
2167 3253 2232 3296 ea
2262 3239 2538 3310 potuerint
2561 3238 2830 3296 inveniri?
2859 3237 3156 3296 Frumenta
3186 3239 3341 3298 vobis
3381 3241 3656 3298 usualiter
3680 3258 3770 3298 na-

464 3338 674 3409 legihus
701 3340 869 3396 venit.
902 3338 1057 3397 Circa
1081 3341 1330 3412 sajonum
1351 3351 1406 3397 et
1428 3343 1754 3397 militantum
1785 3343 2065 3400 molestias

462 3429 709 3501 iudicum
739 3440 1091 3502 protegantur
1118 3433 1338 3490 auxilio.
1365 3434 1446 3489 Ab
1474 3435 1602 3506 ipsis
1632 3450 1849 3506 quoque
1872 3437 2058 3493 mode-

467 3520 740 3578 ratoribus
785 3536 882 3577 eos
928 3531 1114 3579 nostra
1160 3523 1450 3580 vindicavit
1490 3526 1812 3594 auctoritas;
1859 3538 2063 3597 quanto

465 3612 682 3682 gravius
705 3613 1021 3684 pleotendus
1043 3624 1144 3682 est,
1176 3615 1220 3671 si
1251 3615 1342 3671 ille
1366 3617 1451 3672 cui
1477 3616 1756 3687 delegatur
1784 3619 2061 3686 auxilium,

465 3702 726 3774 probetur
745 3703 945 3761 inferre
964 3704 1383 3763 detrimentum?
1401 3705 1601 3778 Erigite
1620 3709 1778 3777 colla,
1803 3710 2063 3780 depressi;

464 3794 747 3852 sublevate
771 3797 1004 3865 animos,
1031 3797 1296 3854 malorum
1343 3799 1568 3854 sarcinis
1615 3800 1908 3870 ingravati;
1940 3800 2066 3856 date

463 3887 701 3945 Studium
737 3904 1062 3961 recuperare
1096 3906 1217 3962 qum
1259 3907 1356 3948 vos
1400 3893 1542 3949 male
1570 3894 1896 3964 cognoscitis
1931 3895 2066 3949 ami-

463 3981 618 4039 sisse.
668 3980 966 4054 Unicuique
1009 3985 1114 4041 civi
1160 3986 1286 4042 urbs
1326 4001 1423 4042 sua
1468 3988 1770 4058 reSpublica
1811 3997 1913 4044 est.
1957 3988 2065 4044 Ad-

465 4074 773 4131 ministrate
814 4076 1092 4133 civitatum
1139 4078 1240 4134 sub
1273 4086 1637 4134 consentanea
1673 4080 1955 4137 voluntate
1977 4081 2066 4151 ju-

462 4165 687 4222 stitiam.
743 4164 972 4224 Ordines
1027 4169 1191 4226 vestri
1244 4169 1582 4240 :equabiliter
1628 4171 1834 4226 vivant.
1887 4170 2066 4229 Nolite

462 4270 690 4328 gravare
717 4259 1037 4329 mediocres,
1070 4277 1140 4317 ne
1167 4277 1266 4318 vos
1291 4264 1487 4318 merito
1518 4263 1826 4334 opprimere
1854 4264 2065 4334 possint

463 4348 725 4419 potiores.
753 4346 919 4405 Poena
946 4350 1049 4407 ista
1076 4351 1286 4422 peccati
1315 4361 1418 4422 est,
1449 4359 1508 4407 ut
1534 4354 1900 4425 unusquisque
1924 4354 1978 4410 in
2005 4367 2066 4410 se

463 4439 708 4509 recipere
736 4441 908 4510 possit
934 4441 1078 4511 quod
1123 4442 1177 4497 in
1214 4444 1445 4499 alterum
1484 4455 1770 4516 protervus
1796 4445 2059 4501 exercuit.

465 4528 648 4584 Vivite
672 4529 841 4598 juste,
866 4532 1030 4587 vivite
1055 4534 1426 4603 continenter;
1456 4535 1583 4605 quia
1609 4536 1700 4591 vix
1729 4535 1892 4592 audet
1913 4536 2063 4607 quis-

2169 3342 2311 3397 tura,
2343 3330 2607 3388 industria
2633 3332 2984 3403 suffragante,
3014 3331 3296 3398 concedit;
3327 3334 3531 3405 passim
3558 3349 3617 3391 se
3648 3334 3769 3390 vina

2167 3422 2528 3495 profundunt;
2576 3422 2854 3480 metallum
2900 3438 3027 3480 raro
3074 3423 3342 3495 proditur,
3379 3433 3444 3480 ut
3475 3423 3771 3482 studiosius

2168 3524 2475 3587 expetatur.
2507 3512 2850 3588 Quapropter
2877 3515 2947 3572 ad
2973 3531 3208 3572 massam
3247 3515 3389 3588 juris
3433 3518 3572 3592 [Ac.,
3595 3518 3766 3591 ruris]

2167 3608 2336 3665 nostri
2376 3607 2764 3677 Rusticianam,
2807 3610 2863 3668 in
2909 3609 3218 3666 Brutiorum
3253 3611 3537 3681 provincia
3567 3613 3769 3668 consti-

2167 3712 2370 3772 tutam,
2399 3705 2822 3776 magnitudinem
2850 3714 2996 3762 tuam
3019 3705 3270 3776 iubemus
3297 3705 3632 3763 chartarium
3676 3708 3768 3764 de-

2166 3799 2399 3865 stinare;
2441 3806 2497 3854 et
2525 3798 2570 3854 si
2603 3800 2685 3870 (ut
2713 3798 2781 3854 ab
2811 3798 3018 3854 artiﬁce
3045 3799 3239 3855 harum
3267 3814 3452 3855 rerum
3474 3799 3766 3857 Theodoro

2169 3888 2387 3958 dicitur)
2418 3890 2736 3947 memoratis
2765 3890 2926 3947 rebus
2963 3899 3106 3946 terra
3137 3891 3365 3947 fecunda
3400 3900 3506 3958 est,
3539 3891 3768 3949 officinis

2167 3982 2479 4039 solemniter
2519 3981 2637 4056 [Gr.
2683 3991 2733 4037 et
2780 3980 2922 4054 Cuj.,
2959 3979 3154 4038 officiis
3199 3980 3454 4054 solerter]
3485 3983 3762 4050 institutis,

2166 4075 2431 4130 montium
2487 4076 2698 4132 viscera
2753 4076 3164 4147 perquirantur;
3215 4078 3451 4134 intretur
3500 4078 3766 4136 beneficio

2165 4168 2296 4224 artis
2326 4169 2380 4224 in
2410 4169 2689 4240 penetrale
2737 4169 2961 4236 telluris,
2994 4177 3051 4225 ct
3083 4169 3230 4226 velut
3266 4170 3324 4226 in
3362 4171 3633 4228 thesauris
3660 4173 3767 4229 suis

2167 4269 2359 4316 natura
2399 4259 2644 4332 locuples
2686 4260 3007 4330 inquiratur.
3050 4259 3292 4318 Cameris
3322 4263 3467 4337 [Ac.,
3497 4262 3765 4335 cavernis]
3846 4255 3857 4275 ⁹

2167 4353 2310 4406 enim
2362 4353 2641 4423 ingeniosa
2688 4354 3110 4426 praesumptione
3164 4355 3453 4426 revolutis,
3501 4358 3764 4429 talpinum

2165 4441 2367 4499 animal
2412 4444 2704 4514 imitantes,
2753 4445 2947 4502 itinera
2993 4445 3223 4516 fodiunt,
3265 4463 3384 4518 quae
3430 4449 3596 4506 nullis
3640 4459 3764 4507 ante

2165 4544 2474 4607 patuerunt.
2503 4536 2592 4593 Sic
2617 4537 2840 4595 ambitio
2860 4537 2936 4594 nil
2963 4539 3220 4610 relinquit
3240 4541 3640 4607 absconditum,
3667 4558 3763 4599 nec

467 4635 642 4713 quam
663 4621 719 4676 in
747 4621 868 4678 illos
897 4624 1182 4693 excedere,
1215 4625 1270 4680 in
1299 4627 1495 4696 quibus
1524 4629 1711 4700 culpas
1743 4644 1854 4685 non
1883 4637 2066 4701 potest
2091 4651 2146 4713 D
2167 4631 2260 4687 ubi
2286 4631 2556 4688 interdum
2585 4631 2855 4689 sustinere
2878 4633 3053 4704 possit
3073 4642 3395 4690 extremum.
3426 4635 3634 4693 intrant
3663 4637 3760 4693 ho-

463 4711 729 4768 invenire.
756 4713 926 4769 Grues
954 4716 1217 4773 moralem
1247 4727 1515 4775 noverunt
1539 4735 1796 4776 exercere
1833 4737 2060 4778 concor-

465 4804 639 4873 diam;
689 4805 830 4861 inter
873 4821 1006 4876 quas
1056 4810 1234 4865 nullus
1286 4811 1549 4881 primatus
1602 4813 1880 4884 qumritur,
1933 4814 2059 4886 quia

463 4896 762 4968 iniquitatis
799 4898 1028 4955 ambitus
1072 4916 1182 4956 non
1226 4900 1473 4957 habetur.
1517 4901 1750 4973 Vigilant
1800 4905 2056 4976 vicissim,

463 4993 740 5047 communi
768 5007 826 5048 se
854 4993 1064 5049 cautela
1090 4995 1418 5060 custodiunt,
1451 4996 1562 5067 ipse
1591 5005 1778 5068 pastus
1820 4999 2060 5058 alternus

464 5090 566 5138 est.
614 5081 704 5139 Sic
747 5083 920 5140 honor
961 5085 1120 5141 nullis
1170 5084 1320 5160 [Ms.,
1363 5086 1563 5148 nullus]
1613 5089 1884 5158 adimitur,
1931 5090 2058 5147 dum

465 5176 647 5232 omnia
674 5177 774 5232 sub
803 5180 1181 5235 communione
1208 5189 1510 5237 servantur.
1536 5182 1630 5238 llis
1656 5185 1818 5239 etiam
1848 5184 2060 5242 volatus

461 5270 665 5326 vicaria
712 5272 1017 5343 aequalitate
1058 5273 1359 5347 disponitur
1391 5297 1404 5334 :
1443 5278 1630 5336 ultima
1674 5279 1733 5335 fit
1761 5281 1972 5351 prima;
2002 5287 2059 5336 et

535 5523 560 5551 ιι
586 5511 834 5588 Venditio
855 5516 1176 5588 praediorum
1203 5519 1487 5576 curialium
1507 5535 1615 5575 non
1638 5517 1796 5581 valet,
1825 5517 1926 5572 nisi
1955 5517 2051 5571 fiat

460 5597 623 5660 causa
655 5587 887 5660 probata
923 5589 1064 5658 apud
1107 5603 1226 5645 acta
1276 5591 1533 5660 praesidis,
1578 5592 1613 5643 1.
1657 5589 1710 5655 2,
1740 5589 1798 5643 C.
1846 5588 1920 5641 Dc
1953 5590 2043 5657 off.

460 5657 572 5722 ejus
602 5657 806 5730 auirio.
839 5659 908 5711 al.
936 5659 1053 5730 jml.
1101 5661 1228 5722 obt.,
1274 5657 1359 5715 vel
1404 5663 1640 5730 pmalecti
1686 5662 1937 5729 pia-torio
1983 5675 2046 5713 cx"

463 5739 588 5802 nov.
625 5724 898 5802 Maioriani
936 5724 1003 5783 ile
1047 5733 1352 5786 curialibus.
1403 5724 1505 5798 Qui
1551 5724 1807 5801 praedium
1848 5731 2049 5802 curialc

463 5796 769 5870 emitnsine
780 5798 1002 5870 decreto
1031 5802 1215 5855 curiali
1236 5796 1499 5856 venditori
1534 5796 1767 5857 restituit
1793 5799 2050 5870 prandium

463 5877 589 5940 (uni
619 5863 892 5940 fructibus,
937 5884 1033 5940 nec
1063 5879 1238 5924 l‘Jillt‘ll
1270 5873 1335 5924 al)
1377 5887 1440 5926 eo
1470 5874 1695 5940 pretium
1731 5863 1939 5938 recipit,
1965 5873 2050 5926 vel

464 5934 883 5994 meliorationes.
916 5938 1150 6009 Equum
1182 5942 1344 6012 igitur
1374 5934 1480 6012 est,
1502 5953 1556 5999 ut
1581 5944 1669 6012 qui
1700 5945 1760 6001 .iij;
1796 5934 1909 5998 cum
1937 5959 2046 5999 Citl-

2166 4726 2339 4783 mines
2361 4724 2616 4796 caligines
2651 4724 2966 4797 profundas,
2996 4726 3183 4781 vivunt
3218 4725 3337 4784 sine
3373 4731 3642 4798 supernis,
3671 4746 3760 4786 ex-

2165 4819 2346 4874 sulant
2372 4833 2404 4874 a
2428 4819 2573 4886 sole;
2599 4827 2655 4874 et
2683 4817 2813 4873 dum
2841 4817 2942 4874 sub
2972 4817 3129 4875 terris
3153 4818 3474 4890 compendia
3495 4831 3757 4893 qumrunt,

2165 4927 2549 4981 nonnunquam
2571 4911 2706 4968 lucis
2725 4911 2917 4982 gaudia
2937 4910 3336 4982 derelinquunt.
3359 4911 3456 4969 Est
3477 4914 3758 4984 aliqua:qu

2168 5005 2272 5061 illis
2297 5004 2451 5060 ruina
2474 5005 2562 5060 via
2589 5020 2706 5073 sua,
2731 5013 2786 5060 et
2805 5003 3008 5060 reditus
3031 5019 3324 5075 procurare
3351 5016 3645 5076 nequeunt,
3671 5007 3755 5077 qui

2166 5098 2394 5170 pedibus
2433 5101 2544 5155 suis
2586 5100 2806 5156 semitas
2850 5099 3094 5170 operosis
3143 5099 3392 5156 manibus
3442 5099 3750 5157 effecerunt.

2163 5188 2272 5246 Sed
2313 5189 2508 5262 quibus
2553 5189 2760 5246 cautior
2806 5204 2914 5256 ars,
2964 5189 3076 5244 vita
3120 5187 3328 5246 felicior
3371 5198 3458 5246 est
3499 5208 3513 5244 :
3559 5192 3754 5247 intrant

2163 5289 2404 5353 egentes,
2433 5289 2637 5338 exeunt
2661 5280 2933 5354 opulenti;
2965 5279 3083 5338 sine
3104 5278 3248 5338 furto
3277 5280 3494 5341 divitias
3519 5283 3751 5355 rapiunt,

2156 5520 2394 5591 pti‘oncm
2411 5517 2702 5576 accesserit
2720 5518 2950 5591 pretium
2964 5517 3178 5591 amittat
3197 5523 3251 5591 et
3271 5527 3534 5591 sumptus.
3563 5518 3742 5591 Bnoss.

2227 5535 2394 5576 Ionem
2411 5533 2702 5576 accesserit
2720 5533 2950 5643 pretium
2964 5533 3178 5574 amittat
3197 5533 3251 5572 et
3271 5533 3534 5591 sumptus.
3563 5533 3739 5574 b‘noss.

2227 5589 2255 5629 ι’
2294 5591 2438 5648 Idem
2485 5592 2643 5662 epist.
2685 5606 2717 5644 u
2745 5600 2780 5643 t.
2823 5588 2916 5643 lib.
2959 5604 3049 5643 vn.
3089 5588 3376 5662 Justinian.
3410 5590 3614 5662 Novell.
3647 5590 3739 5643 lOl

2156 5670 2402 5723 vetatra;
2436 5660 2606 5724 οὖσῖίας
2629 5671 2728 5718 τῶν
2751 5662 3037 5733 βουλευτῶν
3064 5661 3173 5735 κριτ’
3191 5660 3369 5715 οὐδένα
3395 5661 3744 5735 τρόπον-ὠλφ

2156 5737 2533 5809 τίλιοῦ-σοαιᾹτῆς
2549 5735 2731 5809 βουλῆς
2752 5731 2840 5794 ἑῆς
2866 5733 3057 5809 πόλεως
3080 5731 3136 5794 ἧς
3150 5737 3251 5786 εἱσι
3268 5731 3562 5809 gavisi-Iron.
3577 5733 3741 5809 Εριξι.

2233 5817 2254 5842 π
2288 5805 2445 5859 Nervi
2476 5803 2750 5859 civitatum
2780 5803 3010 5859 curiales
3041 5819 3108 5859 ex
3138 5803 3334 5859 novell.
3377 5803 3655 5875 Maioriani
3675 5803 3744 5860 de

2160 5877 2467 5938 curialibus.
2497 5875 2688 5931 JURET.
