3958 6450
128 373 260 434 769
1477 361 1837 422 VARIARUM
1877 361 2076 420 LIBER
2113 361 2203 418 IX.
3363 365 3476 429 770

131 487 372 562 optatis
398 485 685 547 thesauris
709 485 826 542 sine
852 483 1047 542 invidia
1067 483 1432 557 perfruuntur,
1459 487 1514 540 et
1539 482 1640 537 soli
1659 489 1786 538 sunt
1813 483 1864 544 Α
1887 491 1943 536 et
1971 486 2084 534 tum
2111 479 2300 534 adesse
2327 475 2455 547 quid
2481 476 2740 548 proderit,
2785 476 2832 538 si
2861 493 2985 538 eum
3011 482 3288 558 contingat
3325 486 3474 544 defe-

132 581 472 638 hominum
520 579 613 651 qui
655 579 860 650 absque
906 577 1012 633 ulla
1062 575 1452 633 nundinatione
1497 575 1670 645 pretia
1706 574 1786 629 vi-
1887 581 2032 629 etum
2055 571 2257 627 viribus
2287 570 2550 627 inveniri?
2595 571 2798 629 Similis
2826 576 3024 647 quippe
3064 585 3148 633 est
3176 579 3408 645 absenti,
3442 594 3474 634 a

133 672 410 731 deantur
435 671 748 742 acquirere.
774 669 898 727 Mox
926 668 1068 726 enim
1099 677 1159 724 ut
1186 683 1431 738 supernae
1457 667 1564 722 luci
1592 663 1788 722 fuerint
1886 680 1994 736 quo
2035 681 2144 723 non
2170 665 2446 738 potuerint
2489 664 2751 736 imperata
2781 669 3060 740 compleri.
3100 672 3304 729 Deinde
3347 673 3475 728 dum

135 762 458 833 restituti,
515 763 724 820 minuta
778 776 1005 833 qumque
1059 759 1305 831 graviora
1359 757 1788 816 discernentibus
1887 757 2036 813 curia
2086 757 2367 828 multiplici
2416 758 2806 814 numerositate
2833 759 3064 829 ltetctur,
3115 778 3224 819 non
3261 762 3478 820 videtur

135 858 318 930 aquis
351 872 391 913 a
423 857 699 929 genitrice
725 863 870 912 terra
907 862 1186 926 separant;
1217 868 1282 910 ac
1313 853 1565 910 ﬁctilibus
1595 865 1786 906 recono
1886 851 2134 922 perculsa
2157 851 2366 907 damnis
2390 865 2592 922 paucos
2619 851 2918 922 perdidisse
2945 855 3012 910 de
3037 855 3299 926 plurimis.
3331 857 3478 924 Qua-

136 951 291 1018 dita,
325 956 515 1006 vasta
533 939 765 1005 fornace
790 946 1118 1018 decoquunt,
1146 945 1322 1002 donec
1347 944 1621 1001 solvantur
1642 941 1788 996 utili-
1887 951 2111 1014 propter
2138 943 2358 999 illustris
2394 942 2792 1013 magniﬁcentia
2815 953 2906 1000 tua
2934 945 3306 1015 Agenantiam,
3339 963 3477 1004 uxo-

137 1051 232 1098 ter
264 1040 333 1096 in
382 1040 691 1112 liquorem.
723 1037 887 1094 Rivos
915 1051 1131 1108 quoque
1159 1037 1227 1092 de
1267 1035 1481 1090 ﬁamma
1508 1033 1787 1090 venientes
1888 1050 2003 1091 rem
2023 1035 2374 1107 Campaniani
2401 1036 2503 1091 viri
2531 1036 2891 1104 disertissimi,
2913 1038 2968 1093 in
2996 1036 3233 1094 Lucania
3257 1041 3479 1110 provin-

139 1139 314 1189 tanto
345 1130 500 1204 igne
527 1129 682 1204 153
701 1129 1022 1200 depurgant,
1043 1141 1325 1199 quousque
1339 1123 1786 1199 pulchritudinem
1888 1127 1970 1184 cia
1999 1129 2368 1197 constitutam,
2414 1127 2661 1198 ﬁliosque
2699 1143 2889 1184 eorum
2915 1129 2984 1185 de
3011 1130 3136 1186 albo
3167 1131 3328 1186 curia:
3367 1145 3480 1186 suae

134 1227 231 1283 sui
277 1225 571 1298 prodant,
597 1239 761 1297 quam
799 1230 1012 1280 terrena
1054 1221 1280 1288 viscera,
1325 1234 1395 1276 ne
1437 1224 1784 1288 cuperentur,

138 1315 612 1374 absconderant.
663 1313 905 1371 Vincitur
944 1320 1158 1380 natura,
1196 1311 1324 1368 dum
1370 1324 1491 1367 eam
1539 1308 1788 1364 meliorat

139 1408 476 1466 industria.
509 1406 790 1464 Pulchrior
816 1412 900 1462 est
924 1404 1054 1460 dum
1081 1403 1293 1470 arserit,
1323 1401 1504 1474 potior
1529 1399 1656 1455 dum
1688 1398 1786 1454 de-

144 1500 425 1570 coxerit;
459 1498 592 1572 quia
616 1505 824 1554 tantum
863 1495 1058 1554 crescit
1085 1495 1153 1550 ad
1180 1493 1375 1564 pretia,
1398 1499 1598 1563 quanta
1627 1490 1788 1546 fuerit

140 1591 510 1650 sinceritate
552 1591 830 1648 mundata.
879 1587 1042 1659 Origo
1081 1585 1300 1659 quidem
1342 1583 1558 1650 nobilis,
1595 1581 1693 1640 sed
1719 1581 1790 1639 de

145 1681 398 1740 ﬂamma
451 1681 680 1754 suscipit
719 1679 829 1737 vim
873 1679 1104 1747 coloris;
1147 1685 1208 1734 ut
1247 1677 1420 1748 magis
1447 1673 1636 1732 credas
1663 1673 1789 1730 inde
1889 1677 2182 1734 hilominus
2224 1677 2499 1734 molestias
2539 1692 2674 1748 quas
2719 1677 2821 1747 ipsi
2859 1677 2981 1734 aliis
3017 1679 3351 1749 ingerebant.
3395 1683 3479 1740 Ad

145 1775 359 1846 nasci,
406 1773 570 1847 cujus
611 1771 962 1832 similitudine
1006 1770 1217 1828 videtur
1255 1769 1459 1829 ornari.
1509 1768 1617 1826 Sed
1664 1782 1788 1824 eum
1889 1770 2088 1826 tributa
2114 1771 2258 1826 enim
2282 1771 2442 1828 solita
2465 1769 2850 1838 turbabuntur;
2890 1771 3085 1828 faciem
3117 1775 3476 1845 compulsoris

148 1883 302 1926 auro
355 1869 576 1925 tribuat
617 1867 956 1938 splendidum
995 1868 1272 1935 ruborem,
1313 1873 1536 1938 argento
1578 1863 1788 1922 confert
1813 1883 1864 1948 Β
1893 1861 2190 1919 horrebunt
2219 1866 2271 1934 (a
2299 1863 2658 1934 potestatibus
2680 1863 2828 1934 jussa
2857 1865 3005 1934 prius
3030 1865 3245 1922 venisse
3272 1869 3483 1925 nescie-

147 1960 523 2017 albissimam
568 1959 774 2026 lucem;
823 1967 882 2016 ut
925 1959 1120 2014 mirum
1147 1959 1216 2014 sit
1245 1974 1404 2014 unam
1431 1957 1786 2015 substantiam
1889 1957 2064 2029 bant),
2097 1965 2154 2012 et
2177 1957 2360 2014 votiva
2388 1957 2693 2029 ignorantia
2739 1961 2968 2032 fatigati,
3017 1963 3310 2022 formidare
3335 1966 3488 2026 dele-

150 2053 401 2110 tradere
424 2051 576 2123 quod
596 2052 758 2109 rebus
783 2051 1127 2109 dissimilibus
1147 2051 1318 2123 possit
1342 2052 1534 2123 aptari.
1558 2049 1789 2107 Proinde

149 2145 453 2218 quidquid
492 2145 562 2201 ad
602 2144 963 2202 exercendam
993 2145 1150 2217 hujus
1178 2146 1308 2202 artis
1339 2145 1589 2216 peritiam
1616 2145 1787 2217 perti-

154 2253 309 2296 nere
367 2239 726 2310 cognoscitis,
775 2237 1045 2295 ordinatio
1095 2247 1276 2295 vestra
1318 2236 1592 2310 perﬁciat;
1633 2247 1693 2293 ut
1734 2245 1792 2294 et

159 2337 325 2385 terra
380 2329 698 2386 Brutiorum
731 2344 800 2386 ex
836 2344 898 2385 se
943 2331 1220 2398 tributum,
1250 2330 1394 2401 quod
1427 2330 1558 2387 dare
1597 2331 1787 2402 possit,

161 2425 456 2491 inveniat,
487 2439 608 2495 qua:
634 2424 896 2482 fructibus
923 2424 1142 2496 copiosa
1171 2424 1426 2480 luxuriat.
1459 2423 1624 2480 Decet
1644 2423 1789 2480 enim

164 2527 230 2574 ut
259 2518 421 2576 inter
447 2526 598 2574 tanta
625 2519 789 2586 bona,
813 2533 914 2575 nec
940 2518 1030 2574 illa
1055 2517 1231 2574 desint
1254 2533 1376 2588 quze
1397 2527 1656 2589 putantur
1671 2531 1792 2575 esse

164 2611 484 2682 prtecipua.
514 2609 624 2666 Cur
652 2611 794 2666 enim
818 2609 1001 2680 jaceat
1029 2609 1146 2665 sine
1176 2625 1276 2666 usu
1302 2609 1452 2684 [Ed.,
1484 2607 1634 2678 Niv.,
1663 2609 1790 2679 6a.,

169 2703 272 2758 Gr.
307 2713 364 2759 et
397 2703 542 2776 Cuj.,
580 2701 748 2774 cultu]
780 2701 925 2774 quod
960 2701 1254 2758 honestum
1282 2709 1462 2773 potest
1489 2715 1608 2758 esse
1636 2715 1790 2757 com-

168 2795 484 2867 pendium?
511 2794 717 2851 Aurum
757 2793 1020 2863 siquidem
1064 2808 1162 2865 per
1204 2793 1344 2849 bella
1367 2807 1610 2863 quaerere
1638 2791 1790 2848 nefas

1889 1215 2052 1274 faciat
2096 1217 2385 1288 diligenter
2429 1217 2634 1286 abradi,
2686 1226 2747 1275 ut
2794 1227 3025 1276 ventura
3053 1222 3343 1293 posteritas
3383 1235 3480 1278 ne-

1888 1310 2025 1366 sciat
2051 1309 2234 1379 fuisse,
2264 1310 2408 1382 quod
2435 1317 2648 1367 vetatur
2680 1310 2896 1381 abigere
2925 1311 3063 1385 [Jun
3089 1329 3107 1368 :
3154 1313 3338 1382 Forte,
3381 1311 3481 1368 ob-

1883 1400 2082 1472 jicere;
2113 1400 2244 1470 118.,
2281 1401 2522 1474 obigere]
2550 1420 2564 1457 :
2595 1402 2721 1472 quia
2757 1403 3024 1459 calumnia
3063 1421 3173 1461 non
3198 1404 3478 1476 prtesumi-

1889 1502 1998 1562 tur,
2025 1495 2116 1552 ubi
2140 1496 2319 1566 aliqua
2339 1495 2589 1567 probatio
2616 1511 2724 1551 non
2740 1495 2987 1551 habetur.
3019 1496 3252 1552 Proinde
3280 1497 3333 1552 in
3355 1509 3480 1568 pos-

1889 1601 2162 1645 sessorum
2191 1603 2416 1644 numero
2462 1587 2642 1658 potius
2696 1586 3052 1654 collocentur,
3086 1597 3112 1628 η
3143 1590 3352 1659 passuri
3394 1589 3482 1646 ni-

1889 2059 2012 2124 gata
2042 2053 2297 2126 incipient
2325 2067 2423 2124 per
2449 2068 2568 2124 qua:
2592 2063 2751 2111 antea
2779 2056 3127 2113 timebantur.
3157 2058 3292 2116 Nam
3322 2069 3379 2117 et
3415 2077 3485 2118 ex

1890 2161 1955 2203 ea
1982 2153 2134 2216 parte
2158 2145 2315 2202 bonis
2332 2147 2572 2204 moribus
2593 2148 2789 2205 vixisse
2805 2150 3068 2220 probandi
3093 2159 3238 2220 sunt,
3267 2155 3486 2224 quando

1888 2239 2264 2311 perpetiuntur
2285 2239 2428 2296 inter
2467 2240 2590 2298 illos
2616 2242 2776 2298 otiosi
2806 2243 3009 2311 vivere,
3035 2260 3265 2314 quorum
3290 2261 3349 2303 se
3375 2233 3488 2304 non

1889 2340 2223 2402 cognoscunt
2270 2331 2397 2387 odia
2448 2332 2733 2390 meruisse.
2790 2333 3006 2405 Alioqui
3058 2335 3207 2410 [Niv.
3255 2345 3305 2394 et
3354 2338 3480 2409 0a.,

1891 2424 2079 2496 aliqui]
2108 2441 2216 2481 non
2245 2433 2558 2496 paterentur
2585 2426 2685 2482 sub
2714 2425 2818 2482 illis
2847 2443 2987 2494 esse,
3016 2442 3156 2498 quos
3192 2444 3254 2486 se
3274 2444 3484 2501 cogno-

1889 2520 2112 2576 scebant
2137 2518 2291 2574 malis
2319 2518 2526 2575 actibus
2555 2518 2829 2575 incitasse.
2861 2518 3131 2576 Fruamur
3156 2535 3287 2592 ergo
3317 2523 3486 2579 bene-

1894 2610 2019 2667 ﬁcio
2057 2611 2379 2681 principali;
2407 2611 2593 2666 vivant
2640 2611 2864 2668 remissa
2893 2627 3030 2682 pace
3068 2613 3364 2683 tranquilli,
3395 2629 3490 2687 qut

1891 2702 2103 2759 fuerant
2131 2702 2186 2756 in
2215 2701 2484 2757 actionum
2509 2716 2728 2757 suarum
2753 2701 3013 2772 qualitate
3041 2703 3348 2773 compositi.

2467 2811 2805 2868 EPISTOLA
2842 2813 2911 2870 ν.

171 2895 297 2955 est;
351 2901 458 2958 per
501 2886 704 2956 maria,
752 2883 1082 2956 perieulum;
1132 2899 1229 2955 per
1255 2883 1537 2950 lalsitates,
1588 2897 1790 2954 oppro-

171 2977 405 3044 brium;
436 2977 492 3033 in
534 2990 632 3034 sua
681 2990 814 3032 vero
860 2982 1072 3042 natura,
1118 2974 1343 3045 justitia.
1387 2973 1625 3030 Honesta
1660 2991 1790 3032 vero

173 3078 316 3128 sunt
341 3069 498 3125 lucra
522 3083 621 3140 per
647 3082 768 3138 qua:
799 3081 958 3124 nemo
986 3065 1216 3133 laeditur,
1250 3074 1306 3121 et
1330 3065 1470 3122 bene
1495 3066 1792 3137 acquiritur

175 3163 342 3234 quod
369 3177 402 3216 a
431 3161 591 3218 nullis
619 3160 798 3216 adhuc
825 3159 1058 3216 dominis
1087 3159 1395 3228 abrogatur.
1426 3157 1672 3230 Gryphes
1691 3173 1790 3214 au-

2046 2921 2311 2964 EPISCOPIS
2355 2923 2425 2962 ΕΤ
2467 2921 2766 2962 ιιοΝοιιΑτιε
2801 2923 3166 2966 ATHALARICUS
3201 2923 3330 2966 RBX.

1895 2999 2175 3068 Constituit
2201 3004 2257 3050 ut
2284 2997 2373 3068 qui
2417 2997 2472 3068 in
2503 3013 2727 3068 annona:
2754 2997 3006 3052 charitate
3051 3000 3311 3068 frumenta
3340 3002 3487 3059 abdi-

2145 3067 2349 3134 derunt,
2388 3067 2480 3122 illa
2515 3067 2779 3123 moderato
2805 3069 2968 3138 pretio
2997 3067 3240 3124 vendant.

1969 3179 2348 3237 Possessorum
2376 3179 2637 3236 territorii
2663 3181 2827 3236 vestri
2852 3181 3073 3250 querela
3102 3181 3488 3251 comperimus,

178 3271 311 3311 rum
357 3254 562 3326 jugiter
604 3255 857 3326 leguntur
900 3252 1154 3320 effodere,
1187 3260 1349 3322 atque
1387 3251 1546 3322 hujus
1589 3251 1792 3309 metalli

1901 3285 2060 3342 supra
2091 3272 2348 3343 temporis
2368 3269 2744 3328 necessitatem
2767 3271 3122 3341 quorumdam
3146 3271 3343 3326 civium
3364 3285 3490 3326 suo-

181 3347 538 3419 inspectione
559 3346 796 3416 gaudere
824 3363 836 3400 :
861 3345 1057 3416 quibus
1083 3345 1337 3417 quoniam
1367 3359 1475 3400 non
1505 3353 1588 3401 est
1616 3346 1790 3402 ambi-

184 3450 278 3499 tus
322 3440 487 3510 lucri,
512 3438 821 3512 cupiditatis
861 3437 1087 3495 crimine
1121 3452 1230 3494 non
1259 3437 1509 3494 dicuntur
1536 3437 1787 3506 accendi;

185 3533 426 3600 scilicet,
457 3532 585 3603 quia
613 3531 792 3588 omnis
819 3539 972 3588 actus
998 3531 1054 3587 in
1083 3530 1346 3602 qualitate
1383 3532 1645 3604 propositi
1685 3537 1790 3598 est,

188 3636 247 3685 et
272 3643 388 3684 non
419 3634 504 3683 est
525 3625 938 3698 vituperandum
965 3623 1110 3694 quod
1139 3625 1284 3680 nulla
1320 3623 1480 3680 fuerit
1515 3624 1794 3680 voluntate

190 3718 481 3776 lascivum.
509 3717 630 3773 Sint
656 3731 786 3787 ergo
815 3715 1004 3773 sedula
1032 3716 1352 3788 operatione
1380 3715 1620 3772 continui
1649 3730 1794 3785 quae-

192 3818 332 3881 stus,
381 3810 643 3867 invidiam
691 3823 802 3866 non
848 3815 1174 3881 pavescant;
1213 3809 1358 3879 quod
1393 3822 1482 3864 ars
1516 3807 1730 3878 dicitur,
1761 3823 1795 3864 τι

193 3903 428 3960 crimine
453 3902 732 3960 liberatur.

761 4033 1095 4093 EPISTOLA
1131 4034 1218 4090 IV.

233 4144 573 4186 ABUNDANTIO
601 4144 894 4186 PREFBCTO
919 4143 1203 4186 PBETOKIO
1227 4142 1594 4185 ATEALARICUS
1635 4143 1763 4184 REX.

200 4221 447 4280 Decemit
473 4233 536 4295 ut
551 4223 920 4295 Agenantt'am,
951 4239 1166 4278 uxorem
1193 4220 1560 4295 Campaniani,
1593 4230 1644 4276 et
1674 4221 1800 4276 libe-

266 4312 353 4350 ros
377 4310 446 4349 ex
487 4292 900 4350 albo—curialium
929 4303 1212 4365 expunget,
1261 4298 1312 4346 et
1355 4292 1410 4346 in
1446 4307 1802 4363 possessorum

270 4381 487 4420 numero
516 4365 744 4420 collocet.

271 4482 426 4540 Felix
455 4481 676 4553 querela
704 4488 810 4547 est,
850 4476 1071 4551 quando
1116 4477 1264 4548 leges
1303 4478 1507 4549 pietate
1535 4491 1802 4547 superan-

207 4583 317 4642 tur;
350 4581 412 4630 et
436 4573 597 4628 beata
624 4570 860 4629 conditio
885 4569 1272 4639 subjectorum,
1303 4568 1350 4625 si
1378 4575 1708 4638 cognoscant
1747 4566 1806 4622 il-

1895 3377 2019 3418 rum
2064 3363 2456 3420 exsecrabilem
2503 3363 2774 3420 sustinere
2827 3363 3108 3428 saevitiam,
3162 3363 3291 3420 dum
3318 3363 3494 3434 primo

1897 3460 2143 3525 tempore
2198 3454 2400 3526 panicii
2456 3454 2691 3525 speciem
2738 3463 3048 3526 coemptam
3096 3455 3154 3510 in
3214 3456 3490 3527 propriam

1897 3546 2155 3617 redegere
2193 3547 2568 3612 substantiam,
2601 3554 2908 3618 spectantes
2937 3547 3255 3604 charitatcm
3294 3549 3494 3604 medio-

1897 3639 2074 3696 cribus
2101 3653 2338 3709 gravem,
2371 3646 2430 3694 ut
2457 3639 2674 3710 parcius
2699 3640 3088 3710 reponentibus
3108 3638 3488 3700 detestabilem

1899 3731 2134 3787 inferant
2171 3730 2489 3798 nuditatem,
2541 3730 2756 3801 quando
2799 3731 3044 3787 homines
3069 3731 3124 3786 in
3164 3729 3319 3788 fatuis
3349 3731 3496 3802 peri-

1897 3823 2021 3879 culo
2061 3823 2338 3879 constituti
2387 3832 2642 3892 rogantes
2691 3821 2924 3878 oﬁ‘erunt
2968 3838 3104 3893 quos
3152 3837 3211 3876 se
3263 3822 3499 3893 spoliare

1899 3929 2060 3986 posse
2101 3920 2453 3985 cognoscunt.
2501 3913 2563 3968 In
2605 3913 2928 3970 necessitate
2969 3911 3232 3981 siquidem
3259 3911 3499 3981 penuriae

1899 4004 2062 4074 pretii
2083 4005 2229 4059 nulla
2257 4003 2535 4060 contentio
2592 4010 2698 4071 est,
2747 4003 2876 4059 dum
2905 4003 3106 4073 patitur
3134 4003 3255 4072 quis
3292 4001 3497 4070 induci,

1901 4111 1971 4152 ne
1997 4096 2168 4168 possit
2199 4096 2377 4166 aliqua
2422 4094 2674 4150 tarditate
2721 4093 2960 4164 percelli.
3013 4091 3142 4148 Ilaec
3183 4092 3345 4164 igitur
3371 4101 3499 4150 veta

1900 4188 2237 4255 damnantes,
2273 4196 2566 4258 praesentes
2593 4185 2884 4240 direximus
2911 4183 3227 4255 portitores,
3286 4193 3346 4240 ut
3386 4184 3502 4242 sive

1903 4280 1958 4335 in
1995 4279 2165 4349 gradu
2189 4277 2254 4348 ι»,
2293 4278 2406 4333 sive
2427 4277 2492 4332 in.
2526 4276 2643 4332 aliis
2672 4275 2806 4333 locis
2851 4275 3242 4331 frumentorum
3281 4274 3500 4332 condita

1904 4372 2180 4444 potuerint
2197 4371 2458 4438 invenire,
2477 4376 2682 4425 tantum
2711 4367 2814 4425 sibi
2834 4366 3198 4438 unusquisque
3225 4367 3498 4437 dominus,

1905 4463 1992 4519 vel
2043 4463 2258 4518 familia:
2298 4477 2408 4518 suae
2462 4462 2725 4528 retineat,
2781 4470 3039 4532 quantum
3088 4475 3148 4517 se
3197 4460 3500 4533 expendere

1907 4571 2069 4629 posse
2119 4555 2436 4627 cognoscit:
2485 4554 2756 4624 reliquum
2812 4553 3237 4626 periclitantibus
3279 4555 3498 4624 vendat,

209 4666 313 4722 lum
346 4665 470 4722 aliis
490 4665 791 4731 misertum,
822 4677 985 4733 quem
1026 4669 1083 4717 et
1110 4661 1212 4718 sibi
1252 4667 1443 4732 optant
1471 4674 1591 4716 esse
1618 4660 1796 4730 propi-

1906 4649 2260 4721 praescntibus
2287 4647 2493 4705 scilicet
2532 4645 2722 4702 harum
2751 4647 2970 4717 gerulis,
3016 4648 3107 4717 qui
3135 4648 3203 4703 ad
3231 4664 3350 4704 eam
3381 4666 3498 4706 rem

212 4759 363 4816 tium.
410 4757 596 4828 Neque
631 4757 776 4812 enim
811 4755 883 4812 ob
911 4755 1056 4811 aliud
1084 4753 1313 4811 curiales
1359 4753 1506 4822 leges
1555 4754 1807 4810 sacratis-

213 4853 360 4909 sima;
399 4851 720 4922 ligaverunt,
749 4850 854 4906 nisi
895 4859 956 4905 ut
979 4864 1102 4905 cum
1128 4849 1250 4904 illos
1277 4847 1380 4904 soli
1402 4847 1678 4918 principes
1709 4848 1805 4905 ab-

215 4944 506 5011 solverent,
533 4940 880 5012 indulgentia:
901 4940 1172 5012 praeconia
1195 4939 1528 5011 reperirent;
1569 4939 1676 4996 hoc
1701 4949 1802 5008 est,

218 5035 304 5092 ubi
331 5035 586 5093 dominus
619 5035 906 5092 adversum
929 5049 1026 5090 sua
1048 5032 1249 5104 judicia
1276 5033 1492 5089 amabili
1521 5041 1804 5089 concerta-

218 5128 363 5186 tione
385 5127 634 5186 dissentit
660 5147 674 5183 :
704 5127 920 5197 quando
943 5135 1000 5183 et
1025 5125 1193 5198 ipsius
1207 5125 1450 5196 quasdam
1469 5125 1678 5196 justitia
1699 5132 1801 5193 est,

223 5226 278 5272 ut
314 5219 410 5289 qui
458 5218 581 5290 pius
628 5216 858 5284 dicitur,
908 5215 1260 5271 districtionis
1308 5214 1539 5270 termino
1584 5213 1807 5270 minime

225 5317 486 5366 teneatur.
513 5309 647 5365 Nam
675 5316 733 5364 et
769 5308 873 5363 iste
896 5305 1116 5375 quidam
1144 5304 1481 5361 rationabilis
1525 5303 1660 5361 ordo
1703 5310 1805 5372 est,

226 5402 408 5458 militia
453 5400 671 5458 tandem
700 5397 946 5464 solvere,
977 5395 1069 5466 qui
1112 5395 1348 5467 impares
1376 5395 1650 5452 laboribus
1677 5410 1806 5466 pro-

228 5493 415 5549 bantur
451 5493 710 5549 existere.
740 5487 973 5546 Curialis
1020 5487 1184 5556 enim,
1236 5485 1283 5541 si
1327 5486 1474 5543 nulla
1502 5485 1810 5543 valetudine

229 5587 468 5658 corporis
495 5584 822 5651 continetur,
847 5579 916 5637 ad
938 5579 1084 5638 solas
1111 5579 1458 5650 deceptiones
1489 5579 1804 5651 apponitur;

301 5730 327 5762 ⁸
359 5723 476 5780 Hoc
501 5721 626 5780 ideo
657 5721 808 5790 dicit,
837 5720 964 5792 quia
989 5717 1218 5792 curiales
1245 5717 1554 5792 tractabant
1582 5717 1804 5792 tributa,

233 5801 285 5850 et
320 5795 386 5851 ab
423 5794 528 5850 illis
555 5787 991 5851 distributionum
1018 5790 1190 5848 forma
1227 5787 1573 5860 procedebat,
1617 5797 1676 5843 ut
1713 5787 1806 5860 ,1αέ-

234 5871 331 5923 ret.
361 5863 494 5923 dicit
516 5879 576 5920 se
613 5871 830 5920 notasse
858 5862 926 5917 ad
953 5859 1256 5933 Symmach}
1295 5859 1387 5933 lib.
1418 5875 1491 5933 rx,
1522 5859 1800 5933 epistnIO.

299 5933 328 5983 δ
365 5935 528 5996 Panis
549 5934 787 6016 gradilis,
829 5933 897 5993 de
932 5931 1183 6010 gradibus
1209 5931 1326 5990 dari
1371 5931 1561 5996 solitus
1587 5931 1804 6008 eivibus

1910 4740 2164 4797 destinati
2207 4753 2327 4795 esse
2374 4745 2714 4794 noscuntur:
2771 4735 3050 4793 moderata
3107 4744 3287 4794 tamen
3340 4738 3502 4809 pretii

1908 4831 2230 4903 quantitate,
2263 4845 2370 4900 qua
2391 4844 2516 4885 eum
2545 4827 2850 4884 constiterit
2878 4843 2908 4883 a
2931 4828 3041 4884 suis
3078 4828 3502 4898 provincialibus

1909 4937 2288 4993 comparasse;
2320 4928 2381 4976 ut
2418 4935 2520 4976 nec
2563 4919 2788 4974 nimium
2834 4925 3089 4988 gravetur
3110 4918 3202 4988 qui
3245 4919 3394 4984 emit,
3446 4926 3503 4973 et

1909 5014 2091 5084 aliquo
2117 5011 2438 5083 compendio
2466 5009 2714 5066 foveatur
2735 5008 2828 5065 ille
2849 5008 2939 5079 qui
2959 5007 3230 5064 distrahit.
3261 5007 3502 5076 Quapro-

1908 5116 2030 5181 pter
2055 5106 2344 5162 libentibus
2369 5105 2562 5160 animis
2589 5103 2809 5176 implete
2842 5117 2961 5174 quae
3000 5101 3149 5171 jussa
3193 5108 3343 5168 sunt;
3374 5101 3500 5169 quia

1905 5204 2061 5259 vobis
2087 5202 2293 5258 debetis
2317 5201 2371 5255 in
2392 5199 2492 5255 hac
2519 5208 2672 5271 parte
2694 5197 2977 5256 consulere
3004 5194 3252 5262 invicem,
3282 5209 3350 5249 ne
3372 5194 3499 5249 dum

1910 5296 2229 5353 charitatem
2249 5294 2469 5348 nimiam
2499 5292 2758 5364 quaeritis,
2803 5289 3097 5346 scelestum
3116 5285 3272 5342 vobis
3297 5283 3503 5355 aliquid

1910 5389 2088 5461 potius
2115 5387 2280 5460 (quod
2300 5385 2459 5457 absit)
2483 5385 2701 5456 optetis.
2727 5382 2806 5438 Ne
2837 5380 2956 5452 quis
2982 5395 3112 5450 ergo
3135 5378 3502 5435 venditionem

1911 5479 2014 5536 sibi
2044 5477 2349 5549 impositam
2377 5483 2765 5548 conqueratur,
2795 5472 2932 5528 sciat
2969 5470 3272 5526 libertatem
3310 5469 3365 5524 in
3398 5468 3505 5523 eri-

1913 5576 2058 5634 mine
2083 5589 2194 5631 non
2213 5573 2445 5644 requiri;
2478 5571 2576 5628 sed
2606 5566 2739 5624 illud
2766 5566 2897 5624 boni
2921 5564 3120 5635 ingenii
3158 5562 3329 5632 magis
3359 5576 3501 5633 esse,

1906 5716 2026 5773 sine
2052 5713 2248 5784 pretio,
2290 5720 2350 5784 ut
2391 5727 2458 5766 ex
2485 5708 2708 5784 singulis
2754 5708 2868 5784 fere
2894 5706 3123 5784 _legi_bus
3144 5705 3254 5784 _t_it.
3286 5703 3375 5769 17,
3401 5703 3502 5784 lib.

1907 5803 2015 5854 xrv,
2039 5777 2100 5841 C.
2149 5777 2379 5854 Theod.,
2416 5777 2736 5854 ostenditur.
2767 5778 3118 5854 Prudentius,
3143 5777 3236 5854 lib.
3268 5792 3286 5833 ι
3315 5783 3506 5854 contra

1907 5845 2213 5929 Syriunaeh.
2247 5845 2511 5929 Cujaeius,
2557 5850 2626 5906 ad
2672 5851 2756 5910 tit.
2805 5849 2872 5908 de
2920 5849 3149 5908 conditis
3194 5849 3250 5905 in
3300 5845 3502 5922 public.

1907 5923 2080 5998 born,
2105 5925 2196 5984 lib.
2220 5940 2256 5980 ι
2281 5923 2416 5989 Cod.
2446 5923 2613 5982 Fons.
