3958 6450
228 410 347 469 773

1508 411 1880 474 WARIARUM
1918 414 2124 478 unus
2163 396 2270 478 ix:

3433 413 3544 495 ’ἧι

223 525 379 594 φωτὶ
413 526 470 581 in
489 523 580 582 illa
606 525 825 585 civitate
849 529 1148 602 peragitur.
1178 521 1353 600 Quem
1387 529 1501 600 jam
1529 530 1632 587 sibi
1669 529 1836 600 judex
1871 537 1919 595 Α
1949 531 2158 592 insidiis
2184 552 2197 588 :
2222 535 2350 606 quia
2370 549 2482 594 non
2504 536 2684 596 minus
2709 545 2795 598 est
2818 539 3020 599 malrum
3043 540 3296 602 bellicum
3323 545 3543 608 vitasse.

227 617 510 686 piae-itum
536 616 715 685 faciat,
743 619 792 676 si
830 619 982 677 illum
1011 631 1261 678 senatum
1303 627 1472 676 tantae
1499 620 1847 691 benignitatis

227 706 520 764 oﬂ'endat?
547 708 684 776 Quid
731 711 802 766 sit
847 713 1194 781 maturitatis,
1245 713 1376 784 quid
1420 713 1739 784 prudentiae,
1791 711 1849 768 in

224 798 448 856 ordinis
471 800 640 871 ipsius
676 803 1038 862 aestimatione
1064 805 1381 875 cognoscis;
1413 803 1567 874 cujus
1591 803 1850 874 primum

223 892 482 961 germina
509 907 640 950 mox
667 903 729 950 ut
753 896 1112 963 adoleverint,
1146 898 1334 955 Patres
1359 905 1643 954 vocantur.
1698 896 1846 952 Ado-

227 984 503 1041 lescentia
530 985 644 1042 ilﬁc
676 986 958 1044 inchoata
985 991 1300 1046 maturitate
1327 989 1540 1047 consilii
1572 1007 1586 1044 :
1609 996 1853 1046 tractant

229 1077 466 1148 iuvenes
520 1095 644 1138 cum
693 1080 960 1138 modestia
1011 1098 1202 1140 senum
1250 1083 1412 1158 (Alii,
1452 1080 1706 1154 senium],
1757 1081 1849 1138 ubi

227 1185 457 1228 morum
486 1173 697 1244 pondus
743 1174 798 1231 in
839 1173 975 1231 ﬂore
1018 1175 1350 1247 permittitur
1394 1175 1540 1247 quod
1585 1174 1674 1230 vix
1721 1173 1849 1230 alibi

164 1289 169 1292 -
226 1278 373 1321 cana
405 1275 573 1323 aetate
598 1275 911 1337 generatur.
940 1266 1128 1325 Talem
1155 1277 1208 1326 te
1231 1283 1361 1340 ergo
1390 1268 1576 1325 habita
1595 1266 1850 1323 modera-

229 1355 389 1412 tione
421 1357 702 1428 tractabis,
739 1357 896 1432 145
925 1366 984 1414 ut
1006 1374 1131 1416 cum
1159 1366 1244 1415 tot
1267 1372 1522 1430 proceres
1546 1357 1616 1412 ad
1640 1357 1852 1414 curiam

229 1461 430 1514 vocas,
474 1449 689 1520 dignam
730 1457 859 1507 ante
896 1450 1020 1507 illos
1057 1451 1382 1507 sententiam
1425 1458 1530 1504 tua:
1557 1446 1853 1505 voluntatis

223 1543 478 1612 aperias.
505 1542 679 1599 Nimis
702 1543 904 1615 quippe
948 1543 1177 1599 arduum
1215 1548 1299 1599 est
1327 1541 1436 1597 tale
1463 1537 1667 1611 aliquid
1711 1539 1852 1594 inter

227 1631 363 1688 illos
392 1633 600 1702 dicere,
630 1632 777 1704 quod
804 1640 1042 1704 nequeat
1069 1632 1232 1690 tantis
1255 1630 1614 1704 prudentibus
1661 1628 1851 1699 displi-

228 1739 389 1782 cere.
440 1725 676 1797 ldeoque
723 1741 836 1782 non
862 1726 1020 1782 unius
1070 1725 1347 1796 dignitatis
1375 1724 1460 1780 vir
1503 1720 1854 1780 aestimandus

227 1824 318 1874 est
348 1817 448 1889 qui
477 1817 545 1874 ab
578 1817 667 1874 illa
705 1819 865 1874 turba
893 1818 1176 1874 doctorum
1205 1817 1408 1874 bonum
1435 1814 1614 1887 potuit
1648 1812 1854 1895 referre

1948 637 2110 694 quam
2149 640 2290 682 saeva
2315 627 2660 686 discussionis
2687 631 2938 689 evadere.
2970 632 3092 704 Ipsa
3123 642 3208 692 est
3241 635 3386 693 enim
3413 651 3544 696 vera

1948 718 2230 786 securitas,
2274 735 2393 791 qua:
2430 721 2498 778 de
2535 724 2681 780 nulla
2713 724 2907 793 judicis
2946 725 3224 797 impietate
3266 727 3546 791 formidat.

1948 811 2126 884 Atque
2155 814 2301 883 ideo,
2342 815 2487 888 quod
2511 816 2626 874 Deo
2655 819 2874 891 auspice
2911 818 3116 877 dictum
3144 810 3235 891 Sit,
3277 824 3546 883 illustrem

1947 907 2206 963 comitem
2243 907 2430 980 Osuiu,
2471 917 2528 966 et
2555 911 2759 982 palatio
2800 920 2988 969 nostro
3037 913 3276 983 clarum,
3329 925 3383 974 et
3412 933 3540 987 pro-

1949 998 2139 1056 vinciis
2184 1000 2345 1072 longa
2391 1003 2811 1060 conversatione
2857 1004 3220 1074 notissimum,
3268 1006 3547 1066 Dalmatiis

1949 1091 2295 1151 decernimus
2332 1096 2642 1168 praesidere.
2689 1096 2788 1154 Cui
2831 1111 2932 1168 pro
2973 1097 3206 1156 utilitate
3245 1108 3430 1157 nostra
3464 1101 3547 1172 ju-

1949 1185 2101 1244 benti
2145 1204 2340 1260 parere
2385 1201 2704 1261 procurate;
2739 1191 2996 1262 quoniam
3036 1200 3244 1248 tantam
3272 1194 3389 1266 ejus
3417 1197 3548 1252 estis

1945 1278 2212 1350 justitiam
2253 1280 2562 1351 frequenter
2601 1284 2840 1354 experti,
2886 1292 2947 1340 ut
2983 1292 3042 1340 et
3084 1286 3202 1341 sine
3240 1285 3387 1357 regia
3431 1284 3548 1356 jus-

1951 1373 2105 1428 sione
2142 1373 2192 1428 ei
2228 1371 2496 1430 deberetis
2521 1373 2764 1444 priorum
2793 1389 3062 1432 memores
3090 1375 3333 1433 obedire.
3369 1373 3548 1433 Habet

1952 1466 2095 1521 enim
2147 1464 2425 1536 preprium
2460 1464 2551 1536 jus
2599 1465 2717 1533 ille,
2774 1465 2867 1537 qui
2917 1467 3091 1537 justus
3138 1475 3250 1536 est;
3281 1482 3405 1523 nam
3443 1467 3549 1524 etsi

1955 1563 2162 1613 terrore
2197 1556 2420 1612 minime
2449 1556 2590 1630 [Jun
2634 1558 2762 1630 tegit
2791 1555 3046 1630 minimae]
3074 1559 3359 1630 potestatis
3385 1558 3548 1630 erigi-

1951 1656 2064 1716 tur,
2094 1649 2347 1720 aequitate
2376 1657 2557 1706 tamen
2585 1649 2847 1706 suadente
2873 1663 3089 1720 semper
3111 1649 3343 1707 auditur.
3373 1649 3549 1708 Simul

1955 1743 2120 1798 etiam
2159 1749 2214 1796 et
2240 1741 2415 1796 virum
2445 1740 2708 1796 illustrem
2737 1739 3060 1805 Severinum
3083 1739 3151 1796 ad
3178 1755 3277 1797 vos
3312 1739 3547 1797 aestima-

1954 1830 2130 1887 vimus
2168 1829 2531 1900 dirigentium,
2560 1838 2621 1886 ut
2664 1831 2951 1902 compositi
2987 1845 3228 1888 consona
3266 1831 3550 1889 voluntate

229 1907 526 1980 judicium.
553 1907 690 1965 Nam
715 1909 764 1966 si
802 1916 1014 1980 gratum
1043 1916 1127 1966 est
1152 1909 1240 1966 vel
1283 1909 1382 1965 sub
1409 1907 1634 1964 raritate
1662 1906 1853 1978 praedi-

1959 1918 2167 1997 possint
2193 1923 2347 1981 vobis
2371 1924 2638 1982 laudanda
2666 1925 2978 1997 praecipere.
3010 1924 3146 1981 Nam
3173 1926 3220 1982 si
3247 1924 3548 1998 disparibus

228 2003 355 2059 cari
383 2020 400 2071 ;
430 2002 558 2073 quid
586 2003 664 2060 illi
693 2003 874 2074 gaudii
899 2003 1187 2076 provenire
1217 2003 1414 2075 possit,
1444 2017 1608 2074 quem
1639 2009 1721 2058 tot
1749 2017 1852 2058 no-

233 2094 439 2151 bilium
464 2102 594 2152 vota
633 2093 1306 2152 laudaverintiJustitiam
1346 2094 1542 2165 dilige;
1579 2093 1853 2165 oppressis

229 2192 294 2242 te
346 2186 634 2256 dignanter
685 2186 976 2258 impende;
1024 2187 1189 2244 redde
1232 2186 1419 2242 laudes
1461 2185 1694 2257 posteris
1724 2184 1848 2254 tuis,

232 2291 383 2346 quas
427 2287 486 2334 tu
513 2293 546 2334 a
572 2277 869 2350 majoribus
899 2277 1038 2354 [Jun
1079 2279 1145 2334 V.
1197 2279 1281 2347 C.,
1322 2276 1660 2351 melioribus]
1694 2292 1852 2336 acce-

233 2368 397 2442 pisti.

785 2481 1117 2540 EPISTULA
1155 2481 1291 2540 Vill.

304 2612 462 2656 osunv
491 2598 643 2673 [Ed.,
671 2599 828 2673 osuu]
856 2613 980 2658 vino
1007 2616 1273 2669 ILLUSTBI,
1303 2615 1510 2669 COlli'l‘l,
1538 2614 1780 2658 unsu-

860 2687 1015 2728 RlCUS
1044 2688 1172 2729 REX.

240 2761 479 2821 Mittitur
521 2763 688 2822 denuo
731 2763 1228 2838 adADulmaliamm
1273 2774 1424 2838 atque
1467 2764 1678 2822 Suavirc
1723 2781 1852 2836 pra-

776 2835 972 2889 vincias
998 2835 1272 2907 regendas.

320 2929 597 3001 Propositi
637 2928 808 2984 nostri
848 2936 932 2984 est
973 2928 1233 2985 honestos
1274 2928 1490 2985 labores
1535 2927 1714 3000 palma
1758 2941 1851 2984 re-

243 3019 651 3076 munerationis
687 3034 904 3088 ornare,
947 3027 1006 3075 ut
1046 3019 1416 3076 vicissitudine
1459 3034 1565 3090 qua
1607 3020 1853 3091 provecti

244 3110 492 3182 gaudent
541 3110 755 3167 desides
781 3110 1150 3180 mordeautur,
1181 3112 1390 3183 sibique
1417 3111 1687 3182 imputare
1727 3126 1852 3183 pos-

248 3204 365 3261 sint
402 3203 546 3273 quod
583 3202 1014 3261 clementissimis
1063 3205 1392 3277 temporibus
1438 3204 1630 3276 judicii
1679 3206 1853 3262 nostri

1954 2019 2175 2075 calamis
2218 2019 2474 2075 convenit
2519 2035 2689 2075 unum
2733 2019 2904 2077 melos
2951 2019 3168 2076 efﬁcere
3221 2018 3371 2094 [Ms.,
3425 2016 3544 2086 Gr.,

1951 2107 2106 2182 Cuj.,
2161 2110 2416 2182 edicere],
2477 2110 2647 2167 multo
2699 2111 2870 2181 magis
2932 2111 3063 2167 viris
3117 2109 3548 2183 prudentissimis

1952 2214 2136 2275 aptum
2164 2213 2248 2261 est
2270 2205 2416 2276 justa
2440 2205 2694 2262 concordi
2719 2204 2872 2278 [Ed.,
2898 2202 3099 2278 cordis]
3121 2221 3258 2262 voce
3287 2206 3545 2262 suadere.

1953 2294 2155 2352 Verum
2202 2304 2263 2352 ut
2306 2296 2603 2368 primordia
2632 2304 2819 2353 nostra
2849 2311 2880 2353 a
2906 2297 3161 2368 praestitis
3201 2298 3548 2369 inchoarent,

1951 2386 2540 2462 clementissimumque
2579 2390 2856 2447 dominum
2897 2391 2954 2446 in
2979 2392 3119 2462 .ipso
3165 2391 3319 2461 regni
3360 2391 3547 2449 limine

1949 2483 2246 2554 sentiretis,
2293 2500 2393 2557 per
2437 2491 2687 2554 quartam
2735 2484 3085 2542 indictionem
3136 2487 3310 2557 (Anno
3353 2484 3548 2542 Christi

1954 2572 2101 2647 526),
2153 2575 2299 2647 quod
2346 2591 2379 2631 a
2420 2575 2574 2633 vobis
2611 2576 2887 2646 augmenti
2930 2578 3150 2634 nomine
3184 2578 3549 2650 quaerebatur,

1951 2670 2219 2727 illustrem
2272 2671 2446 2726 virum
2495 2671 2750 2728 comitem
2802 2670 3112 2742 patrimonii
3170 2673 3343 2728 nostri
3405 2686 3552 2730 nunc

1951 2761 2205 2833 jussimus
2248 2774 2552 2816 removere.
2601 2757 2719 2816 Hoc
2760 2760 2923 2815 etiam
2963 2761 3184 2832 insuper
3218 2759 3372 2818 vobis
3418 2775 3551 2818 cono

1955 2853 2232 2921 cedentes,
2289 2867 2414 2909 cum
2443 2851 2596 2924 '(Deo
2643 2851 2900 2922 propitio)
2955 2852 3323 2924 supradictum
3374 2852 3552 2909 virum

1955 2943 2023 3000 ad
2065 2951 2252 3000 nostra
2280 2943 2538 3013 obsequia
2578 2943 2764 2999 venire
2793 2942 3094 3010 fecerimus,
3141 2945 3275 3025 tales
3302 2944 3553 3002 homines

1955 3038 2249 3107 destinare,
2296 3052 2393 3110 per
2437 3053 2574 3108 quos
2619 3037 2886 3108 possimus
2931 3037 3209 3094 evidenter
3255 3050 3553 3107 agnoscere

1955 3129 2406 3201 quemadmodum
2453 3129 2507 3184 in
2551 3127 2789 3185 futurum
2832 3144 3024 3186 census
3067 3129 3327 3187 doceatur
3373 3130 3548 3202 impo-

1955 3221 2122 3288 situs;
2171 3228 2230 3276 ut
2279 3219 2326 3276 si
2369 3227 2621 3290 gravatos
2677 3235 2773 3276 vos
2819 3235 2939 3278 esse
2986 3222 3388 3292 cognoscimus,
3445 3237 3548 3293 pro

246 3300 478 3370 praemia
503 3314 615 3356 non
641 3307 940 3358 merentur.
989 3299 1166 3373 Atque
1193 3302 1318 3359 ideo
1347 3300 1613 3358 illustrem
1640 3301 1853 3372 magni-

1959 3321 2112 3386 parte
2137 3313 2292 3370 vobis
2327 3327 2435 3384 qua
2465 3311 2638 3368 visum
2678 3311 2860 3382 fuerit,
2905 3313 3244 3372 considerata
3273 3314 3552 3384 aequitate,

245 3389 495 3445 tudinem
540 3397 704 3458 tuam,
749 3391 862 3448 Deo
886 3391 1131 3462 juvante,
1178 3391 1246 3448 ad
1276 3391 1661 3448 Dalmatiarum
1692 3400 1855 3462 atque

248 3479 472 3537 Suaviae
501 3482 808 3553 provincias
835 3483 1031 3540 iterum
1071 3482 1400 3541 credidimus
1442 3483 1854 3552 destinandam;

249 3579 314 3628 ut
359 3573 616 3646 quidquid
652 3589 751 3646 pro
778 3575 1099 3633 utilitatibus
1136 3575 1336 3634 nostris
1375 3591 1496 3632 esse
1535 3590 1854 3647 cognosces,

249 3665 506 3736 requabili
563 3665 903 3723 ordinatione
953 3667 1227 3739 disponas,
1273 3667 1641 3739 populumque
1701 3667 1857 3724 nobis
1881 3704 1900 3724 .

251 3757 516 3814 devotum
543 3773 641 3829 per
663 3765 810 3814 tuam
833 3757 1097 3830 justitiam
1125 3757 1290 3817 facias
1318 3774 1439 3817 esse
1465 3759 1853 3832 gratissimum,

250 3849 386 3920 quia
422 3849 763 3906 dominorum
807 3851 1053 3908 laudibus
1092 3851 1410 3924 applicatur,
1457 3865 1579 3907 cum
1627 3865 1687 3908 se
1723 3866 1856 3922 pro-

249 3943 509 4002 babiliter
538 3952 734 4002 tractat
755 3946 980 4004 electus.
1009 3946 1129 4004 Non
1158 3945 1406 4019 exempla
1434 3946 1610 4003 aliena
1639 3947 1859 4017 perqui-

252 4055 383 4109 ras;
426 4054 636 4097 memor
677 4048 796 4098 esto
834 4055 956 4112 qua:
997 4037 1210 4109 feceris,
1251 4046 1307 4097 et
1344 4055 1456 4097 non
1498 4039 1705 4110 indiges
1751 4037 1852 4094 ad-

251 4134 490 4192 moneri.
518 4133 658 4202 Quid
677 4143 762 4192 est
783 4134 927 4192 enim
955 4134 1100 4207 quod
1127 4133 1196 4192 de
1222 4142 1313 4190 tua
1340 4133 1626 4204 quisquam
1653 4131 1852 4189 debeat

254 4225 476 4282 actione
523 4226 803 4297 dubitare,
870 4225 1088 4297 quando
1145 4224 1277 4299 ipsis
1325 4223 1620 4296 provinciis
1685 4223 1860 4280 adhuc

256 4317 484 4390 propria
511 4317 654 4377 bona
681 4318 931 4376 redolere
959 4317 1278 4390 cognoscis?
1306 4315 1717 4384 Quodammodo
1741 4316 1857 4386 jam

256 4410 504 4466 debitum
546 4418 630 4468 est
672 4410 750 4466 illi
787 4410 929 4467 velle
966 4416 1244 4481 prmstare,
1286 4407 1427 4480 apud
1463 4422 1625 4479 quem
1655 4407 1761 4463 scis
1803 4413 1860 4462 te

256 4503 429 4561 fuisse
475 4503 818 4561 laudabilem.
865 4502 1256 4560 Obedieutibus
1298 4501 1444 4558 enim
1487 4499 1632 4571 juste
1681 4498 1857 4555 indul-

257 4600 422 4666 getur
465 4594 709 4663 animus;
737 4603 795 4652 et
832 4609 971 4666 quos
1009 4593 1210 4650 scimus
1252 4607 1521 4648 memores
1558 4591 1856 4662 bonorum,

1956 3406 2278 3462 relevemus.
2323 3403 2401 3459 lta
2431 3403 2494 3458 tit
2531 3411 2592 3459 ut
2626 3403 2870 3460 habeatis
2907 3418 3060 3476 spem
3095 3411 3152 3460 et
3183 3403 3348 3461 futuri
3383 3405 3554 3463 bene-

1957 3496 2097 3562 ficii,
2145 3497 2238 3568 qui
2286 3495 2417 3552 estis
2462 3495 2574 3566 jam
2618 3510 2717 3566 pro
2765 3502 2921 3568 parte
2969 3495 3206 3553 remedia
3253 3499 3551 3556 consecuti.

1955 3589 2299 3661 Quapropter
2325 3587 2529 3646 servire
2559 3601 2655 3643 vos
2683 3579 2938 3643 convenit
2976 3588 3299 3645 utilitatibus
3325 3589 3549 3656 nostris,

1958 3679 2174 3752 quando
2223 3693 2288 3736 ea
2336 3666 2457 3749 quae
2501 3678 2673 3748 magis
2719 3690 2942 3748 sperare
2983 3678 3233 3749 precibus
3276 3676 3549 3751 potuistis,

1957 3772 2102 3830 ultro
2153 3770 2381 3829 contulit
2434 3769 2806 3827 muniﬁcentia
2859 3769 3194 3840 principalis.
3264 3770 3357 3826 Sic
3410 3772 3554 3827 enim

1956 3866 2204 3922 tradente
2241 3863 2660 3921 clementissimo
2701 3861 2858 3918 nobis
2896 3871 3118 3918 auctore
3154 3861 3459 3932 didicimus,
3494 3872 3553 3919 ut

1956 3977 1989 4019 a
2037 3961 2402 4033 subiectorum
2443 3956 2718 4016 beneﬁciis
2766 3973 2875 4015 non
2923 3971 3198 4014 vacemus.
3253 3956 3546 4027 Disciplina

1956 4053 2206 4111 videlicet
2237 4051 2536 4123 imperandi
2563 4057 2670 4120 est,
2700 4063 2884 4104 amare
2912 4047 3057 4118 quod
3086 4045 3271 4102 multis
3295 4045 3548 4117 expedit;

1958 4148 2216 4219 quoniam
2261 4146 2566 4217 respublica
2628 4145 2853 4201 nimium
2894 4141 3178 4199 soliditatis
3232 4141 3462 4214 accipit,
3507 4141 3553 4198 si

1958 4239 2368 4298 tributariorum
2411 4238 2638 4296 facultas
2682 4237 2850 4294 illaesa
2893 4237 3217 4296 constiterit.

2531 4369 2862 4428 EPISTOLA
2887 4368 2956 4426 X.

1960 4484 2226 4527 υκινειιειε
2283 4479 2699 4532 Ροεεεδεοῐιωυε,
2754 4475 3140 4520 DEFENSORIBUS
3205 4475 3552 4520 SYRACUSANE

2030 4556 2325 4609 CIVITATIS,
2372 4553 2474 4594 νει,
2525 4552 2794 4594 υΝινΕιιειε
2841 4550 3271 4593 PROVINCIALIBUS
3310 4551 3552 4592 ATHALA'

2033 4627 2183 4668 BICUS
2213 4627 2341 4668 REX.

259 4687 632 4745 indubitanter
682 4688 762 4746 eis
803 4687 979 4745 denuo
1030 4687 1332 4760 praebemus
1376 4686 1644 4744 affectum.
1699 4686 1853 4745 Aitas

1963 4724 2188 4782 Relaxat
2239 4741 2364 4798 quae
2419 4724 2523 4779 illis
2587 4730 2776 4794 prater
2818 4721 3280 4798 _consuetut_linem_
3308 4720 3553 4798 imposita

259 4781 482 4856 quidem
507 4791 599 4838 tua
626 4790 885 4854 provecta
913 4792 1018 4849 est,
1041 4781 1137 4839 sed
1157 4788 1308 4839 actus
1327 4795 1543 4852 quoque
1567 4780 1853 4849 maturior,

261 4876 406 4945 Quid
431 4877 574 4933 enim
604 4892 747 4935 nunc
769 4877 1053 4949 subripere
1079 4875 1272 4944 valeat,
1305 4876 1358 4932 in
1384 4889 1494 4946 quo
1521 4890 1623 4932 nec
1662 4874 1857 4945 juven-

264 4977 354 5026 tus
399 4967 842 5042 reprehensibilis
888 4968 1046 5026 fuit?
1091 4967 1199 5026 Sed
1250 4968 1366 5025 haec
1427 4967 1482 5024 in
1532 4967 1717 5024 domui
1770 4967 1858 5024 avi

259 5061 436 5118 nostri
460 5075 632 5134 regno
667 5059 840 5119 iecisti
870 5079 886 5118 :
915 5076 1059 5120 nunc
1091 5061 1221 5118 talia
1259 5062 1594 5130 demonstra,
1635 5066 1696 5116 ut
1719 5067 1857 5118 tem-

259 5153 485 5226 poribus
532 5155 734 5213 nostris
776 5169 1086 5215 reservasse
1130 5155 1366 5215 videaris
1411 5153 1672 5228 quidquid
1723 5163 1853 5226 pro-

261 5247 447 5307 bitatis
484 5248 774 5308 addideris.
1443 5257 1454 5266 ’

819 5359 1152 5420 EPISTOLA
1187 5361 1279 5419 1X.

361 5472 630 5515 UMVEBSIS
664 5469 858 5515 GOTHIS
892 5472 963 5513 ET
999 5469 1225 5512 BOHANlS
1261 5467 1628 5512 ATHALARICUS
1656 5467 1784 5510 REX.
1818 5527 1821 5530 _

260 5550 545 5632 Signiﬁcat
570 5551 852 5632 seanﬁsisse
880 5550 949 5604 ad
984 5547 1281 5632 Dalmatica
1298 5618 1310 5632 ι
1334 5547 1592 5632 regendus
1620 5547 1857 5632 comitem

368 5618 506 5692 auia,
535 5631 588 5679 et
613 5621 938 5690 Severinum,
969 5619 1150 5694 quibus
1174 5628 1233 5675 ut
1259 5618 1504 5676 obediant
1525 5619 1770 5690 imperat.

336 5735 441 5795 Per
487 5739 796 5812 provincias
839 5738 1014 5797 nobis
1042 5737 1157 5794 Deo
1202 5741 1515 5810 prrestante,
1567 5749 1855 5793 concessas

255 5833 402 5891 tales
441 5832 586 5891 viros
623 5834 868 5908 cupimus
903 5832 1193 5901 destinare,
1235 5830 1331 5904 qui
1370 5829 1478 5886 sint
1515 5827 1677 5884 armis
1716 5842 1851 5900 prae-

260 5925 392 5995 diti,
435 5934 492 5983 et
523 5925 731 5998 justitia
759 5925 1013 5997 gloriosi;
1037 5933 1099 5982 ut
1139 5923 1280 5982 absit
1316 5939 1348 5979 a
1387 5921 1543 5979 vobis
1574 5927 1630 5979 et
1665 5927 1848 5976 extra-

259 6033 484 6082 nearum
510 6019 752 6093 gentium
777 6028 977 6092 metus,
1015 6027 1070 6078 et
1095 6018 1438 6077 calumniosis
1465 6031 1570 6074 non
1615 6015 1848 6087 patentis

2033 4793 2489 4870 fueruntVributa,
2533 4793 2777 4848 concessa
2783 4793 3054 4919 (facultate
3091 4794 3156 4848 iis
3194 4793 3281 4864 qui
3318 4810 3351 4846 a
3382 4794 3553 4847 censi-

2034 4868 2230 4919 mribus
2256 4867 2430 4919 uexati
2457 4866 2648 4919 fuerint
2678 4880 2778 4919 anu
2856 4866 3143 4919 principem
3183 4863 3550 4919 conauerendi.

2034 4863 2230 4925 'taribus
2256 4867 2430 4923 vexati
2455 4866 2648 4938 fuerint
2678 4863 2818 4936 apud
2856 4866 3143 4936 principem
3183 4863 3550 4936 cunquerendi.

2030 4983 2241 5041 Dudum
2281 4981 2497 5054 quidem
2533 4978 2689 5037 vobis
2723 4986 2904 5035 ortmn
2945 4978 3117 5035 nostri
3154 4977 3366 5049 imperii
3402 4977 3552 5034 aesti-

1933 5078 2225 5136 ‘mavimus
2267 5072 2652 5140 nuntiandum;
2694 5087 2838 5128 nunc
2866 5072 3022 5128 decet
3049 5069 3303 5140 subsequi
3342 5069 3549 5127 beneﬁ-

1963 5171 2107 5228 cium
2160 5185 2260 5242 pro
2322 5167 2508 5224 lretitia
2563 5165 2805 5238 augenda
2851 5173 3202 5231 cunctorum;
3250 5171 3311 5220 ut
3355 5163 3552 5234 quibus

1961 5263 2063 5322 fuit
2123 5261 2457 5335 gratissimus
2512 5268 2699 5318 noster
2751 5265 3006 5324 exortus,
3061 5253 3133 5311 sit
3193 5253 3300 5312 illis
3352 5255 3550 5326 regalis

1961 5357 2172 5414 animus
2214 5353 2268 5409 in
2309 5352 2486 5425 aliqua
2523 5359 2676 5422 parte
2717 5347 3023 5405 muniﬁcus.
3069 5344 3327 5405 Crescere
3369 5347 3549 5405 nobis-

1963 5465 2116 5520 cum,
2165 5448 2280 5506 Deo
2342 5453 2661 5521 praestante,
2712 5450 2907 5499 cuncta
2953 5439 3374 5510 desideramus;
3420 5441 3546 5512 quia

1959 5561 2089 5604 vere
2123 5546 2214 5602 ille
2254 5551 2442 5601 noster
2481 5550 2563 5599 est
2608 5551 2822 5608 census,
2865 5551 3026 5608 quem
3069 5535 3224 5593 laetus
3265 5549 3549 5608 possessor

1955 5637 2204 5697 exsolvit.
2261 5632 2493 5691 Proinde
2544 5629 2906 5689 sublrahimus
2933 5627 3174 5700 pecuniae
3224 5625 3370 5698 quod
3412 5641 3546 5698 aug-

1953 5738 2226 5790 mentetur
2253 5726 2465 5799 gloriae;
2496 5731 2553 5780 et
2576 5720 2724 5778 avari
2753 5719 2822 5777 ad
2849 5719 3052 5788 laudes,
3077 5717 3295 5791 profuse
3319 5718 3544 5776 nitimur

1950 5823 2234 5882 sublevare
2263 5820 2518 5878 cultores.
2569 5813 2781 5872 Pridem
2827 5813 2962 5870 divae
3001 5813 3276 5870 memoriae
3307 5811 3543 5872 domnus

1950 5932 2086 5975 avus
2104 5915 2172 5972 de
2193 5913 2304 5968 suis
2331 5906 2606 5968 beneﬁciis
2636 5921 2829 5979 magna
2856 5921 3186 5980 pnesumens
3207 5906 3355 5981 (quia
3381 5907 3543 5980 longa

1953 6009 2104 6081 quies
2117 6013 2170 6061 et
2184 6003 2449 6062 culturam
2466 6001 2606 6074 agris
2621 6001 2884 6072 puestitit,
2908 6007 2961 6058 et
2985 5999 3212 6073 populos
3224 5997 3519 6071 ampliavit)
