3998 6344
444 374 551 433 ⁸175

1654 371 1724 429 Μ.
1766 368 2038 429 AURELll
2075 368 2470 428 CASSIODOltl

3613 371 3731 432 776

444 491 583 545 intra
626 486 867 544 Siciliam
907 483 1238 558 provinciam
1275 484 1377 543 sub
1426 491 1686 541 consueta
1736 484 2032 554 prudentiae
2061 487 2112 545 Α
2138 482 2363 539 nutione
2394 481 2688 538 reddatur:
2717 480 2843 553 quia
2884 481 3003 539 sine
3049 480 3269 554 querela
3316 485 3513 559 suscipi
3555 488 3736 546 debet

442 595 554 637 suae
617 579 987 635 moderatione
1048 593 1269 634 censum
1335 577 1526 632 statuit
1591 575 1907 645 cﬂlagitari;
1965 583 2028 630 ut

444 672 595 728 vobis
616 678 883 727 cresceret
916 669 1073 741 146
1100 668 1338 736 devotio,
1368 668 1563 738 quibus
1592 682 1650 722 se
1676 666 1902 722 facultas
1926 680 2024 722 ex-

444 763 710 819 tenderat.
740 762 849 818 Sed
876 761 1017 817 illius
1036 760 1375 833 praedicanda
1392 757 1600 828 justitia
1628 759 1806 814 locum
1829 765 2027 814 nostrae

444 853 760 923 benignitati
829 852 1181 925 praeparavit;
1245 860 1302 906 ut
1355 850 1499 920 quod
1548 852 1597 907 ei
1649 850 1831 906 offerri
1883 848 2027 919 juste

446 946 649 1018 potuit,
693 960 793 1000 nos
828 945 1080 1001 clementi
1117 943 1316 1010 animo,
1366 943 1519 1012 quasi
1558 942 1703 998 illata
1738 942 2027 1013 stipendia,

448 1038 805 1105 donaremus;
832 1046 887 1094 et
912 1036 1144 1109 quodam
1171 1036 1431 1107 przesagio
1458 1035 1654 1091 mentis
1681 1034 1873 1090 divinae
1902 1033 2029 1090 fecit

447 1130 610 1185 ctiam
637 1129 806 1200 pium,
838 1128 923 1183 cui
956 1128 1179 1199 parabat
1227 1127 1529 1197 imperium.
1581 1127 1754 1197 Atque
1782 1126 1905 1181 ideo
1932 1140 2031 1196 per

448 1232 695 1296 quartam
736 1224 962 1280 feliciter
1000 1222 1347 1278 indictionem
1395 1219 1487 1292 (Id
1515 1231 1610 1287 est,
1646 1221 1796 1275 Anno
1837 1218 2030 1275 Christi

449 1314 589 1385 526)
654 1314 911 1385 quidquid
978 1328 1009 1367 a
1063 1312 1217 1367 vobis
1287 1327 1447 1383 supra
1505 1310 2031 1367 consuetudinariam

451 1406 778 1462 functionem
834 1405 1104 1476 augmenti
1158 1404 1377 1460 nomine
1430 1405 1514 1460 vel
1581 1404 1885 1475 petebatur,
1944 1401 2033 1458 vel

451 1505 664 1553 constat
691 1505 964 1563 exactum,
1015 1495 1308 1552 liberalitas
1336 1503 1522 1552 nostra
1559 1495 1824 1551 concedit.
1876 1492 2034 1561 Quod

450 1588 550 1642 etsi
604 1587 748 1656 juste
798 1586 1048 1658 potuistis
1092 1585 1359 1656 pendere,
1429 1584 1653 1656 gloriam
1702 1599 1801 1642 vos
1851 1583 2034 1656 potius

452 1685 643 1732 nostrae
678 1676 911 1746 largitati
944 1671 1193 1746 jubemus
1234 1675 1451 1731 inferre.
1503 1674 1610 1731 Sed
1648 1684 1706 1731 ut
1739 1675 1901 1732 latius
1936 1691 2034 1733 ex-

453 1768 698 1823 tendatur
761 1777 944 1823 nostra
1010 1766 1314 1833 clementia,
1369 1780 1696 1836 suavcmque
1754 1768 2030 1823 dominum

2133 589 2269 631 onus
2315 575 2651 645 impositum,
2705 573 2851 644 quod
2904 574 3080 646 longis
3129 578 3457 648 temporibus
3504 588 3736 637 constat

2131 682 2252 724 esse
2292 667 2613 738 portandum
2660 667 2780 742 [Gn
2837 677 2887 723 et
2925 667 3079 740 Cuj.,
3130 670 3489 745 solvendum].
3540 672 3733 741 Nune,

2128 758 2274 829 quod
2312 766 2505 827 restat,
2551 758 2909 829 provinciales
2956 775 3055 817 vos
3100 763 3358 818 convenit
3401 763 3736 834 admonere,

2132 857 2191 905 ut
2240 850 2432 921 quibus
2481 850 2743 907 beneﬁcia
2793 850 3040 908 dedimus
3064 890 3081 918 ,
3139 869 3329 910 eorum
3374 854 3737 912 devotionem

2133 955 2229 1013 per
2278 941 2461 998 omnia
2512 943 2839 1010 sentiamus;
2894 951 2951 998 et
3001 944 3149 1014 quod
3195 946 3421 1003 debetur
3458 947 3735 1020 principi,

2130 1043 2287 1105 grato
2324 1034 2505 1093 animo
2541 1036 2788 1093 videatur
2830 1036 3058 1095 exsolvi.

2666 1186 2996 1246 EPISTOLA
3033 1188 3142 1247 XI].

2186 1309 2397 1354 VICTORI
2424 1313 2494 1354 ΕΤ
2539 1313 2850 1356 Ψιτιαιεαιο
2886 1316 3023 1358 νιιιιε
3058 1316 3465 1374 ερεετιυιωηυε
3488 1321 3667 1368 Α’ΠΙΔο

2709 1388 2929 1428 LARICUS
2966 1390 3093 1429 REX.

2134 1474 2290 1532 Iubet
2351 1488 2407 1533 ut
2476 1481 2527 1557 si
2590 1481 2711 1557 quid
2770 1499 2922 1555 super
2970 1484 3300 1541 tributariam
3357 1489 3583 1546 solidum
3635 1508 3738 1557 per

2207 1558 2445 1634 quartam
2509 1551 2842 1634 indictionem
2889 1570 2922 1608 a
2979 1557 3380 1634 prouincialibus
3429 1551 3732 1634 exegerint,

2207 1620 2319 1674 sine
2360 1621 2536 1692 aliqua
2574 1623 2932 1680 imminutione
2977 1620 3217 1683 reddant.

2208 1730 2451 1792 Tarditas
2490 1744 2668 1794 vestra
2696 1739 2838 1809 apud
2878 1740 3130 1811 gloriosae
3156 1745 3434 1801 memoriae
3463 1746 3731 1805 domnum

452 1860 709 1930 impensis
749 1859 1031 1915 beneﬁciis
1077 1858 1318 1915 sentiatis
1342 1899 1358 1926 ,
1408 1833 1664 1929 quidquid
1699 1873 1731 1912 a
1758 1858 2031 1913 discusso—
2063 1866 2113 1928 Β
2138 1842 2298 1930 “iam
2327 1836 2570 1930 "omni"
2598 1839 2792 1930 Ψξῗηο
2823 1848 2920 1930 νθῗ
2945 1833 3078 1930 rem
3102 1847 3558 1930 essesuspecws'
3588 1855 3732 1911 quos

450 1952 597 2007 ribus
634 1953 778 2025 [ΛΙξῂ
823 1951 1237 2022 discursoribusl
1267 1952 1393 2007 novi
1442 1967 1636 2008 census
1666 1967 1762 2023 per
1791 1953 2035 2022 quintam

452 2044 799 2101 indictionem
851 2046 1022 2117 (Auno
1066 2044 1255 2100 Christi
1306 2044 1434 2116 527)
1481 2045 1742 2116 probatur
1785 2043 2034 2116 aflixum,

450 2138 520 2193 ad
548 2148 779 2194 vestram
823 2154 918 2195 eos
958 2138 1185 2195 fecimus
1230 2139 1440 2195 deferre
1472 2139 1753 2204 notitiam;
1805 2148 1863 2193 ut
1891 2138 2037 2208 quod

454 2228 778 2285 rationabile
804 2229 966 2284 fuerit
989 2230 1338 2295 aestimatum,
1380 2230 1670 2285 libentibus
1698 2230 1888 2287 animis
1914 2245 2035 2301 per-

453 2320 661 2389 feratis,
706 2322 832 2391 quia
876 2322 1080 2376 nullum
1125 2321 1268 2377 lmdit
1318 2322 1603 2378 observata
1649 2323 1876 2393 justitia.
1928 2324 2036 2380 Sed

452 2426 523 2466 ne
567 2412 796 2467 credatis
838 2428 935 2482 per
972 2412 1342 2468 ordinatorum
1383 2421 1591 2469 tantum
1630 2415 1909 2471 arbitrium
1937 2432 2035 2472 vos

451 2504 692 2573 gravari,
743 2504 790 2560 si
834 2504 958 2574 quis
1002 2513 1086 2561 est
1131 2506 1223 2574 qui
1268 2505 1334 2560 de
1383 2521 1570 2561 eorum
1615 2505 1760 2563 facto
1806 2508 2035 2564 aestimet

451 2596 919 2665 conquerendum,
945 2596 1012 2652 ad
1042 2598 1278 2653 remedia
1307 2608 1505 2654 nostrte
1529 2598 1742 2670 pietatis
1764 2608 2031 2669 occurrat,

451 2696 511 2743 ut
532 2689 839 2758 judicantcs
867 2690 1220 2760 corrigamus,
1261 2690 1355 2760 qui
1384 2691 1546 2745 etiam
1586 2707 1696 2747 non
1736 2692 1912 2763 rogati
1938 2692 2034 2748 be-

448 2781 638 2837 neﬁcia
683 2783 977 2840 clementer
1026 2782 1360 2839 indulsimus.
1412 2783 1545 2838 Nam
1580 2793 1637 2839 et
1672 2784 1916 2853 gloriosae
1954 2800 2035 2841 re-

448 2871 772 2930 cordationis
794 2874 1022 2929 domnus
1048 2888 1180 2930 avus
1208 2882 1395 2930 noster
1422 2874 1489 2931 de
1514 2890 1702 2931 eorum
1732 2882 2033 2932 commotus

447 2962 618 3020 fuerat
648 2966 917 3031 tarditate,
942 2974 1002 3022 ut
1029 2974 1146 3022 erat
1172 2966 1292 3021 altae
1316 2967 1612 3037 prudentiae
1640 2975 2029 3038 perscrutator,

445 3058 714 3116 :estimans
756 3074 851 3116 eos
881 3061 1065 3117 tandiu
1102 3061 1157 3117 in
1195 3060 1474 3132 provincia
1521 3077 1629 3117 non
1675 3061 1794 3118 sine
1840 3068 2031 3119 nostro

446 3152 755 3217 gravamine
808 3152 1076 3218 residere,
1144 3168 1281 3223 quos
1328 3153 1560 3223 repetita
1607 3153 1847 3224 jussione
1898 3169 2028 3210 cen-

446 3252 628 3298 suerat
677 3242 789 3312 jam
854 3244 1050 3300 redire.
1107 3243 1216 3299 Sed
1264 3261 1380 3312 nos,
1421 3261 1557 3316 quos
1607 3246 1763 3303 decet
1806 3246 2030 3318 implere
2059 3266 2105 3332 (ς

444 3337 702 3406 quidquid
730 3337 820 3392 ille
849 3338 947 3393 sub
978 3338 1230 3408 aequitate
1258 3338 1548 3408 disposuit,
1579 3339 1693 3395 Deo
1715 3340 2027 3407 auxiliante,

450 3426 565 3496 ejus
622 3443 763 3483 nunc
812 3429 867 3483 in
903 3428 1059 3485 vobis
1114 3428 1365 3485 inchoata
1416 3429 1745 3500 perﬁcimus.
1802 3430 2029 3486 Reddite

444 3516 605 3573 modo
644 3518 876 3589 largitati
907 3528 1103 3575 nostrae
1131 3521 1552 3592 prosperrimum
1580 3530 1766 3578 votum
1793 3529 1847 3579 et
1872 3521 2029 3580 ﬁdele

446 3608 743 3667 servitium.
784 3610 1005 3667 Habetis
1045 3614 1374 3685 principem,
1414 3615 1505 3686 qui
1543 3616 1818 3671 vobiscum
1853 3616 2055 3686 bene-,

444 3698 579 3755 liciis
624 3701 881 3772 probatur
918 3714 1171 3773 exortus;
1228 3714 1284 3761 et
1322 3706 1467 3777 quod
1512 3706 1768 3777 subjectis
1817 3707 2026 3763 dulcius

439 3801 549 3861 est,
581 3802 804 3864 augetur
824 3794 1038 3865 ingenio
1059 3797 1323 3855 benevolo
1349 3814 1472 3855 cum
1501 3801 1678 3856 tetatis
1707 3808 2020 3871 augmento.

440 3882 497 3938 lu
529 3900 689 3954 quam
714 3900 830 3943 rem
855 3888 1189 3955 Quidilanem
1218 3890 1460 3961 sajonem
1482 3902 1725 3948 nostrum
1754 3892 2023 3949 cretimus

439 3976 797 4048 dirigendum,
856 3998 955 4053 per
1018 3998 1180 4053 quem
1229 3986 1383 4044 vobis
1428 3986 1580 4057 jussa
1633 3988 2015 4060 prosperrima,

438 4065 549 4126 Deo
583 4070 864 4142 largiente,
893 4075 1215 4146 pandantur.

989 4235 1322 4294 EPISTOLA
1362 4239 1449 4295 XI.

436 4354 625 4399 GILDLE
669 4358 792 4402 ΠΕΟ
837 4362 1070 4415 ευθιικι,
1145 4368 1325 4409 COMITI
1374 4369 1714 4413 SYRACUSANE
1761 4371 2024 4415 CIVITATIS

943 4436 1306 4479 ATHALARICUS
1342 4442 1467 4482 REX.

438 4522 1266 4614 Prohibetdquominuslquidquid
1298 4540 1601 4614 tributorum
1627 4562 1717 4614 per
1765 4544 2022 4603 Victorem

505 4606 555 4651 et
585 4598 928 4688 Witigisclum
975 4598 1061 4687 de:
1090 4598 1273 4678 quarta
1305 4611 1584 4668 indictione
1620 4598 1699 4671 est
1732 4598 2016 4688 adjectum,

504 4684 538 4721 a
565 4673 941 4740 possessoribus
978 4673 1210 4748 exigunt.

503 4802 586 4859 Ad
640 4804 911 4863 Victorem
958 4819 1012 4865 ct
1057 4810 1411 4883 Witigisclum
1465 4820 1788 4889 spectabiles
1844 4822 2011 4895 viros,

430 4896 628 4954 Sicilize
657 4900 949 4969 provinciae
993 4907 1311 4977 censitorcs,
1359 4920 1627 4982 praecepta
1657 4922 1841 4969 nostra
1867 4915 2012 4972 dire-

432 4988 627 5058 ximus,
685 5000 742 5046 ut
779 4994 1034 5065 quidquid
1071 4999 1471 5067 possessoribus
1519 5002 1815 5060 tributaria:
1861 5005 2012 5064 func-

430 5081 590 5137 tionis
634 5098 731 5152 per
769 5100 866 5142 eos
908 5102 1080 5158 nuper
1114 5089 1326 5145 videtur
1364 5090 1663 5163 adjectum,
1704 5094 1772 5152 de
1817 5104 2010 5166 quarta

428 5171 723 5231 indictione
751 5193 858 5235 non
899 5181 1143 5250 exigant,
1176 5183 1301 5253 quia
1327 5186 1503 5254 gravis
1532 5195 1615 5243 est
1639 5188 1755 5259 ejus
1784 5190 1863 5246 rei
1891 5190 2008 5248 illa-

427 5261 525 5332 tio,
566 5265 720 5336 cujus
760 5269 937 5326 adhuc
968 5270 1174 5342 justitia
1214 5289 1323 5330 non
1365 5276 1638 5345 probatur.
1689 5280 1767 5336 De
1796 5281 2006 5337 ordina-

424 5357 659 5417 tionibus
706 5378 837 5419 vero
886 5380 1075 5421 eorum
1130 5367 1285 5423 nobis
1342 5368 1565 5427 fecimus
1626 5372 2008 5433 instructiones

423 5447 656 5522 deferri,
703 5462 762 5508 ut
801 5455 847 5510 si
882 5458 1159 5514 aestimatis
1194 5459 1395 5517 viribus
1422 5463 1676 5534 quidquid
1703 5466 2006 5535 aequalitate

421 5541 494 5595 sit
538 5541 873 5614 dispositum,
906 5547 1100 5605 debeat
1127 5565 1445 5621 permanere
1491 5555 1853 5611 moderatum.
1904 5554 2001 5612 Sin

420 5646 552 5688 vero
581 5636 816 5707 aliquem
852 5650 1042 5697 contra
1070 5644 1336 5702 rationem
1376 5654 1589 5704 constat
1616 5661 1738 5702 esse
1765 5658 2000 5715 praegra-

420 5730 635 5791 vatum,
681 5739 866 5785 nostro
904 5732 1173 5789 relevetur
1209 5736 1462 5806 arbitrio;
1506 5738 1582 5793 ita
1608 5744 1821 5803 tamen,
1865 5744 1924 5790 ut
1952 5740 1998 5793 si

422 5808 625 5902 aliquid
649 5830 746 5882 per
781 5829 1028 5886 quartam
1055 5824 1401 5882 indictionem
1430 5829 1608 5899 (Anno
1647 5824 1840 5880 Christi
1870 5824 1995 5902 526)

422 5900 685 5977 probatur
726 5906 952 5978 illatum,
1002 5916 1397 5982 possessoribus
1443 5919 1560 5976 sine
1600 5918 1779 5989 aliqua
1824 5900 1996 5981 immi-

2136 1920 2301 1975 etiam
2328 1921 2579 1979 secundis
2607 1922 2767 1996 [Ed.,
2807 1924 2965 1998 seris]
2992 1929 3444 1998 przeceptionibus
3497 1933 3735 1989 credidit

2136 2010 2533 2081 admonendos;
2580 2023 2641 2070 ut
2679 2016 2867 2072 relicto
2908 2008 3130 2074 tandem
3159 2020 3575 2091 provincialium
3614 2038 3732 2094 gra-

2136 2105 2378 2173 vamine,
2433 2106 2500 2162 ad
2553 2106 2669 2177 ejus
2713 2109 2986 2167 deberetis
3029 2111 3295 2182 justitiam
3341 2114 3632 2183 festinare;
3675 2125 3731 2174 et

2136 2211 2280 2251 nunc
2306 2211 2523 2267 quoque
2552 2197 2874 2269 suspicionis
2910 2202 3158 2257 maximre
3188 2203 3314 2259 fecit
3354 2215 3726 2274 augmentum,

2135 2296 2197 2341 ut
2236 2303 2336 2344 nec
2377 2288 2444 2343 ad
2486 2289 2636 2345 initia
2665 2300 2849 2347 nostra
2890 2293 3200 2352 voluissetis
3235 2312 3544 2364 occurrere,
3585 2298 3730 2368 quod

2136 2379 2302 2436 libera
2333 2382 2658 2439 conscientia
2688 2385 2954 2456 potuisset
2983 2395 3192 2459 optare.
3225 2386 3290 2443 Et
3314 2389 3436 2445 ideo
3462 2391 3721 2459 prtesenti

2135 2472 2454 2529 auctoritate
2492 2490 2795 2543 censemus,
2845 2478 2969 2534 utsi
3010 2477 3139 2548 quid
3175 2494 3339 2551 super
3381 2482 3724 2537 tributariam

2134 2564 2363 2621 solidum
2394 2582 2491 2638 per
2510 2576 2758 2639 quartam
2787 2570 3141 2627 indictionem
3170 2573 3345 2646 (Anno
3375 2572 3572 2629 Christi
3606 2573 3726 2645 526)

2135 2670 2167 2711 a
2205 2657 2620 2726 provincialibus
2663 2661 2937 2730 exegistis,
2982 2663 3098 2719 sine
3132 2665 3308 2735 aliqua
3352 2666 3432 2721 eis
3473 2666 3727 2722 imminu-

2135 2745 2283 2802 tione
2329 2747 2598 2818 reddatis,
2649 2751 2775 2822 quia
2818 2768 2978 2823 supra
3025 2762 3264 2810 veterem
3308 2770 3535 2812 censum
3584 2757 3727 2814 nulla

2136 2836 2443 2895 indictionis
2501 2841 2769 2911 prmdictae
2818 2858 2912 2901 eos
2960 2845 3206 2903 volumus
3251 2847 3449 2903 damna
3504 2850 3723 2907 sentire.

2135 2927 2251 2985 Hoc
2280 2932 2445 2986 etiam
2476 2933 2780 2991 addendum
2808 2952 2929 2993 esse
2973 2938 3315 3008 credidimus,
3366 2941 3628 3011 quoniam
3664 2957 3724 2996 a-

2135 3036 2286 3078 more
2315 3023 2614 3081 clementim
2638 3042 2852 3084 errores
2880 3029 3128 3088 nolumus
3158 3031 3423 3096 invenire,
3458 3048 3530 3088 ne
3554 3032 3726 3088 coacti

2133 3114 2314 3184 potius
2370 3131 2675 3176 rescccmus
2726 3120 2872 3190 quod
2933 3121 3080 3178 salva
3125 3122 3331 3194 justitia
3388 3123 3725 3182 dissimulare

2139 3220 2248 3261 non
2284 3222 2596 3278 possumus;
2629 3218 2688 3265 ut
2716 3212 2759 3266 si
2790 3212 3024 3283 aliquem
3070 3214 3247 3271 studio
3277 3214 3492 3274 laesistis
3529 3234 3719 3289 pravo,

2134 3308 2314 3359 vestro
2341 3302 2513 3371 magis
2556 3303 2851 3360 emendetis
2880 3306 3121 3375 arbitrio,
3164 3307 3290 3379 quia
3333 3308 3437 3365 hoc
3467 3318 3551 3365 est
3590 3325 3723 3381 pro-

2129 3393 2247 3463 pria
2291 3392 2487 3448 delicta
2518 3396 2821 3466 corrigere,
2865 3398 3011 3467 quod
3055 3407 3111 3455 et
3153 3416 3262 3456 non
3301 3401 3490 3456 facere.
3540 3400 3611 3456 Et
3648 3417 3725 3459 ne

2129 3481 2352 3540 forsitan
2418 3485 2650 3543 credatis
2717 3488 3124 3561 longinquitatis
3172 3491 3489 3549 difﬁcultate
3542 3494 3722 3551 latere

2128 3590 2249 3646 qu.c
2286 3583 2436 3645 gesta
2475 3586 2617 3647 sunt,
2662 3578 2856 3635 Siculis
2890 3581 3140 3637 ﬁduciam
3182 3600 3277 3640 vos
3309 3584 3554 3641 dedimus
3594 3586 3725 3643 sub-

2125 3669 2405 3738 sequendi.
2459 3670 2648 3728 Videte
2693 3689 2835 3729 nunc
2871 3673 2917 3730 si
2953 3690 3118 3732 voces
3145 3677 3364 3748 possitis
3407 3678 3550 3735 ferre
3587 3695 3723 3751 que-

2125 3761 2290 3829 rulas,
2339 3778 2470 3835 quas
2517 3766 2680 3822 etiam
2724 3777 2906 3824 nostra
2955 3770 3203 3826 invitavit
3245 3774 3569 3830 auctoritas.
3610 3772 3717 3831 Ad-

2124 3854 2431 3912 monuimus
2485 3857 2645 3927 igitur
2689 3875 2825 3931 quos
2880 3862 2999 3933 pios
3051 3864 3212 3920 decet
3255 3881 3396 3923 esse.
3445 3864 3568 3923 Jam
3619 3882 3717 3924 suo

2123 3944 2255 4001 vitio
2284 3947 2494 4003 videtur
2521 3953 2784 4018 accusari,
2829 3954 2921 4023 qui
2960 3962 3258 4025 spontanea
3299 3955 3476 4013 noluit
3520 3959 3713 4016 volun-

2126 4044 2239 4093 tate
2290 4040 2487 4110 corrigi
2541 4039 2689 4114 [Gr.,
2744 4041 2905 4113 Niv.,
2962 4042 3093 4111 6a.,
3153 4048 3360 4104 vitavit.
3419 4048 3536 4106 Suo
3586 4051 3717 4107 vitio

2093 4128 2336 4185 .videtur
2395 4134 2666 4204 accusari,
2722 4135 2815 4205 qui
2864 4144 3161 4207 spontanca
3212 4140 3499 4202 voluntate
3547 4145 3718 4202 noluit

2129 4219 2365 4294 corrigi).

2660 4386 2992 4447 EPISTOLA
3030 4391 3162 4449 Xlll.

2126 4508 2299 4553 WILDB
2336 4511 2459 4557 νικο
2487 4514 2755 4572 ιιιιτετιιι,
2797 4520 2976 4562 ςοωτι
3016 4523 3318 4567 ΡΑἹΊΠΜΟΝΠ
3348 4529 3714 4576 ΑτηΑιΑκιρεε

2828 4591 2955 4633 REX.

2047 4681 2380 4768 DPrtecipit
2433 4693 2489 4768 ut
2542 4686 2837 4768 domesticis
2873 4692 2959 4761 qui
3006 4695 3278 4768 comitibus
3322 4701 3704 4768 prouinciarum

2191 4753 2552 4825 obsequuntur,
2594 4775 2751 4829 supra
2782 4753 3027 4817 ducentos
3057 4766 3251 4821 solidos
3289 4753 3338 4821 et

2189 4840 2356 4907 nouas
2394 4832 2940 4917 curetuquinquaqintu
2977 4836 3172 4892 solidos
3210 4854 3413 4896 annuos
3451 4844 3701 4917 adjungi,

2187 4896 2325 4966 regis
2353 4896 2639 4954 rationibus
2668 4896 3019 4972 imputandos.

2120 5034 2133 5075 ε
2188 5008 2566 5081 Magnitudinis
2618 5025 2720 5073 tua:
2747 5023 3087 5090 suggestione
3115 5029 3484 5098 comperimus
3514 5034 3583 5089 de
3609 5033 3703 5089 do-

2116 5104 2461 5161 mesticorum
2484 5111 2792 5168 excessibus
2813 5114 2905 5183 qui
2945 5114 3229 5174 destinatis
3267 5122 3565 5179 comitibus
3600 5126 3697 5180 ob-

2110 5205 2408 5266 sequuntur
2448 5199 2807 5268 provinciales
2835 5203 3046 5263 damnis
3070 5208 3315 5277 plurimis
3355 5211 3694 5283 ingravatos;

2109 5286 2255 5357 quod
2293 5287 2561 5346 credimus
2588 5292 3075 5352 emolumentorum
3102 5301 3371 5369 parvitate
3414 5307 3696 5376 nutritum,

2106 5378 2233 5448 quia
2262 5378 2361 5434 sub
2400 5380 2629 5451 quadam
2668 5386 3017 5444 excusatione
3045 5404 3275 5458 peccare
3303 5393 3566 5466 creditur,
3613 5397 3693 5453 cui

2108 5469 2413 5525 necessaria
2465 5486 2574 5527 non
2622 5475 2949 5544 praebentur.
3005 5478 3074 5534 Et
3110 5481 3231 5538 ideo
3268 5488 3493 5555 speciali
3534 5489 3696 5545 bene-

2108 5554 2228 5615 ﬁcio
2276 5564 2548 5631 generalia
2595 5570 2914 5638 compendia
2970 5554 3315 5646 largientes,
3338 5582 3692 5652 magnitudini

2105 5662 2212 5709 tua:
2239 5661 2489 5726 praesenti
2511 5665 2833 5722 auctoritate
2858 5670 3198 5741 praecipimus
3226 5683 3286 5730 ut
3305 5692 3471 5749 supra
3493 5680 3693 5738 ducen-

2104 5751 2189 5799 tos
2215 5747 2414 5808 solidos
2460 5761 2517 5808 et
2551 5754 2735 5811 decem
2774 5773 3018 5818 annonas
3044 5778 3179 5833 quas
3223 5747 3495 5828 hactenus
3531 5788 3688 5830 acce-

2101 5845 2321 5934 perunt,
2372 5856 2402 5896 a
2444 5845 2632 5912 quinta
2682 5847 2910 5906 feliciter
2960 5852 3253 5913 indictione
3301 5861 3688 5934 quinquaginta

2100 5924 2181 5989 eis
2228 5929 2429 5995 solidos
2476 5950 2682 6001 annuos
2734 5937 2946 6009 faciatis
2998 5924 3376 6011 incunctanter
3429 5924 3684 6041 a-dju'ngi,
