  <div class='ocr_page' id='page_1' title='image "/cluster/home/n/w/nwhite01/storage/ocr_20150623/69/hvd.32044015469349/396.png"; bbox 0 0 3998 6344; ppageno 0'>
   <div class='ocr_carea' id='block_1_1' title="bbox 177 363 284 422">
    <p class='ocr_par' dir='ltr' id='par_1_1' title="bbox 177 363 284 422">
     <span class='ocr_line' id='line_1_1' title="bbox 177 363 284 422; baseline -0.037 0"><span class='ocrx_word' id='word_1_1' title='bbox 177 363 284 422; x_wconf 83' lang='grc'><strong>⁸1⁸17</strong></span> 
     </span>
    </p>
   </div>
   <div class='ocr_carea' id='block_1_2' title="bbox 1453 361 2196 421">
    <p class='ocr_par' dir='ltr' id='par_1_2' title="bbox 1453 361 2196 421">
     <span class='ocr_line' id='line_1_2' title="bbox 1453 361 2196 421; baseline -0.003 -1"><span class='ocrx_word' id='word_1_2' title='bbox 1453 362 1819 421; x_wconf 80' lang='lat' dir='ltr'><strong>VARIARUM</strong></span> <span class='ocrx_word' id='word_1_3' title='bbox 1858 361 2066 419; x_wconf 81' lang='lat' dir='ltr'><strong>LIBER</strong></span> <span class='ocrx_word' id='word_1_4' title='bbox 2100 361 2196 419; x_wconf 82' lang='lat' dir='ltr'><strong>IX.</strong></span> 
     </span>
    </p>
   </div>
   <div class='ocr_carea' id='block_1_3' title="bbox 3346 366 3458 425">
    <p class='ocr_par' dir='ltr' id='par_1_3' title="bbox 3346 366 3458 425">
     <span class='ocr_line' id='line_1_3' title="bbox 3346 366 3458 425; baseline 0.027 -3"><span class='ocrx_word' id='word_1_5' title='bbox 3346 366 3458 425; x_wconf 81' lang='lat'><strong>778</strong></span> 
     </span>
    </p>
   </div>
   <div class='ocr_carea' id='block_1_4' title="bbox 175 450 3462 540">
    <p class='ocr_par' dir='ltr' id='par_1_4' title="bbox 175 450 3462 540">
     <span class='ocr_line' id='line_1_4' title="bbox 175 450 3462 540; baseline 0.002 -29"><span class='ocrx_word' id='word_1_6' title='bbox 175 457 266 527; x_wconf 86' lang='lat' dir='ltr'><strong>qui</strong></span> <span class='ocrx_word' id='word_1_7' title='bbox 316 451 516 509; x_wconf 80' lang='lat' dir='ltr'><strong>nostris</strong></span> <span class='ocrx_word' id='word_1_8' title='bbox 558 451 856 508; x_wconf 80' lang='lat' dir='ltr'><strong>rationibus</strong></span> <span class='ocrx_word' id='word_1_9' title='bbox 901 450 1132 509; x_wconf 76' lang='lat' dir='ltr'><strong>debeant</strong></span> <span class='ocrx_word' id='word_1_10' title='bbox 1181 451 1465 524; x_wconf 79' lang='lat' dir='ltr'><strong>imputari;</strong></span> <span class='ocrx_word' id='word_1_11' title='bbox 1523 463 1583 511; x_wconf 89' lang='lat' dir='ltr'><strong>ut</strong></span> <span class='ocrx_word' id='word_1_12' title='bbox 1633 456 1760 510; x_wconf 89' lang='lat' dir='ltr'><strong>dum</strong></span> <span class='ocrx_word' id='word_1_13' title='bbox 1791 463 1839 518; x_wconf 80' lang='grc' dir='ltr'>Α</span> <span class='ocrx_word' id='word_1_14' title='bbox 1869 471 1990 510; x_wconf 91' lang='lat' dir='ltr'><strong>rum</strong></span> <span class='ocrx_word' id='word_1_15' title='bbox 2031 453 2228 509; x_wconf 85' lang='lat' dir='ltr'><strong>debere</strong></span> <span class='ocrx_word' id='word_1_16' title='bbox 2273 452 2488 523; x_wconf 91' lang='lat' dir='ltr'><strong>sajones</strong></span> <span class='ocrx_word' id='word_1_17' title='bbox 2539 457 2802 526; x_wconf 88' lang='lat' dir='ltr'><strong>accipere,</strong></span> <span class='ocrx_word' id='word_1_18' title='bbox 2836 471 3090 528; x_wconf 87' lang='lat' dir='ltr'><strong>expressa</strong></span> <span class='ocrx_word' id='word_1_19' title='bbox 3135 457 3462 540; x_wconf 73' lang='lat' dir='ltr'><strong>quantitate,</strong></span> 
     </span>
    </p>
   </div>
   <div class='ocr_carea' id='block_1_5' title="bbox 176 546 1763 618">
    <p class='ocr_par' dir='ltr' id='par_1_5' title="bbox 176 546 1763 618">
     <span class='ocr_line' id='line_1_5' title="bbox 176 546 1763 618; baseline -0.001 -15"><span class='ocrx_word' id='word_1_20' title='bbox 176 556 347 604; x_wconf 86' lang='lat' dir='ltr'><strong>mater</strong></span> <span class='ocrx_word' id='word_1_21' title='bbox 369 546 655 602; x_wconf 88' lang='lat' dir='ltr'><strong>criminum</strong></span> <span class='ocrx_word' id='word_1_22' title='bbox 680 546 973 603; x_wconf 84' lang='lat' dir='ltr'><strong>necessitas</strong></span> <span class='ocrx_word' id='word_1_23' title='bbox 996 546 1224 613; x_wconf 90' lang='lat' dir='ltr'><strong>tollitur,</strong></span> <span class='ocrx_word' id='word_1_24' title='bbox 1255 547 1512 618; x_wconf 84' lang='lat' dir='ltr'><strong>peccandi</strong></span> <span class='ocrx_word' id='word_1_25' title='bbox 1533 549 1763 603; x_wconf 86' lang='lat' dir='ltr'><strong>ambitus</strong></span> 
     </span>
    </p>
   </div>
   <div class='ocr_carea' id='block_1_6' title="bbox 178 639 1766 712">
    <p class='ocr_par' dir='ltr' id='par_1_6' title="bbox 178 639 1766 712">
     <span class='ocr_line' id='line_1_6' title="bbox 178 639 1766 712; baseline -0.001 -16"><span class='ocrx_word' id='word_1_26' title='bbox 178 640 462 697; x_wconf 85' lang='lat' dir='ltr'><strong>auferatur.</strong></span> <span class='ocrx_word' id='word_1_27' title='bbox 507 639 566 696; x_wconf 90' lang='lat' dir='ltr'><strong>Si</strong></span> <span class='ocrx_word' id='word_1_28' title='bbox 611 641 731 712; x_wconf 89' lang='lat' dir='ltr'><strong>quis</strong></span> <span class='ocrx_word' id='word_1_29' title='bbox 761 648 940 696; x_wconf 91' lang='lat' dir='ltr'><strong>autem</strong></span> <span class='ocrx_word' id='word_1_30' title='bbox 969 640 1274 710; x_wconf 90' lang='lat' dir='ltr'><strong>jussionum</strong></span> <span class='ocrx_word' id='word_1_31' title='bbox 1323 649 1632 695; x_wconf 90' lang='lat' dir='ltr'><strong>nostrarum</strong></span> <span class='ocrx_word' id='word_1_32' title='bbox 1664 641 1766 695; x_wconf 90' lang='lat' dir='ltr'><strong>im-</strong></span> 
     </span>
    </p>
   </div>
   <div class='ocr_carea' id='block_1_7' title="bbox 177 729 1764 804">
    <p class='ocr_par' dir='ltr' id='par_1_7' title="bbox 177 729 1764 804">
     <span class='ocr_line' id='line_1_7' title="bbox 177 729 1764 804; baseline -0.001 -18"><span class='ocrx_word' id='word_1_33' title='bbox 177 731 375 804; x_wconf 91' lang='lat' dir='ltr'><strong>probus</strong></span> <span class='ocrx_word' id='word_1_34' title='bbox 404 738 696 786; x_wconf 84' lang='lat' dir='ltr'><strong>temerator</strong></span> <span class='ocrx_word' id='word_1_35' title='bbox 723 729 1020 797; x_wconf 78' lang='lat' dir='ltr'><strong>exstiterit,</strong></span> <span class='ocrx_word' id='word_1_36' title='bbox 1052 739 1112 785; x_wconf 91' lang='lat' dir='ltr'><strong>ut</strong></span> <span class='ocrx_word' id='word_1_37' title='bbox 1140 729 1320 799; x_wconf 88' lang='lat' dir='ltr'><strong>aliquo</strong></span> <span class='ocrx_word' id='word_1_38' title='bbox 1351 745 1477 785; x_wconf 88' lang='lat' dir='ltr'><strong>casu</strong></span> <span class='ocrx_word' id='word_1_39' title='bbox 1515 731 1669 801; x_wconf 71' lang='grc'><strong>147</strong></span> <span class='ocrx_word' id='word_1_40' title='bbox 1711 731 1764 784; x_wconf 94' lang='lat' dir='ltr'><strong>in</strong></span> 
     </span>
    </p>
   </div>
   <div class='ocr_carea' id='block_1_8' title="bbox 179 821 1766 892">
    <p class='ocr_par' dir='ltr' id='par_1_8' title="bbox 179 821 1766 892">
     <span class='ocr_line' id='line_1_8' title="bbox 179 821 1766 892; baseline -0.001 -14"><span class='ocrx_word' id='word_1_41' title='bbox 179 821 384 878; x_wconf 88' lang='lat' dir='ltr'><strong>damnis</strong></span> <span class='ocrx_word' id='word_1_42' title='bbox 445 822 859 892; x_wconf 85' lang='lat' dir='ltr'><strong>provincialium</strong></span> <span class='ocrx_word' id='word_1_43' title='bbox 925 829 1018 877; x_wconf 90' lang='lat' dir='ltr'><strong>aut</strong></span> <span class='ocrx_word' id='word_1_44' title='bbox 1069 821 1394 892; x_wconf 66' lang='lat' dir='ltr'><strong>prmjudiciis</strong></span> <span class='ocrx_word' id='word_1_45' title='bbox 1442 822 1766 892; x_wconf 87' lang='lat' dir='ltr'><strong>implicetur,</strong></span> 
     </span>
    </p>
   </div>
   <div class='ocr_carea' id='block_1_9' title="bbox 181 914 1770 984">
    <p class='ocr_par' dir='ltr' id='par_1_9' title="bbox 181 914 1770 984">
     <span class='ocr_line' id='line_1_9' title="bbox 181 914 1770 984; baseline -0.002 -12"><span class='ocrx_word' id='word_1_46' title='bbox 181 914 555 972; x_wconf 89' lang='lat' dir='ltr'><strong>emolumentis</strong></span> <span class='ocrx_word' id='word_1_47' title='bbox 599 923 786 971; x_wconf 89' lang='lat' dir='ltr'><strong>careat</strong></span> <span class='ocrx_word' id='word_1_48' title='bbox 839 914 1105 971; x_wconf 80' lang='lat' dir='ltr'><strong>universis</strong></span> <span class='ocrx_word' id='word_1_49' title='bbox 1133 932 1146 968; x_wconf 92' lang='lat'>:</span> <span class='ocrx_word' id='word_1_50' title='bbox 1172 915 1299 984; x_wconf 87' lang='lat' dir='ltr'><strong>quia</strong></span> <span class='ocrx_word' id='word_1_51' title='bbox 1329 914 1418 969; x_wconf 90' lang='lat' dir='ltr'><strong>ille</strong></span> <span class='ocrx_word' id='word_1_52' title='bbox 1467 914 1658 983; x_wconf 87' lang='lat' dir='ltr'><strong>dignus</strong></span> <span class='ocrx_word' id='word_1_53' title='bbox 1687 922 1770 971; x_wconf 90' lang='lat' dir='ltr'><strong>est</strong></span> 
     </span>
    </p>
   </div>
   <div class='ocr_carea' id='block_1_10' title="bbox 183 1006 1766 1079">
    <p class='ocr_par' dir='ltr' id='par_1_10' title="bbox 183 1006 1766 1079">
     <span class='ocr_line' id='line_1_10' title="bbox 183 1006 1766 1079; baseline -0.001 -16"><span class='ocrx_word' id='word_1_54' title='bbox 183 1007 397 1079; x_wconf 67' lang='lat' dir='ltr'><strong>praemia</strong></span> <span class='ocrx_word' id='word_1_55' title='bbox 434 1008 723 1078; x_wconf 89' lang='lat' dir='ltr'><strong>consequi,</strong></span> <span class='ocrx_word' id='word_1_56' title='bbox 770 1007 864 1077; x_wconf 91' lang='lat' dir='ltr'><strong>qui</strong></span> <span class='ocrx_word' id='word_1_57' title='bbox 906 1022 1100 1078; x_wconf 89' lang='lat' dir='ltr'><strong>parere</strong></span> <span class='ocrx_word' id='word_1_58' title='bbox 1137 1007 1480 1075; x_wconf 80' lang='lat' dir='ltr'><strong>cognoscitur</strong></span> <span class='ocrx_word' id='word_1_59' title='bbox 1503 1006 1766 1078; x_wconf 83' lang='lat' dir='ltr'><strong>aequitati.</strong></span> 
     </span>
    </p>
   </div>
   <div class='ocr_carea' id='block_1_11' title="bbox 180 1095 1770 1168">
    <p class='ocr_par' dir='ltr' id='par_1_11' title="bbox 180 1095 1770 1168">
     <span class='ocr_line' id='line_1_11' title="bbox 180 1095 1770 1168; baseline -0.001 -13"><span class='ocrx_word' id='word_1_60' title='bbox 180 1098 303 1155; x_wconf 86' lang='lat' dir='ltr'><strong>Ideo</strong></span> <span class='ocrx_word' id='word_1_61' title='bbox 349 1097 494 1154; x_wconf 91' lang='lat' dir='ltr'><strong>enim</strong></span> <span class='ocrx_word' id='word_1_62' title='bbox 534 1113 566 1153; x_wconf 89' lang='lat' dir='ltr'><strong>a</strong></span> <span class='ocrx_word' id='word_1_63' title='bbox 603 1098 757 1153; x_wconf 91' lang='lat' dir='ltr'><strong>nobis</strong></span> <span class='ocrx_word' id='word_1_64' title='bbox 783 1098 1010 1168; x_wconf 90' lang='lat' dir='ltr'><strong>accipit,</strong></span> <span class='ocrx_word' id='word_1_65' title='bbox 1053 1113 1123 1153; x_wconf 94' lang='lat' dir='ltr'><strong>ne</strong></span> <span class='ocrx_word' id='word_1_66' title='bbox 1151 1098 1220 1152; x_wconf 91' lang='lat' dir='ltr'><strong>ab</strong></span> <span class='ocrx_word' id='word_1_67' title='bbox 1247 1097 1368 1152; x_wconf 88' lang='lat' dir='ltr'><strong>aliis</strong></span> <span class='ocrx_word' id='word_1_68' title='bbox 1393 1104 1618 1168; x_wconf 61' lang='lat' dir='ltr'><strong>quaerat.</strong></span> <span class='ocrx_word' id='word_1_69' title='bbox 1662 1095 1770 1153; x_wconf 87' lang='lat' dir='ltr'><strong>No-</strong></span> 
     </span>
    </p>
   </div>
   <div class='ocr_carea' id='block_1_12' title="bbox 182 1189 1773 1261">
    <p class='ocr_par' dir='ltr' id='par_1_12' title="bbox 182 1189 1773 1261">
     <span class='ocr_line' id='line_1_12' title="bbox 182 1189 1773 1261; baseline -0.001 -15"><span class='ocrx_word' id='word_1_70' title='bbox 182 1205 348 1248; x_wconf 88' lang='lat' dir='ltr'><strong>strum</strong></span> <span class='ocrx_word' id='word_1_71' title='bbox 385 1190 544 1257; x_wconf 91' lang='lat' dir='ltr'><strong>dare,</strong></span> <span class='ocrx_word' id='word_1_72' title='bbox 596 1190 850 1246; x_wconf 88' lang='lat' dir='ltr'><strong>nobilitas</strong></span> <span class='ocrx_word' id='word_1_73' title='bbox 897 1200 1026 1245; x_wconf 88' lang='lat' dir='ltr'><strong>est:</strong></span> <span class='ocrx_word' id='word_1_74' title='bbox 1077 1190 1217 1246; x_wconf 92' lang='lat' dir='ltr'><strong>dona</strong></span> <span class='ocrx_word' id='word_1_75' title='bbox 1268 1189 1470 1261; x_wconf 76' lang='lat' dir='ltr'><strong>regalia</strong></span> <span class='ocrx_word' id='word_1_76' title='bbox 1525 1190 1773 1260; x_wconf 84' lang='lat' dir='ltr'><strong>quamvis</strong></span> 
     </span>
    </p>
   </div>
   <div class='ocr_carea' id='block_1_13' title="bbox 182 1279 1774 1355">
    <p class='ocr_par' dir='ltr' id='par_1_13' title="bbox 182 1279 1774 1355">
     <span class='ocr_line' id='line_1_13' title="bbox 182 1279 1774 1355; baseline -0.003 -17"><span class='ocrx_word' id='word_1_77' title='bbox 182 1299 345 1355; x_wconf 90' lang='lat' dir='ltr'><strong>parva</strong></span> <span class='ocrx_word' id='word_1_78' title='bbox 388 1282 678 1340; x_wconf 87' lang='lat' dir='ltr'><strong>sublimant</strong></span> <span class='ocrx_word' id='word_1_79' title='bbox 727 1299 740 1335; x_wconf 89' lang='lat'><strong>:</strong></span> <span class='ocrx_word' id='word_1_80' title='bbox 788 1281 917 1351; x_wconf 88' lang='lat' dir='ltr'><strong>quia</strong></span> <span class='ocrx_word' id='word_1_81' title='bbox 968 1281 1127 1336; x_wconf 90' lang='lat' dir='ltr'><strong>simul</strong></span> <span class='ocrx_word' id='word_1_82' title='bbox 1174 1290 1230 1336; x_wconf 89' lang='lat' dir='ltr'><strong>et</strong></span> <span class='ocrx_word' id='word_1_83' title='bbox 1277 1279 1594 1336; x_wconf 88' lang='lat' dir='ltr'><strong>meritorum</strong></span> <span class='ocrx_word' id='word_1_84' title='bbox 1647 1294 1774 1350; x_wconf 84' lang='lat' dir='ltr'><strong>gra-</strong></span> 
     </span>
    </p>
   </div>
   <div class='ocr_carea' id='block_1_14' title="bbox 183 1371 1776 1446">
    <p class='ocr_par' dir='ltr' id='par_1_14' title="bbox 183 1371 1776 1446">
     <span class='ocr_line' id='line_1_14' title="bbox 183 1371 1776 1446; baseline -0.001 -16"><span class='ocrx_word' id='word_1_85' title='bbox 183 1377 308 1430; x_wconf 90' lang='lat' dir='ltr'><strong>tiam</strong></span> <span class='ocrx_word' id='word_1_86' title='bbox 354 1373 623 1446; x_wconf 85' lang='lat' dir='ltr'><strong>reperisse</strong></span> <span class='ocrx_word' id='word_1_87' title='bbox 664 1373 926 1445; x_wconf 86' lang='lat' dir='ltr'><strong>creditur,</strong></span> <span class='ocrx_word' id='word_1_88' title='bbox 967 1373 1061 1444; x_wconf 88' lang='lat' dir='ltr'><strong>qui</strong></span> <span class='ocrx_word' id='word_1_89' title='bbox 1082 1371 1368 1444; x_wconf 86' lang='lat' dir='ltr'><strong>principali</strong></span> <span class='ocrx_word' id='word_1_90' title='bbox 1391 1387 1618 1429; x_wconf 90' lang='lat' dir='ltr'><strong>munere</strong></span> <span class='ocrx_word' id='word_1_91' title='bbox 1644 1371 1776 1429; x_wconf 90' lang='lat' dir='ltr'><strong>sub-</strong></span> 
     </span>
    </p>
   </div>
   <div class='ocr_carea' id='block_1_15' title="bbox 184 1467 413 1523">
    <p class='ocr_par' dir='ltr' id='par_1_15' title="bbox 184 1467 413 1523">
     <span class='ocr_line' id='line_1_15' title="bbox 184 1467 413 1523; baseline 0 -1"><span class='ocrx_word' id='word_1_92' title='bbox 184 1467 413 1523; x_wconf 84' lang='lat' dir='ltr'><strong>levatur.</strong></span> 
     </span>
    </p>
   </div>
   <div class='ocr_carea' id='block_1_16' title="bbox 719 1609 1240 1669">
    <p class='ocr_par' dir='ltr' id='par_1_16' title="bbox 719 1609 1240 1669">
     <span class='ocr_line' id='line_1_16' title="bbox 719 1609 1240 1669; baseline -0.002 -1"><span class='ocrx_word' id='word_1_93' title='bbox 719 1610 1056 1669; x_wconf 78' lang='lat' dir='ltr'><strong>EPISTOLA</strong></span> <span class='ocrx_word' id='word_1_94' title='bbox 1097 1609 1240 1667; x_wconf 84' lang='lat' dir='ltr'><strong>XIV.</strong></span> 
     </span>
    </p>
   </div>
   <div class='ocr_carea' id='block_1_17' title="bbox 181 1715 1774 1772">
    <p class='ocr_par' dir='ltr' id='par_1_17' title="bbox 181 1715 1774 1772">
     <span class='ocr_line' id='line_1_17' title="bbox 181 1715 1774 1772; baseline -0.004 -8"><span class='ocrx_word' id='word_1_95' title='bbox 181 1722 373 1764; x_wconf 59' lang='lat' dir='ltr'><strong>GILDIS</strong></span> <span class='ocrx_word' id='word_1_96' title='bbox 415 1721 536 1764; x_wconf 76' lang='grc' dir='ltr'><strong>νικο</strong></span> <span class='ocrx_word' id='word_1_97' title='bbox 584 1720 814 1768; x_wconf 72' lang='grc' dir='ltr'><strong>ευῐιιιιι,</strong></span> <span class='ocrx_word' id='word_1_98' title='bbox 864 1719 1049 1760; x_wconf 70' lang='grc'><strong>(20111⁵1</strong></span> <span class='ocrx_word' id='word_1_99' title='bbox 1101 1715 1447 1758; x_wconf 66' lang='grc' dir='ltr'><strong>επιυιουωε</strong></span> <span class='ocrx_word' id='word_1_100' title='bbox 1484 1715 1774 1772; x_wconf 72' lang='grc' dir='ltr'><strong>αινιτΑτιε,</strong></span> 
     </span>
    </p>
   </div>
   <div class='ocr_carea' id='block_1_18' title="bbox 704 1789 1249 1832">
    <p class='ocr_par' dir='ltr' id='par_1_18' title="bbox 704 1789 1249 1832">
     <span class='ocr_line' id='line_1_18' title="bbox 704 1789 1249 1832; baseline -0.007 0"><span class='ocrx_word' id='word_1_101' title='bbox 704 1794 773 1832; x_wconf 71' lang='grc' dir='ltr'><strong>ΔΤ</strong></span> <span class='ocrx_word' id='word_1_102' title='bbox 780 1792 1007 1831; x_wconf 69' lang='grc' dir='ltr'><strong>ηΑιΑιιςε</strong></span> <span class='ocrx_word' id='word_1_103' title='bbox 1015 1789 1075 1830; x_wconf 83' lang='lat' dir='ltr'><strong>US</strong></span> <span class='ocrx_word' id='word_1_104' title='bbox 1122 1789 1249 1828; x_wconf 72' lang='lat' dir='ltr'><strong>REX.</strong></span> 
     </span>
    </p>
   </div>
   <div class='ocr_carea' id='block_1_19' title="bbox 1869 543 3462 612">
    <p class='ocr_par' dir='ltr' id='par_1_19' title="bbox 1869 543 3462 612">
     <span class='ocr_line' id='line_1_19' title="bbox 1869 543 3462 612; baseline 0.008 -12"><span class='ocrx_word' id='word_1_105' title='bbox 1869 545 2164 600; x_wconf 89' lang='lat' dir='ltr'><strong>constituit.</strong></span> <span class='ocrx_word' id='word_1_106' title='bbox 2199 543 2552 600; x_wconf 86' lang='lat' dir='ltr'><strong>Commodum</strong></span> <span class='ocrx_word' id='word_1_107' title='bbox 2581 548 2724 602; x_wconf 91' lang='lat' dir='ltr'><strong>enim</strong></span> <span class='ocrx_word' id='word_1_108' title='bbox 2752 549 2912 604; x_wconf 87' lang='lat' dir='ltr'><strong>debet</strong></span> <span class='ocrx_word' id='word_1_109' title='bbox 2935 565 3056 606; x_wconf 92' lang='lat' dir='ltr'><strong>esse</strong></span> <span class='ocrx_word' id='word_1_110' title='bbox 3104 565 3228 605; x_wconf 91' lang='lat' dir='ltr'><strong>cum</strong></span> <span class='ocrx_word' id='word_1_111' title='bbox 3275 551 3462 612; x_wconf 88' lang='lat' dir='ltr'><strong>modo.</strong></span> 
     </span>
    </p>
   </div>
   <div class='ocr_carea' id='block_1_20' title="bbox 1870 638 3466 712">
    <p class='ocr_par' dir='ltr' id='par_1_20' title="bbox 1870 638 3466 712">
     <span class='ocr_line' id='line_1_20' title="bbox 1870 638 3466 712; baseline 0.007 -20"><span class='ocrx_word' id='word_1_112' title='bbox 1870 638 2002 693; x_wconf 76' lang='lat' dir='ltr'><strong>Nam</strong></span> <span class='ocrx_word' id='word_1_113' title='bbox 2053 640 2098 694; x_wconf 94' lang='lat' dir='ltr'><strong>si</strong></span> <span class='ocrx_word' id='word_1_114' title='bbox 2139 654 2447 696; x_wconf 87' lang='lat' dir='ltr'><strong>mensuram</strong></span> <span class='ocrx_word' id='word_1_115' title='bbox 2492 640 2817 710; x_wconf 63' lang='lat' dir='ltr'><strong>aequalitatis</strong></span> <span class='ocrx_word' id='word_1_116' title='bbox 2861 641 3178 712; x_wconf 83' lang='lat' dir='ltr'><strong>excesserit,</strong></span> <span class='ocrx_word' id='word_1_117' title='bbox 3227 645 3337 702; x_wconf 88' lang='lat' dir='ltr'><strong>vim</strong></span> <span class='ocrx_word' id='word_1_118' title='bbox 3381 645 3466 703; x_wconf 87' lang='lat' dir='ltr'><strong>sui</strong></span> 
     </span>
    </p>
   </div>
   <div class='ocr_carea' id='block_1_21' title="bbox 1871 731 3470 805">
    <p class='ocr_par' dir='ltr' id='par_1_21' title="bbox 1871 731 3470 805">
     <span class='ocr_line' id='line_1_21' title="bbox 1871 731 3470 805; baseline 0.004 -19"><span class='ocrx_word' id='word_1_119' title='bbox 1871 731 2107 787; x_wconf 88' lang='lat' dir='ltr'><strong>nominis</strong></span> <span class='ocrx_word' id='word_1_120' title='bbox 2135 731 2301 804; x_wconf 84' lang='lat' dir='ltr'><strong>[Jur.,</strong></span> <span class='ocrx_word' id='word_1_121' title='bbox 2333 731 2553 804; x_wconf 89' lang='lat' dir='ltr'><strong>amoris]</strong></span> <span class='ocrx_word' id='word_1_122' title='bbox 2595 749 2703 789; x_wconf 91' lang='lat' dir='ltr'><strong>non</strong></span> <span class='ocrx_word' id='word_1_123' title='bbox 2732 734 2969 790; x_wconf 88' lang='lat' dir='ltr'><strong>habebit.</strong></span> <span class='ocrx_word' id='word_1_124' title='bbox 2999 736 3057 791; x_wconf 90' lang='lat' dir='ltr'><strong>Si</strong></span> <span class='ocrx_word' id='word_1_125' title='bbox 3081 751 3207 792; x_wconf 89' lang='lat' dir='ltr'><strong>vero</strong></span> <span class='ocrx_word' id='word_1_126' title='bbox 3235 747 3323 792; x_wconf 92' lang='lat' dir='ltr'><strong>tua</strong></span> <span class='ocrx_word' id='word_1_127' title='bbox 3349 737 3470 805; x_wconf 82' lang='lat' dir='ltr'><strong>jus-</strong></span> 
     </span>
    </p>
   </div>
   <div class='ocr_carea' id='block_1_22' title="bbox 1871 827 3469 893">
    <p class='ocr_par' dir='ltr' id='par_1_22' title="bbox 1871 827 3469 893">
     <span class='ocr_line' id='line_1_22' title="bbox 1871 827 3469 893; baseline 0.001 -10"><span class='ocrx_word' id='word_1_128' title='bbox 1871 829 2023 884; x_wconf 91' lang='lat' dir='ltr'><strong>sione</strong></span> <span class='ocrx_word' id='word_1_129' title='bbox 2049 828 2334 883; x_wconf 87' lang='lat' dir='ltr'><strong>conventio</strong></span> <span class='ocrx_word' id='word_1_130' title='bbox 2362 827 2681 893; x_wconf 86' lang='lat' dir='ltr'><strong>destinatur,</strong></span> <span class='ocrx_word' id='word_1_131' title='bbox 2740 827 3000 883; x_wconf 81' lang='lat' dir='ltr'><strong>duntaxat</strong></span> <span class='ocrx_word' id='word_1_132' title='bbox 3048 829 3099 882; x_wconf 92' lang='lat' dir='ltr'><strong>in</strong></span> <span class='ocrx_word' id='word_1_133' title='bbox 3140 828 3244 884; x_wconf 90' lang='lat' dir='ltr'><strong>illis</strong></span> <span class='ocrx_word' id='word_1_134' title='bbox 3291 831 3469 885; x_wconf 89' lang='lat' dir='ltr'><strong>causis</strong></span> 
     </span>
    </p>
   </div>
   <div class='ocr_carea' id='block_1_23' title="bbox 1873 919 3471 990">
    <p class='ocr_par' dir='ltr' id='par_1_23' title="bbox 1873 919 3471 990">
     <span class='ocr_line' id='line_1_23' title="bbox 1873 919 3471 990; baseline 0.001 -16"><span class='ocrx_word' id='word_1_135' title='bbox 1873 929 2036 989; x_wconf 87' lang='lat' dir='ltr'><strong>atque</strong></span> <span class='ocrx_word' id='word_1_136' title='bbox 2062 919 2325 990; x_wconf 90' lang='lat' dir='ltr'><strong>personis,</strong></span> <span class='ocrx_word' id='word_1_137' title='bbox 2359 919 2448 974; x_wconf 92' lang='lat' dir='ltr'><strong>ubi</strong></span> <span class='ocrx_word' id='word_1_138' title='bbox 2486 929 2538 974; x_wconf 93' lang='lat' dir='ltr'><strong>te</strong></span> <span class='ocrx_word' id='word_1_139' title='bbox 2565 919 2779 974; x_wconf 86' lang='lat' dir='ltr'><strong>misceri</strong></span> <span class='ocrx_word' id='word_1_140' title='bbox 2807 919 2980 974; x_wconf 90' lang='lat' dir='ltr'><strong>edicta</strong></span> <span class='ocrx_word' id='word_1_141' title='bbox 3023 919 3329 984; x_wconf 91' lang='lat' dir='ltr'><strong>voluerunt,</strong></span> <span class='ocrx_word' id='word_1_142' title='bbox 3355 937 3471 976; x_wconf 86' lang='lat' dir='ltr'><strong>me-</strong></span> 
     </span>
    </p>
   </div>
   <div class='ocr_carea' id='block_1_24' title="bbox 1875 1008 3470 1081">
    <p class='ocr_par' dir='ltr' id='par_1_24' title="bbox 1875 1008 3470 1081">
     <span class='ocr_line' id='line_1_24' title="bbox 1875 1008 3470 1081; baseline 0.001 -15"><span class='ocrx_word' id='word_1_143' title='bbox 1875 1011 2019 1066; x_wconf 88' lang='lat' dir='ltr'><strong>diam</strong></span> <span class='ocrx_word' id='word_1_144' title='bbox 2046 1011 2350 1081; x_wconf 90' lang='lat' dir='ltr'><strong>portionem</strong></span> <span class='ocrx_word' id='word_1_145' title='bbox 2377 1018 2667 1066; x_wconf 84' lang='lat' dir='ltr'><strong>exsecutor</strong></span> <span class='ocrx_word' id='word_1_146' title='bbox 2694 1010 2943 1080; x_wconf 89' lang='lat' dir='ltr'><strong>accipiat,</strong></span> <span class='ocrx_word' id='word_1_147' title='bbox 2975 1008 3135 1080; x_wconf 91' lang='lat' dir='ltr'><strong>quam</strong></span> <span class='ocrx_word' id='word_1_148' title='bbox 3166 1011 3233 1065; x_wconf 92' lang='lat' dir='ltr'><strong>de</strong></span> <span class='ocrx_word' id='word_1_149' title='bbox 3265 1027 3470 1080; x_wconf 85' lang='lat' dir='ltr'><strong>praece-</strong></span> 
     </span>
    </p>
   </div>
   <div class='ocr_carea' id='block_1_25' title="bbox 1875 1101 3472 1175">
    <p class='ocr_par' dir='ltr' id='par_1_25' title="bbox 1875 1101 3472 1175">
     <span class='ocr_line' id='line_1_25' title="bbox 1875 1101 3472 1175; baseline 0 -19"><span class='ocrx_word' id='word_1_150' title='bbox 1875 1103 1983 1175; x_wconf 88' lang='lat' dir='ltr'><strong>ptis</strong></span> <span class='ocrx_word' id='word_1_151' title='bbox 2021 1102 2180 1172; x_wconf 89' lang='lat' dir='ltr'><strong>regiis</strong></span> <span class='ocrx_word' id='word_1_152' title='bbox 2203 1117 2416 1158; x_wconf 91' lang='lat' dir='ltr'><strong>sumere</strong></span> <span class='ocrx_word' id='word_1_153' title='bbox 2443 1103 2729 1173; x_wconf 90' lang='lat' dir='ltr'><strong>potuisset,</strong></span> <span class='ocrx_word' id='word_1_154' title='bbox 2773 1101 2899 1170; x_wconf 91' lang='lat' dir='ltr'><strong>quia</strong></span> <span class='ocrx_word' id='word_1_155' title='bbox 2927 1118 3037 1156; x_wconf 90' lang='lat' dir='ltr'><strong>non</strong></span> <span class='ocrx_word' id='word_1_156' title='bbox 3064 1109 3243 1172; x_wconf 88' lang='lat' dir='ltr'><strong>potest</strong></span> <span class='ocrx_word' id='word_1_157' title='bbox 3268 1117 3472 1158; x_wconf 91' lang='lat' dir='ltr'><strong>conve-</strong></span> 
     </span>
    </p>
   </div>
   <div class='ocr_carea' id='block_1_26' title="bbox 1877 1193 3476 1265">
    <p class='ocr_par' dir='ltr' id='par_1_26' title="bbox 1877 1193 3476 1265">
     <span class='ocr_line' id='line_1_26' title="bbox 1877 1193 3476 1265; baseline -0.002 -15"><span class='ocrx_word' id='word_1_158' title='bbox 1877 1196 1993 1250; x_wconf 90' lang='lat' dir='ltr'><strong>nire</strong></span> <span class='ocrx_word' id='word_1_159' title='bbox 2021 1194 2244 1265; x_wconf 72' lang='lat' dir='ltr'><strong>justitize</strong></span> <span class='ocrx_word' id='word_1_160' title='bbox 2280 1203 2340 1250; x_wconf 93' lang='lat' dir='ltr'><strong>ut</strong></span> <span class='ocrx_word' id='word_1_161' title='bbox 2367 1201 2574 1248; x_wconf 90' lang='lat' dir='ltr'><strong>tantum</strong></span> <span class='ocrx_word' id='word_1_162' title='bbox 2605 1209 2636 1248; x_wconf 93' lang='lat' dir='ltr'><strong>a</strong></span> <span class='ocrx_word' id='word_1_163' title='bbox 2668 1201 2721 1248; x_wconf 95' lang='lat' dir='ltr'><strong>te</strong></span> <span class='ocrx_word' id='word_1_164' title='bbox 2749 1193 2954 1248; x_wconf 89' lang='lat' dir='ltr'><strong>directo</strong></span> <span class='ocrx_word' id='word_1_165' title='bbox 2982 1195 3268 1260; x_wconf 88' lang='lat' dir='ltr'><strong>tribuatur,</strong></span> <span class='ocrx_word' id='word_1_166' title='bbox 3302 1210 3476 1265; x_wconf 86' lang='lat' dir='ltr'><strong>quan-</strong></span> 
     </span>
    </p>
   </div>
   <div class='ocr_carea' id='block_1_27' title="bbox 1875 1283 3476 1356">
    <p class='ocr_par' dir='ltr' id='par_1_27' title="bbox 1875 1283 3476 1356">
     <span class='ocr_line' id='line_1_27' title="bbox 1875 1283 3476 1356; baseline 0.001 -16"><span class='ocrx_word' id='word_1_167' title='bbox 1875 1291 1991 1341; x_wconf 88' lang='lat' dir='ltr'><strong>tum</strong></span> <span class='ocrx_word' id='word_1_168' title='bbox 2013 1301 2110 1356; x_wconf 92' lang='lat' dir='ltr'><strong>pro</strong></span> <span class='ocrx_word' id='word_1_169' title='bbox 2139 1285 2442 1340; x_wconf 87' lang='lat' dir='ltr'><strong>reverentia</strong></span> <span class='ocrx_word' id='word_1_170' title='bbox 2469 1292 2665 1340; x_wconf 70' lang='lat' dir='ltr'><strong>nostra:</strong></span> <span class='ocrx_word' id='word_1_171' title='bbox 2680 1283 2936 1352; x_wconf 89' lang='lat' dir='ltr'><strong>jussionis</strong></span> <span class='ocrx_word' id='word_1_172' title='bbox 2983 1283 3224 1340; x_wconf 74' lang='lat' dir='ltr'><strong>offertur.</strong></span> <span class='ocrx_word' id='word_1_173' title='bbox 3251 1285 3308 1341; x_wconf 92' lang='lat' dir='ltr'><strong>Si</strong></span> <span class='ocrx_word' id='word_1_174' title='bbox 3354 1286 3476 1355; x_wconf 88' lang='lat' dir='ltr'><strong>quis</strong></span> 
     </span>
    </p>
   </div>
   <div class='ocr_carea' id='block_1_28' title="bbox 1879 1375 3474 1447">
    <p class='ocr_par' dir='ltr' id='par_1_28' title="bbox 1879 1375 3474 1447">
     <span class='ocr_line' id='line_1_28' title="bbox 1879 1375 3474 1447; baseline -0.001 -15"><span class='ocrx_word' id='word_1_175' title='bbox 1879 1385 2064 1432; x_wconf 89' lang='lat' dir='ltr'><strong>autem</strong></span> <span class='ocrx_word' id='word_1_176' title='bbox 2096 1375 2436 1432; x_wconf 85' lang='lat' dir='ltr'><strong>saluberrimi</strong></span> <span class='ocrx_word' id='word_1_177' title='bbox 2463 1377 2743 1432; x_wconf 86' lang='lat' dir='ltr'><strong>constituti</strong></span> <span class='ocrx_word' id='word_1_178' title='bbox 2783 1385 3078 1433; x_wconf 86' lang='lat' dir='ltr'><strong>temerator</strong></span> <span class='ocrx_word' id='word_1_179' title='bbox 3103 1379 3394 1447; x_wconf 84' lang='lat' dir='ltr'><strong>exstiterit,</strong></span> <span class='ocrx_word' id='word_1_180' title='bbox 3419 1379 3474 1432; x_wconf 90' lang='lat' dir='ltr'><strong>in</strong></span> 
     </span>
    </p>
   </div>
   <div class='ocr_carea' id='block_1_29' title="bbox 1879 1467 3478 1540">
    <p class='ocr_par' dir='ltr' id='par_1_29' title="bbox 1879 1467 3478 1540">
     <span class='ocr_line' id='line_1_29' title="bbox 1879 1467 3478 1540; baseline 0.001 -17"><span class='ocrx_word' id='word_1_181' title='bbox 1879 1467 2239 1539; x_wconf 88' lang='lat' dir='ltr'><strong>quadruplum</strong></span> <span class='ocrx_word' id='word_1_182' title='bbox 2257 1467 2510 1537; x_wconf 90' lang='lat' dir='ltr'><strong>jubemus</strong></span> <span class='ocrx_word' id='word_1_183' title='bbox 2547 1467 2725 1522; x_wconf 89' lang='lat' dir='ltr'><strong>ablata</strong></span> <span class='ocrx_word' id='word_1_184' title='bbox 2758 1468 3001 1535; x_wconf 86' lang='lat' dir='ltr'><strong>restitui;</strong></span> <span class='ocrx_word' id='word_1_185' title='bbox 3044 1478 3104 1522; x_wconf 90' lang='lat' dir='ltr'><strong>ut</strong></span> <span class='ocrx_word' id='word_1_186' title='bbox 3148 1468 3296 1540; x_wconf 92' lang='lat' dir='ltr'><strong>quod</strong></span> <span class='ocrx_word' id='word_1_187' title='bbox 3326 1469 3478 1525; x_wconf 89' lang='lat' dir='ltr'><strong>dele-</strong></span> 
     </span>
    </p>
   </div>
   <div class='ocr_carea' id='block_1_30' title="bbox 1879 1542 3476 1632">
    <p class='ocr_par' dir='ltr' id='par_1_30' title="bbox 1879 1542 3476 1632">
     <span class='ocr_line' id='line_1_30' title="bbox 1879 1542 3476 1632; baseline 0.001 -18"><span class='ocrx_word' id='word_1_188' title='bbox 1879 1559 2121 1614; x_wconf 87' lang='lat' dir='ltr'><strong>ctatione</strong></span> <span class='ocrx_word' id='word_1_189' title='bbox 2149 1557 2458 1629; x_wconf 85' lang='lat' dir='ltr'><strong>cupiditatis</strong></span> <span class='ocrx_word' id='word_1_190' title='bbox 2485 1558 2786 1614; x_wconf 87' lang='lat' dir='ltr'><strong>admittitur</strong></span> <span class='ocrx_word' id='word_1_191' title='bbox 2807 1557 2934 1630; x_wconf 61' lang='lat' dir='ltr'><strong>[51s.</strong></span> <span class='ocrx_word' id='word_1_192' title='bbox 2965 1567 3013 1612; x_wconf 91' lang='lat' dir='ltr'><strong>et</strong></span> <span class='ocrx_word' id='word_1_193' title='bbox 3031 1542 3476 1632; x_wconf 84' lang='lat' dir='ltr'><strong>Ac.,amittitur],</strong></span> 
     </span>
    </p>
   </div>
   <div class='ocr_carea' id='block_1_31' title="bbox 1881 1649 3481 1722">
    <p class='ocr_par' dir='ltr' id='par_1_31' title="bbox 1881 1649 3481 1722">
     <span class='ocr_line' id='line_1_31' title="bbox 1881 1649 3481 1722; baseline 0 -16"><span class='ocrx_word' id='word_1_194' title='bbox 1881 1651 2179 1722; x_wconf 88' lang='lat' dir='ltr'><strong>asperitate</strong></span> <span class='ocrx_word' id='word_1_195' title='bbox 2205 1650 2471 1722; x_wconf 88' lang='lat' dir='ltr'><strong>dispendii</strong></span> <span class='ocrx_word' id='word_1_196' title='bbox 2503 1651 2819 1707; x_wconf 84' lang='lat' dir='ltr'><strong>vindicetur.</strong></span> <span class='ocrx_word' id='word_1_197' title='bbox 2865 1649 3055 1706; x_wconf 88' lang='lat' dir='ltr'><strong>Edicta</strong></span> <span class='ocrx_word' id='word_1_198' title='bbox 3086 1667 3214 1708; x_wconf 90' lang='lat' dir='ltr'><strong>vero</strong></span> <span class='ocrx_word' id='word_1_199' title='bbox 3254 1653 3481 1722; x_wconf 84' lang='lat' dir='ltr'><strong>gloriosi</strong></span> 
     </span>
    </p>
   </div>
   <div class='ocr_carea' id='block_1_32' title="bbox 1881 1741 3483 1814">
    <p class='ocr_par' dir='ltr' id='par_1_32' title="bbox 1881 1741 3483 1814">
     <span class='ocr_line' id='line_1_32' title="bbox 1881 1741 3483 1814; baseline 0 -16"><span class='ocrx_word' id='word_1_200' title='bbox 1881 1741 2068 1798; x_wconf 90' lang='lat' dir='ltr'><strong>domni</strong></span> <span class='ocrx_word' id='word_1_201' title='bbox 2095 1742 2181 1798; x_wconf 91' lang='lat' dir='ltr'><strong>avi</strong></span> <span class='ocrx_word' id='word_1_202' title='bbox 2209 1741 2401 1809; x_wconf 89' lang='lat' dir='ltr'><strong>nostri,</strong></span> <span class='ocrx_word' id='word_1_203' title='bbox 2456 1741 2543 1797; x_wconf 91' lang='lat' dir='ltr'><strong>vel</strong></span> <span class='ocrx_word' id='word_1_204' title='bbox 2597 1742 2850 1798; x_wconf 87' lang='lat' dir='ltr'><strong>universa</strong></span> <span class='ocrx_word' id='word_1_205' title='bbox 2905 1749 3196 1813; x_wconf 81' lang='lat' dir='ltr'><strong>praecepta,</strong></span> <span class='ocrx_word' id='word_1_206' title='bbox 3241 1759 3359 1814; x_wconf 80' lang='lat' dir='ltr'><strong>quae</strong></span> <span class='ocrx_word' id='word_1_207' title='bbox 3412 1743 3483 1798; x_wconf 88' lang='lat' dir='ltr'><strong>ad</strong></span> 
     </span>
    </p>
   </div>
   <div class='ocr_carea' id='block_1_33' title="bbox 181 1832 3480 1943">
    <p class='ocr_par' dir='ltr' id='par_1_33' title="bbox 181 1832 3480 1943">
     <span class='ocr_line' id='line_1_33' title="bbox 181 1832 3480 1943; baseline -0.011 -20"><span class='ocrx_word' id='word_1_208' title='bbox 181 1867 426 1925; x_wconf 86' lang='lat' dir='ltr'><strong>Decernit</strong></span> <span class='ocrx_word' id='word_1_209' title='bbox 461 1879 517 1924; x_wconf 89' lang='lat' dir='ltr'><strong>ut</strong></span> <span class='ocrx_word' id='word_1_210' title='bbox 537 1870 784 1943; x_wconf 82' lang='lat' dir='ltr'><strong>quidquid</strong></span> <span class='ocrx_word' id='word_1_211' title='bbox 808 1886 841 1921; x_wconf 89' lang='lat' dir='ltr'><strong>a</strong></span> <span class='ocrx_word' id='word_1_212' title='bbox 887 1864 1286 1943; x_wconf 65' lang='lat' dir='ltr'><strong>provincialibus</strong></span> <span class='ocrx_word' id='word_1_213' title='bbox 1332 1881 1428 1937; x_wconf 79' lang='lat' dir='ltr'><strong>pro</strong></span> <span class='ocrx_word' id='word_1_214' title='bbox 1449 1868 1782 1943; x_wconf 71' lang='lat' dir='ltr'><strong>reparatione</strong></span> <span class='ocrx_word' id='word_1_215' title='bbox 1809 1853 1861 1916; x_wconf 84' lang='lat' dir='ltr'><strong>B</strong></span> <span class='ocrx_word' id='word_1_216' title='bbox 1885 1832 2124 1943; x_wconf 49' lang='grc' dir='ltr'><strong>ξίθξιίδω</strong></span> <span class='ocrx_word' id='word_1_217' title='bbox 2149 1849 2252 1943; x_wconf 46' lang='lat' dir='ltr'><strong>Pro</strong></span> <span class='ocrx_word' id='word_1_218' title='bbox 2267 1834 2673 1943; x_wconf 50' lang='grc' dir='ltr'><strong>ςοωῐξξοξὶθηαξε</strong></span> <span class='ocrx_word' id='word_1_219' title='bbox 2689 1833 2842 1908; x_wconf 69' lang='lat' dir='ltr'><strong>[Ed.,</strong></span> <span class='ocrx_word' id='word_1_220' title='bbox 2865 1835 3301 1943; x_wconf 61' lang='lat' dir='ltr'><strong>commovendis;</strong></span> <span class='ocrx_word' id='word_1_221' title='bbox 3461 1873 3480 1902; x_wconf 92' lang='lat'><strong>,</strong></span> 
     </span>
    </p>
   </div>
   <div class='ocr_carea' id='block_1_34' title="bbox 247 1937 1784 2066">
    <p class='ocr_par' dir='ltr' id='par_1_34' title="bbox 247 1937 1784 2066">
     <span class='ocr_line' id='line_1_34' title="bbox 247 1937 1784 2066; baseline -0.001 -72"><span class='ocrx_word' id='word_1_222' title='bbox 247 1959 516 1996; x_wconf 79' lang='lat' dir='ltr'><strong>murorum</strong></span> <span class='ocrx_word' id='word_1_223' title='bbox 543 1937 645 2066; x_wconf 56' lang='lat' dir='ltr'><strong>luit</strong></span> <span class='ocrx_word' id='word_1_224' title='bbox 665 1937 944 2002; x_wconf 69' lang='lat' dir='ltr'><strong>extortum,</strong></span> <span class='ocrx_word' id='word_1_225' title='bbox 974 1947 1064 1990; x_wconf 84' lang='lat' dir='ltr'><strong>aut</strong></span> <span class='ocrx_word' id='word_1_226' title='bbox 1085 1937 1405 1999; x_wconf 82' lang='lat' dir='ltr'><strong>restituatur,</strong></span> <span class='ocrx_word' id='word_1_227' title='bbox 1435 1945 1524 1989; x_wconf 89' lang='lat' dir='ltr'><strong>aut</strong></span> <span class='ocrx_word' id='word_1_228' title='bbox 1549 1938 1784 2007; x_wconf 78' lang='lat' dir='ltr'><strong>reﬁcien-</strong></span> 
     </span>
     <span class='ocr_line' id='line_1_35' title="bbox 249 2007 1783 2066; baseline 0 -1"><span class='ocrx_word' id='word_1_229' title='bbox 249 2013 334 2066; x_wconf 84' lang='lat' dir='ltr'><strong>dis</strong></span> <span class='ocrx_word' id='word_1_230' title='bbox 387 2015 539 2066; x_wconf 68' lang='lat' dir='ltr'><strong>mani</strong></span> <span class='ocrx_word' id='word_1_231' title='bbox 577 2029 636 2065; x_wconf 87' lang='lat' dir='ltr'><strong>as</strong></span> <span class='ocrx_word' id='word_1_232' title='bbox 682 2010 1034 2066; x_wconf 82' lang='lat' dir='ltr'><strong>impendatur.</strong></span> <span class='ocrx_word' id='word_1_233' title='bbox 1096 2007 1224 2061; x_wconf 84' lang='lat' dir='ltr'><strong>Tum</strong></span> <span class='ocrx_word' id='word_1_234' title='bbox 1279 2007 1605 2066; x_wconf 76' lang='lat' dir='ltr'><strong>rebrehendit</strong></span> <span class='ocrx_word' id='word_1_235' title='bbox 1645 2025 1783 2066; x_wconf 89' lang='lat' dir='ltr'><strong>eum.</strong></span> 
     </span>
    </p>
   </div>
   <div class='ocr_carea' id='block_1_35' title="bbox 249 2007 1783 2077">
    <p class='ocr_par' dir='ltr' id='par_1_35' title="bbox 249 2007 1783 2077">
     <span class='ocr_line' id='line_1_36' title="bbox 249 2007 1783 2077; baseline -0.001 -12"><span class='ocrx_word' id='word_1_236' title='bbox 249 2013 334 2066; x_wconf 84' lang='lat' dir='ltr'><strong>dis</strong></span> <span class='ocrx_word' id='word_1_237' title='bbox 387 2007 636 2066; x_wconf 67' lang='lat' dir='ltr'><strong>manibus</strong></span> <span class='ocrx_word' id='word_1_238' title='bbox 682 2010 1034 2076; x_wconf 85' lang='lat' dir='ltr'><strong>impendatur.</strong></span> <span class='ocrx_word' id='word_1_239' title='bbox 1096 2007 1224 2061; x_wconf 84' lang='lat' dir='ltr'><strong>Tum</strong></span> <span class='ocrx_word' id='word_1_240' title='bbox 1279 2007 1605 2077; x_wconf 63' lang='lat' dir='ltr'><strong>reprehendit</strong></span> <span class='ocrx_word' id='word_1_241' title='bbox 1645 2025 1783 2074; x_wconf 89' lang='lat' dir='ltr'><strong>eum,</strong></span> 
     </span>
    </p>
   </div>
   <div class='ocr_carea' id='block_1_36' title="bbox 248 2077 1786 2164">
    <p class='ocr_par' dir='ltr' id='par_1_36' title="bbox 248 2077 1786 2164">
     <span class='ocr_line' id='line_1_37' title="bbox 248 2077 1786 2164; baseline -0.001 -28"><span class='ocrx_word' id='word_1_242' title='bbox 248 2085 389 2164; x_wconf 84' lang='lat' dir='ltr'><strong>quod</strong></span> <span class='ocrx_word' id='word_1_243' title='bbox 411 2083 734 2164; x_wconf 71' lang='lat' dir='ltr'><strong>substantias</strong></span> <span class='ocrx_word' id='word_1_244' title='bbox 747 2092 1081 2164; x_wconf 42' lang='lat' dir='ltr'><strong>nmortuorum</strong></span> <span class='ocrx_word' id='word_1_245' title='bbox 1121 2081 1242 2164; x_wconf 39' lang='lat' dir='ltr'><strong>sine.</strong></span> <span class='ocrx_word' id='word_1_246' title='bbox 1271 2078 1448 2164; x_wconf 80' lang='lat' dir='ltr'><strong>aliqua</strong></span> <span class='ocrx_word' id='word_1_247' title='bbox 1460 2077 1786 2164; x_wconf 58' lang='lat' dir='ltr'><strong>&#39;discretione</strong></span> 
     </span>
    </p>
   </div>
   <div class='ocr_carea' id='block_1_37' title="bbox 239 2147 1788 2224">
    <p class='ocr_par' dir='ltr' id='par_1_37' title="bbox 239 2147 1788 2224">
     <span class='ocr_line' id='line_1_38' title="bbox 239 2147 1788 2224; baseline 0 -19"><span class='ocrx_word' id='word_1_248' title='bbox 239 2147 468 2224; x_wconf 76' lang='lat' dir='ltr'><strong>jnstitia:</strong></span> <span class='ocrx_word' id='word_1_249' title='bbox 503 2155 706 2208; x_wconf 80' lang='lat' dir='ltr'><strong>nomine</strong></span> <span class='ocrx_word' id='word_1_250' title='bbox 733 2152 850 2222; x_wconf 77' lang='lat' dir='ltr'><strong>ﬁsci</strong></span> <span class='ocrx_word' id='word_1_251' title='bbox 891 2152 1072 2204; x_wconf 87' lang='lat' dir='ltr'><strong>caduci</strong></span> <span class='ocrx_word' id='word_1_252' title='bbox 1103 2147 1404 2224; x_wconf 68' lang='lat' dir='ltr'><strong>vindicaret.</strong></span> <span class='ocrx_word' id='word_1_253' title='bbox 1415 2219 1425 2224; x_wconf 82' lang='lat'>_</span> <span class='ocrx_word' id='word_1_254' title='bbox 1451 2147 1674 2217; x_wconf 84' lang='lat' dir='ltr'><strong>Insuper</strong></span> <span class='ocrx_word' id='word_1_255' title='bbox 1703 2151 1788 2205; x_wconf 89' lang='lat' dir='ltr'><strong>di-</strong></span> 
     </span>
    </p>
   </div>
   <div class='ocr_carea' id='block_1_38' title="bbox 250 2219 1785 2293">
    <p class='ocr_par' dir='ltr' id='par_1_38' title="bbox 250 2219 1785 2293">
     <span class='ocr_line' id='line_1_39' title="bbox 250 2219 1785 2293; baseline -0.001 -15"><span class='ocrx_word' id='word_1_256' title='bbox 250 2219 318 2278; x_wconf 75' lang='lat' dir='ltr'><strong>cit</strong></span> <span class='ocrx_word' id='word_1_257' title='bbox 354 2225 694 2292; x_wconf 84' lang='lat' dir='ltr'><strong>provinciales</strong></span> <span class='ocrx_word' id='word_1_258' title='bbox 725 2219 964 2293; x_wconf 78' lang='lat' dir='ltr'><strong>conqueri</strong></span> <span class='ocrx_word' id='word_1_259' title='bbox 993 2238 1048 2275; x_wconf 90' lang='lat' dir='ltr'><strong>se</strong></span> <span class='ocrx_word' id='word_1_260' title='bbox 1077 2219 1500 2293; x_wconf 77' lang='lat' dir='ltr'><strong>conventionibus</strong></span> <span class='ocrx_word' id='word_1_261' title='bbox 1527 2224 1785 2293; x_wconf 50' lang='lat' dir='ltr'><strong>omnimo—</strong></span> 
     </span>
    </p>
   </div>
   <div class='ocr_carea' id='block_1_39' title="bbox 250 2289 1786 2367">
    <p class='ocr_par' dir='ltr' id='par_1_39' title="bbox 250 2289 1786 2367">
     <span class='ocr_line' id='line_1_40' title="bbox 250 2289 1786 2367; baseline -0.001 -19"><span class='ocrx_word' id='word_1_262' title='bbox 250 2289 640 2367; x_wconf 41' lang='lat' dir='ltr'><strong>dis&#39;gravatos.</strong></span> <span class='ocrx_word' id='word_1_263' title='bbox 699 2289 925 2367; x_wconf 79' lang='lat' dir='ltr'><strong>Denique</strong></span> <span class='ocrx_word' id='word_1_264' title='bbox 966 2291 1145 2367; x_wconf 68' lang='lat' dir='ltr'><strong>statuit</strong></span> <span class='ocrx_word' id='word_1_265' title='bbox 1191 2299 1245 2343; x_wconf 88' lang='lat' dir='ltr'><strong>ut</strong></span> <span class='ocrx_word' id='word_1_266' title='bbox 1283 2290 1453 2367; x_wconf 74' lang='lat' dir='ltr'><strong>edicta</strong></span> <span class='ocrx_word' id='word_1_267' title='bbox 1481 2307 1514 2343; x_wconf 82' lang='grc' dir='ltr'><strong>α</strong></span> <span class='ocrx_word' id='word_1_268' title='bbox 1547 2289 1786 2367; x_wconf 76' lang='lat' dir='ltr'><strong>Theodo-</strong></span> 
     </span>
    </p>
   </div>
   <div class='ocr_carea' id='block_1_40' title="bbox 249 2360 1791 2436">
    <p class='ocr_par' dir='ltr' id='par_1_40' title="bbox 249 2360 1791 2436">
     <span class='ocr_line' id='line_1_41' title="bbox 249 2360 1791 2436; baseline -0.003 -16"><span class='ocrx_word' id='word_1_269' title='bbox 249 2360 504 2436; x_wconf 55' lang='lat' dir='ltr'><strong>rico&#39;pro</strong></span> <span class='ocrx_word' id='word_1_270' title='bbox 551 2360 918 2436; x_wconf 85' lang='lat' dir='ltr'><strong>componendis</strong></span> <span class='ocrx_word' id='word_1_271' title='bbox 962 2363 1257 2436; x_wconf 79' lang='lat' dir='ltr'><strong>Siculorum</strong></span> <span class='ocrx_word' id='word_1_272' title='bbox 1285 2360 1538 2436; x_wconf 75' lang='lat' dir='ltr'><strong>moribus_</strong></span> <span class='ocrx_word' id='word_1_273' title='bbox 1559 2363 1791 2434; x_wconf 83' lang='lat' dir='ltr'><strong>promul-</strong></span> 
     </span>
    </p>
   </div>
   <div class='ocr_carea' id='block_1_41' title="bbox 251 2431 1790 2507">
    <p class='ocr_par' dir='ltr' id='par_1_41' title="bbox 251 2431 1790 2507">
     <span class='ocr_line' id='line_1_42' title="bbox 251 2431 1790 2507; baseline -0.003 -17"><span class='ocrx_word' id='word_1_274' title='bbox 251 2447 378 2507; x_wconf 86' lang='lat' dir='ltr'><strong>gata</strong></span> <span class='ocrx_word' id='word_1_275' title='bbox 411 2431 501 2489; x_wconf 51' lang='lat' dir='ltr'><strong>&#39;ita</strong></span> <span class='ocrx_word' id='word_1_276' title='bbox 549 2431 923 2496; x_wconf 77' lang='lat' dir='ltr'><strong>custodiantur,</strong></span> <span class='ocrx_word' id='word_1_277' title='bbox 974 2442 1030 2486; x_wconf 86' lang='lat' dir='ltr'><strong>ut</strong></span> <span class='ocrx_word' id='word_1_278' title='bbox 1066 2432 1326 2502; x_wconf 74' lang='lat' dir='ltr'><strong>sacrilegii</strong></span> <span class='ocrx_word' id='word_1_279' title='bbox 1372 2449 1488 2507; x_wconf 76' lang='lat' dir='ltr'><strong>reus</strong></span> <span class='ocrx_word' id='word_1_280' title='bbox 1517 2431 1790 2504; x_wconf 66' lang='lat' dir='ltr'><strong>habeatur,</strong></span> 
     </span>
    </p>
   </div>
   <div class='ocr_carea' id='block_1_42' title="bbox 253 2505 1445 2579">
    <p class='ocr_par' dir='ltr' id='par_1_42' title="bbox 253 2505 1445 2579">
     <span class='ocr_line' id='line_1_43' title="bbox 253 2505 1445 2579; baseline -0.003 -20"><span class='ocrx_word' id='word_1_281' title='bbox 253 2505 483 2579; x_wconf 81' lang='lat' dir='ltr'><strong>quisquis</strong></span> <span class='ocrx_word' id='word_1_282' title='bbox 513 2525 574 2561; x_wconf 88' lang='lat' dir='ltr'><strong>ea</strong></span> <span class='ocrx_word' id='word_1_283' title='bbox 594 2510 788 2562; x_wconf 81' lang='lat' dir='ltr'><strong>violare</strong></span> <span class='ocrx_word' id='word_1_284' title='bbox 808 2507 1131 2578; x_wconf 80' lang='lat' dir='ltr'><strong>aliquatenus</strong></span> <span class='ocrx_word' id='word_1_285' title='bbox 1155 2505 1445 2557; x_wconf 86' lang='lat' dir='ltr'><strong>tentaverit.</strong></span> 
     </span>
    </p>
   </div>
   <div class='ocr_carea' id='block_1_43' title="bbox 259 2591 1794 2664">
    <p class='ocr_par' dir='ltr' id='par_1_43' title="bbox 259 2591 1794 2664">
     <span class='ocr_line' id='line_1_44' title="bbox 259 2591 1794 2664; baseline -0.003 -14"><span class='ocrx_word' id='word_1_286' title='bbox 259 2596 672 2655; x_wconf 86' lang='lat' dir='ltr'><strong>Provincialium</strong></span> <span class='ocrx_word' id='word_1_287' title='bbox 702 2597 1006 2654; x_wconf 89' lang='lat' dir='ltr'><strong>Siculorum</strong></span> <span class='ocrx_word' id='word_1_288' title='bbox 1032 2595 1188 2650; x_wconf 87' lang='lat' dir='ltr'><strong>nobis</strong></span> <span class='ocrx_word' id='word_1_289' title='bbox 1216 2602 1299 2649; x_wconf 92' lang='lat' dir='ltr'><strong>est</strong></span> <span class='ocrx_word' id='word_1_290' title='bbox 1328 2593 1672 2664; x_wconf 76' lang='lat' dir='ltr'><strong>suggestione</strong></span> <span class='ocrx_word' id='word_1_291' title='bbox 1699 2591 1794 2646; x_wconf 88' lang='lat' dir='ltr'><strong>de-</strong></span> 
     </span>
    </p>
   </div>
   <div class='ocr_carea' id='block_1_44' title="bbox 187 2686 1796 2762">
    <p class='ocr_par' dir='ltr' id='par_1_44' title="bbox 187 2686 1796 2762">
     <span class='ocr_line' id='line_1_45' title="bbox 187 2686 1796 2762; baseline -0.005 -16"><span class='ocrx_word' id='word_1_292' title='bbox 187 2689 448 2746; x_wconf 88' lang='lat' dir='ltr'><strong>claratum</strong></span> <span class='ocrx_word' id='word_1_293' title='bbox 474 2690 723 2762; x_wconf 71' lang='lat' dir='ltr'><strong>quaedam</strong></span> <span class='ocrx_word' id='word_1_294' title='bbox 753 2704 784 2744; x_wconf 92' lang='lat' dir='ltr'><strong>a</strong></span> <span class='ocrx_word' id='word_1_295' title='bbox 811 2699 904 2744; x_wconf 89' lang='lat' dir='ltr'><strong>tua</strong></span> <span class='ocrx_word' id='word_1_296' title='bbox 939 2695 1210 2758; x_wconf 87' lang='lat' dir='ltr'><strong>potestate</strong></span> <span class='ocrx_word' id='word_1_297' title='bbox 1240 2686 1373 2752; x_wconf 83' lang='lat' dir='ltr'><strong>fieri,</strong></span> <span class='ocrx_word' id='word_1_298' title='bbox 1424 2686 1567 2742; x_wconf 93' lang='lat' dir='ltr'><strong>unde</strong></span> <span class='ocrx_word' id='word_1_299' title='bbox 1604 2700 1796 2740; x_wconf 91' lang='lat' dir='ltr'><strong>eorum</strong></span> 
     </span>
    </p>
   </div>
   <div class='ocr_carea' id='block_1_45' title="bbox 184 2773 1796 2847">
    <p class='ocr_par' dir='ltr' id='par_1_45' title="bbox 184 2773 1796 2847">
     <span class='ocr_line' id='line_1_46' title="bbox 184 2773 1796 2847; baseline -0.007 -8"><span class='ocrx_word' id='word_1_300' title='bbox 184 2783 415 2839; x_wconf 71' lang='lat' dir='ltr'><strong>ferinum</strong></span> <span class='ocrx_word' id='word_1_301' title='bbox 443 2782 723 2837; x_wconf 87' lang='lat' dir='ltr'><strong>videantur</strong></span> <span class='ocrx_word' id='word_1_302' title='bbox 768 2778 951 2847; x_wconf 82' lang='lat' dir='ltr'><strong>afﬂigi.</strong></span> <span class='ocrx_word' id='word_1_303' title='bbox 983 2776 1140 2844; x_wconf 84' lang='lat' dir='ltr'><strong>Quod</strong></span> <span class='ocrx_word' id='word_1_304' title='bbox 1179 2775 1303 2831; x_wconf 88' lang='lat' dir='ltr'><strong>ideo</strong></span> <span class='ocrx_word' id='word_1_305' title='bbox 1351 2776 1540 2830; x_wconf 88' lang='lat' dir='ltr'><strong>leviter</strong></span> <span class='ocrx_word' id='word_1_306' title='bbox 1579 2773 1796 2844; x_wconf 91' lang='lat' dir='ltr'><strong>accepi-</strong></span> 
     </span>
    </p>
   </div>
   <div class='ocr_carea' id='block_1_46' title="bbox 184 2868 1801 2947">
    <p class='ocr_par' dir='ltr' id='par_1_46' title="bbox 184 2868 1801 2947">
     <span class='ocr_line' id='line_1_47' title="bbox 184 2868 1801 2947; baseline -0.007 -16"><span class='ocrx_word' id='word_1_307' title='bbox 184 2890 330 2944; x_wconf 88' lang='lat' dir='ltr'><strong>mus,</strong></span> <span class='ocrx_word' id='word_1_308' title='bbox 363 2876 485 2947; x_wconf 92' lang='lat' dir='ltr'><strong>quia</strong></span> <span class='ocrx_word' id='word_1_309' title='bbox 515 2875 620 2946; x_wconf 90' lang='lat' dir='ltr'><strong>ipsi</strong></span> <span class='ocrx_word' id='word_1_310' title='bbox 649 2871 904 2929; x_wconf 89' lang='lat' dir='ltr'><strong>vindicari</strong></span> <span class='ocrx_word' id='word_1_311' title='bbox 929 2869 1199 2941; x_wconf 69' lang='lat' dir='ltr'><strong>prmterita</strong></span> <span class='ocrx_word' id='word_1_312' title='bbox 1238 2869 1547 2925; x_wconf 88' lang='lat' dir='ltr'><strong>noluerunt.</strong></span> <span class='ocrx_word' id='word_1_313' title='bbox 1571 2868 1801 2923; x_wconf 81' lang='lat' dir='ltr'><strong>Constat</strong></span> 
     </span>
    </p>
   </div>
   <div class='ocr_carea' id='block_1_47' title="bbox 183 2959 1802 3036">
    <p class='ocr_par' dir='ltr' id='par_1_47' title="bbox 183 2959 1802 3036">
     <span class='ocr_line' id='line_1_48' title="bbox 183 2959 1802 3036; baseline -0.005 -15"><span class='ocrx_word' id='word_1_314' title='bbox 183 2968 336 3022; x_wconf 87' lang='lat' dir='ltr'><strong>enim</strong></span> <span class='ocrx_word' id='word_1_315' title='bbox 365 2982 484 3023; x_wconf 89' lang='lat' dir='ltr'><strong>esse</strong></span> <span class='ocrx_word' id='word_1_316' title='bbox 507 2966 750 3036; x_wconf 89' lang='lat' dir='ltr'><strong>dubium,</strong></span> <span class='ocrx_word' id='word_1_317' title='bbox 777 2961 923 3032; x_wconf 90' lang='lat' dir='ltr'><strong>quod</strong></span> <span class='ocrx_word' id='word_1_318' title='bbox 947 2961 1194 3016; x_wconf 90' lang='lat' dir='ltr'><strong>concedit</strong></span> <span class='ocrx_word' id='word_1_319' title='bbox 1215 2959 1582 3027; x_wconf 89' lang='lat' dir='ltr'><strong>adversarius;</strong></span> <span class='ocrx_word' id='word_1_320' title='bbox 1608 2967 1663 3014; x_wconf 91' lang='lat' dir='ltr'><strong>et</strong></span> <span class='ocrx_word' id='word_1_321' title='bbox 1678 2973 1802 3030; x_wconf 87' lang='lat' dir='ltr'><strong>per-</strong></span> 
     </span>
    </p>
   </div>
   <div class='ocr_carea' id='block_1_48' title="bbox 182 3051 1800 3126">
    <p class='ocr_par' dir='ltr' id='par_1_48' title="bbox 182 3051 1800 3126">
     <span class='ocr_line' id='line_1_49' title="bbox 182 3051 1800 3126; baseline -0.006 -12"><span class='ocrx_word' id='word_1_322' title='bbox 182 3058 314 3114; x_wconf 91' lang='lat' dir='ltr'><strong>celli</strong></span> <span class='ocrx_word' id='word_1_323' title='bbox 364 3073 474 3111; x_wconf 92' lang='lat' dir='ltr'><strong>non</strong></span> <span class='ocrx_word' id='word_1_324' title='bbox 521 3063 702 3126; x_wconf 88' lang='lat' dir='ltr'><strong>potest</strong></span> <span class='ocrx_word' id='word_1_325' title='bbox 743 3053 884 3123; x_wconf 89' lang='lat' dir='ltr'><strong>jure,</strong></span> <span class='ocrx_word' id='word_1_326' title='bbox 936 3052 1024 3108; x_wconf 90' lang='lat' dir='ltr'><strong>cui</strong></span> <span class='ocrx_word' id='word_1_327' title='bbox 1065 3051 1269 3106; x_wconf 90' lang='lat' dir='ltr'><strong>mavult</strong></span> <span class='ocrx_word' id='word_1_328' title='bbox 1295 3051 1615 3120; x_wconf 91' lang='lat' dir='ltr'><strong>querulosus</strong></span> <span class='ocrx_word' id='word_1_329' title='bbox 1644 3051 1800 3119; x_wconf 90' lang='lat' dir='ltr'><strong>igno-</strong></span> 
     </span>
    </p>
   </div>
   <div class='ocr_carea' id='block_1_49' title="bbox 180 3141 1802 3215">
    <p class='ocr_par' dir='ltr' id='par_1_49' title="bbox 180 3141 1802 3215">
     <span class='ocr_line' id='line_1_50' title="bbox 180 3141 1802 3215; baseline -0.007 -8"><span class='ocrx_word' id='word_1_330' title='bbox 180 3163 368 3206; x_wconf 89' lang='lat' dir='ltr'><strong>scere.</strong></span> <span class='ocrx_word' id='word_1_331' title='bbox 418 3145 529 3202; x_wconf 89' lang='lat' dir='ltr'><strong>Sed</strong></span> <span class='ocrx_word' id='word_1_332' title='bbox 587 3153 649 3200; x_wconf 92' lang='lat' dir='ltr'><strong>ut</strong></span> <span class='ocrx_word' id='word_1_333' title='bbox 700 3143 1034 3215; x_wconf 90' lang='lat' dir='ltr'><strong>suspiciones</strong></span> <span class='ocrx_word' id='word_1_334' title='bbox 1087 3143 1297 3213; x_wconf 89' lang='lat' dir='ltr'><strong>iniquas</strong></span> <span class='ocrx_word' id='word_1_335' title='bbox 1349 3143 1544 3198; x_wconf 83' lang='lat' dir='ltr'><strong>futuris</strong></span> <span class='ocrx_word' id='word_1_336' title='bbox 1591 3141 1802 3196; x_wconf 90' lang='lat' dir='ltr'><strong>casibus</strong></span> 
     </span>
    </p>
   </div>
   <div class='ocr_carea' id='block_1_50' title="bbox 1888 1924 3485 2000">
    <p class='ocr_par' dir='ltr' id='par_1_50' title="bbox 1888 1924 3485 2000">
     <span class='ocr_line' id='line_1_51' title="bbox 1888 1924 3485 2000; baseline -0.001 -16"><span class='ocrx_word' id='word_1_337' title='bbox 1888 1929 2042 2000; x_wconf 75' lang='lat' dir='ltr'><strong>forte,</strong></span> <span class='ocrx_word' id='word_1_338' title='bbox 2091 1924 2502 1998; x_wconf 88' lang='lat' dir='ltr'><strong>componendis]</strong></span> <span class='ocrx_word' id='word_1_339' title='bbox 2551 1927 2925 1984; x_wconf 88' lang='lat' dir='ltr'><strong>universorum</strong></span> <span class='ocrx_word' id='word_1_340' title='bbox 2957 1929 3198 1984; x_wconf 87' lang='lat' dir='ltr'><strong>moribus</strong></span> <span class='ocrx_word' id='word_1_341' title='bbox 3245 1928 3485 1983; x_wconf 87' lang='lat' dir='ltr'><strong>destina-</strong></span> 
     </span>
    </p>
   </div>
   <div class='ocr_carea' id='block_1_51' title="bbox 1887 2019 3484 2086">
    <p class='ocr_par' dir='ltr' id='par_1_51' title="bbox 1887 2019 3484 2086">
     <span class='ocr_line' id='line_1_52' title="bbox 1887 2019 3484 2086; baseline 0.001 -12"><span class='ocrx_word' id='word_1_342' title='bbox 1887 2020 1985 2086; x_wconf 91' lang='lat' dir='ltr'><strong>vit,</strong></span> <span class='ocrx_word' id='word_1_343' title='bbox 2017 2020 2117 2075; x_wconf 86' lang='lat' dir='ltr'><strong>sub</strong></span> <span class='ocrx_word' id='word_1_344' title='bbox 2145 2027 2296 2075; x_wconf 89' lang='lat' dir='ltr'><strong>tanta</strong></span> <span class='ocrx_word' id='word_1_345' title='bbox 2317 2019 2567 2075; x_wconf 88' lang='lat' dir='ltr'><strong>volumus</strong></span> <span class='ocrx_word' id='word_1_346' title='bbox 2589 2020 2896 2076; x_wconf 84' lang='lat' dir='ltr'><strong>obedientia</strong></span> <span class='ocrx_word' id='word_1_347' title='bbox 2925 2020 3202 2084; x_wconf 90' lang='lat' dir='ltr'><strong>custodiri,</strong></span> <span class='ocrx_word' id='word_1_348' title='bbox 3235 2020 3484 2076; x_wconf 89' lang='lat' dir='ltr'><strong>utsacri-</strong></span> 
     </span>
    </p>
   </div>
   <div class='ocr_carea' id='block_1_52' title="bbox 1889 2111 3481 2184">
    <p class='ocr_par' dir='ltr' id='par_1_52' title="bbox 1889 2111 3481 2184">
     <span class='ocr_line' id='line_1_53' title="bbox 1889 2111 3481 2184; baseline 0 -17"><span class='ocrx_word' id='word_1_349' title='bbox 1889 2111 2014 2183; x_wconf 84' lang='lat' dir='ltr'><strong>legii</strong></span> <span class='ocrx_word' id='word_1_350' title='bbox 2041 2128 2168 2169; x_wconf 89' lang='lat' dir='ltr'><strong>reus</strong></span> <span class='ocrx_word' id='word_1_351' title='bbox 2221 2112 2483 2168; x_wconf 90' lang='lat' dir='ltr'><strong>habeatur</strong></span> <span class='ocrx_word' id='word_1_352' title='bbox 2510 2112 2752 2183; x_wconf 91' lang='lat' dir='ltr'><strong>quisquis</strong></span> <span class='ocrx_word' id='word_1_353' title='bbox 2789 2112 3040 2169; x_wconf 90' lang='lat' dir='ltr'><strong>belluinis</strong></span> <span class='ocrx_word' id='word_1_354' title='bbox 3073 2112 3308 2167; x_wconf 87' lang='lat' dir='ltr'><strong>motibus</strong></span> <span class='ocrx_word' id='word_1_355' title='bbox 3331 2111 3481 2184; x_wconf 89' lang='lat' dir='ltr'><strong>[Ed.,</strong></span> 
     </span>
    </p>
   </div>
   <div class='ocr_carea' id='block_1_53' title="bbox 1891 2201 3488 2274">
    <p class='ocr_par' dir='ltr' id='par_1_53' title="bbox 1891 2201 3488 2274">
     <span class='ocr_line' id='line_1_54' title="bbox 1891 2201 3488 2274; baseline 0.001 -17"><span class='ocrx_word' id='word_1_356' title='bbox 1891 2201 2182 2274; x_wconf 89' lang='lat' dir='ltr'><strong>moribus]</strong></span> <span class='ocrx_word' id='word_1_357' title='bbox 2231 2203 2495 2258; x_wconf 84' lang='lat' dir='ltr'><strong>excitatus</strong></span> <span class='ocrx_word' id='word_1_358' title='bbox 2540 2205 2815 2259; x_wconf 89' lang='lat' dir='ltr'><strong>munimen</strong></span> <span class='ocrx_word' id='word_1_359' title='bbox 2863 2204 3151 2259; x_wconf 89' lang='lat' dir='ltr'><strong>tentaverit</strong></span> <span class='ocrx_word' id='word_1_360' title='bbox 3186 2203 3488 2272; x_wconf 85' lang='lat' dir='ltr'><strong>irrumpere</strong></span> 
     </span>
    </p>
   </div>
   <div class='ocr_carea' id='block_1_54' title="bbox 1887 2294 3489 2367">
    <p class='ocr_par' dir='ltr' id='par_1_54' title="bbox 1887 2294 3489 2367">
     <span class='ocr_line' id='line_1_55' title="bbox 1887 2294 3489 2367; baseline 0 -18"><span class='ocrx_word' id='word_1_361' title='bbox 1887 2294 2214 2366; x_wconf 90' lang='lat' dir='ltr'><strong>jussionum.</strong></span> <span class='ocrx_word' id='word_1_362' title='bbox 2243 2294 2481 2350; x_wconf 91' lang='lat' dir='ltr'><strong>Duorum</strong></span> <span class='ocrx_word' id='word_1_363' title='bbox 2508 2295 2726 2367; x_wconf 88' lang='lat' dir='ltr'><strong>negotia</strong></span> <span class='ocrx_word' id='word_1_364' title='bbox 2770 2295 3163 2364; x_wconf 81' lang='lat' dir='ltr'><strong>Romanorum,</strong></span> <span class='ocrx_word' id='word_1_365' title='bbox 3194 2296 3359 2351; x_wconf 91' lang='lat' dir='ltr'><strong>etiam</strong></span> <span class='ocrx_word' id='word_1_366' title='bbox 3405 2295 3489 2349; x_wconf 89' lang='lat' dir='ltr'><strong>his</strong></span> 
     </span>
    </p>
   </div>
   <div class='ocr_carea' id='block_1_55' title="bbox 1894 2386 3488 2458">
    <p class='ocr_par' dir='ltr' id='par_1_55' title="bbox 1894 2386 3488 2458">
     <span class='ocr_line' id='line_1_56' title="bbox 1894 2386 3488 2458; baseline 0.001 -17"><span class='ocrx_word' id='word_1_367' title='bbox 1894 2386 2097 2453; x_wconf 85' lang='lat' dir='ltr'><strong>invitis,</strong></span> <span class='ocrx_word' id='word_1_368' title='bbox 2131 2387 2198 2442; x_wconf 90' lang='lat' dir='ltr'><strong>ad</strong></span> <span class='ocrx_word' id='word_1_369' title='bbox 2232 2394 2383 2443; x_wconf 90' lang='lat' dir='ltr'><strong>tuum</strong></span> <span class='ocrx_word' id='word_1_370' title='bbox 2427 2388 2620 2444; x_wconf 89' lang='lat' dir='ltr'><strong>diceris</strong></span> <span class='ocrx_word' id='word_1_371' title='bbox 2658 2403 2857 2444; x_wconf 88' lang='lat' dir='ltr'><strong>vocare</strong></span> <span class='ocrx_word' id='word_1_372' title='bbox 2896 2388 3191 2458; x_wconf 87' lang='lat' dir='ltr'><strong>judicium;</strong></span> <span class='ocrx_word' id='word_1_373' title='bbox 3247 2403 3385 2458; x_wconf 73' lang='lat' dir='ltr'><strong>quae,</strong></span> <span class='ocrx_word' id='word_1_374' title='bbox 3440 2387 3488 2442; x_wconf 87' lang='lat' dir='ltr'><strong>si</strong></span> 
     </span>
    </p>
   </div>
   <div class='ocr_carea' id='block_1_56' title="bbox 1895 2478 3490 2550">
    <p class='ocr_par' dir='ltr' id='par_1_56' title="bbox 1895 2478 3490 2550">
     <span class='ocr_line' id='line_1_57' title="bbox 1895 2478 3490 2550; baseline -0.001 -13"><span class='ocrx_word' id='word_1_375' title='bbox 1895 2479 2181 2549; x_wconf 78' lang='lat' dir='ltr'><strong>cognoscis</strong></span> <span class='ocrx_word' id='word_1_376' title='bbox 2205 2478 2366 2544; x_wconf 89' lang='lat' dir='ltr'><strong>facta,</strong></span> <span class='ocrx_word' id='word_1_377' title='bbox 2401 2480 2625 2535; x_wconf 89' lang='lat' dir='ltr'><strong>ulterius</strong></span> <span class='ocrx_word' id='word_1_378' title='bbox 2655 2495 2763 2535; x_wconf 92' lang='lat' dir='ltr'><strong>non</strong></span> <span class='ocrx_word' id='word_1_379' title='bbox 2789 2494 3103 2550; x_wconf 74' lang='lat' dir='ltr'><strong>prmsumas,</strong></span> <span class='ocrx_word' id='word_1_380' title='bbox 3136 2494 3206 2535; x_wconf 92' lang='lat' dir='ltr'><strong>ne</strong></span> <span class='ocrx_word' id='word_1_381' title='bbox 3249 2479 3377 2534; x_wconf 91' lang='lat' dir='ltr'><strong>dum</strong></span> <span class='ocrx_word' id='word_1_382' title='bbox 3408 2480 3490 2536; x_wconf 89' lang='lat' dir='ltr'><strong>vis</strong></span> 
     </span>
    </p>
   </div>
   <div class='ocr_carea' id='block_1_57' title="bbox 1892 2571 3494 2663">
    <p class='ocr_par' dir='ltr' id='par_1_57' title="bbox 1892 2571 3494 2663">
     <span class='ocr_line' id='line_1_58' title="bbox 1892 2571 3494 2663; baseline 0 -37"><span class='ocrx_word' id='word_1_383' title='bbox 1892 2571 2154 2663; x_wconf 72' lang='lat' dir='ltr'><strong>judicium</strong></span> <span class='ocrx_word' id='word_1_384' title='bbox 2190 2571 2618 2642; x_wconf 91' lang='lat' dir='ltr'><strong>incompetenter</strong></span> <span class='ocrx_word' id='word_1_385' title='bbox 2644 2586 2918 2641; x_wconf 67' lang='lat' dir='ltr'><strong>quaerere,</strong></span> <span class='ocrx_word' id='word_1_386' title='bbox 2961 2582 3172 2626; x_wconf 87' lang='lat' dir='ltr'><strong>reatum</strong></span> <span class='ocrx_word' id='word_1_387' title='bbox 3212 2573 3392 2642; x_wconf 90' lang='lat' dir='ltr'><strong>potius</strong></span> <span class='ocrx_word' id='word_1_388' title='bbox 3419 2571 3494 2626; x_wconf 81' lang='lat' dir='ltr'><strong>vi-</strong></span> 
     </span>
    </p>
   </div>
   <div class='ocr_carea' id='block_1_58' title="bbox 1899 2661 3491 2732">
    <p class='ocr_par' dir='ltr' id='par_1_58' title="bbox 1899 2661 3491 2732">
     <span class='ocr_line' id='line_1_59' title="bbox 1899 2661 3491 2732; baseline -0.001 -14"><span class='ocrx_word' id='word_1_389' title='bbox 1899 2661 2078 2718; x_wconf 82' lang='lat' dir='ltr'><strong>dearis</strong></span> <span class='ocrx_word' id='word_1_390' title='bbox 2123 2663 2384 2717; x_wconf 90' lang='lat' dir='ltr'><strong>invenire.</strong></span> <span class='ocrx_word' id='word_1_391' title='bbox 2419 2661 2626 2716; x_wconf 82' lang='lat' dir='ltr'><strong>Memor</strong></span> <span class='ocrx_word' id='word_1_392' title='bbox 2653 2663 2797 2718; x_wconf 92' lang='lat' dir='ltr'><strong>enim</strong></span> <span class='ocrx_word' id='word_1_393' title='bbox 2817 2663 2964 2732; x_wconf 91' lang='lat' dir='ltr'><strong>prius</strong></span> <span class='ocrx_word' id='word_1_394' title='bbox 2984 2662 3148 2717; x_wconf 89' lang='lat' dir='ltr'><strong>debes</strong></span> <span class='ocrx_word' id='word_1_395' title='bbox 3168 2677 3287 2718; x_wconf 91' lang='lat' dir='ltr'><strong>esse</strong></span> <span class='ocrx_word' id='word_1_396' title='bbox 3307 2662 3491 2730; x_wconf 88' lang='lat' dir='ltr'><strong>edicti,</strong></span> 
     </span>
    </p>
   </div>
   <div class='ocr_carea' id='block_1_59' title="bbox 1899 2751 3496 2824">
    <p class='ocr_par' dir='ltr' id='par_1_59' title="bbox 1899 2751 3496 2824">
     <span class='ocr_line' id='line_1_60' title="bbox 1899 2751 3496 2824; baseline -0.002 -15"><span class='ocrx_word' id='word_1_397' title='bbox 1899 2755 1992 2824; x_wconf 91' lang='lat' dir='ltr'><strong>qui</strong></span> <span class='ocrx_word' id='word_1_398' title='bbox 2013 2755 2154 2808; x_wconf 90' lang='lat' dir='ltr'><strong>inter</strong></span> <span class='ocrx_word' id='word_1_399' title='bbox 2175 2755 2308 2808; x_wconf 88' lang='lat' dir='ltr'><strong>alios</strong></span> <span class='ocrx_word' id='word_1_400' title='bbox 2343 2753 2513 2807; x_wconf 89' lang='lat' dir='ltr'><strong>mavis</strong></span> <span class='ocrx_word' id='word_1_401' title='bbox 2540 2759 2649 2807; x_wconf 90' lang='lat' dir='ltr'><strong>ate</strong></span> <span class='ocrx_word' id='word_1_402' title='bbox 2673 2751 2948 2822; x_wconf 88' lang='lat' dir='ltr'><strong>sequenda</strong></span> <span class='ocrx_word' id='word_1_403' title='bbox 2977 2753 3250 2808; x_wconf 91' lang='lat' dir='ltr'><strong>constitui.</strong></span> <span class='ocrx_word' id='word_1_404' title='bbox 3277 2751 3496 2820; x_wconf 82' lang='lat' dir='ltr'><strong>Alioqui</strong></span> 
     </span>
    </p>
   </div>
   <div class='ocr_carea' id='block_1_60' title="bbox 1900 2843 3498 2910">
    <p class='ocr_par' dir='ltr' id='par_1_60' title="bbox 1900 2843 3498 2910">
     <span class='ocr_line' id='line_1_61' title="bbox 1900 2843 3498 2910; baseline -0.002 -11"><span class='ocrx_word' id='word_1_405' title='bbox 1900 2853 2017 2899; x_wconf 89' lang='lat' dir='ltr'><strong>tota</strong></span> <span class='ocrx_word' id='word_1_406' title='bbox 2047 2844 2142 2900; x_wconf 86' lang='lat' dir='ltr'><strong>tibi</strong></span> <span class='ocrx_word' id='word_1_407' title='bbox 2171 2843 2497 2898; x_wconf 88' lang='lat' dir='ltr'><strong>decernendi</strong></span> <span class='ocrx_word' id='word_1_408' title='bbox 2524 2843 2816 2898; x_wconf 90' lang='lat' dir='ltr'><strong>auctoritas</strong></span> <span class='ocrx_word' id='word_1_409' title='bbox 2855 2843 3079 2910; x_wconf 90' lang='lat' dir='ltr'><strong>tollitur,</strong></span> <span class='ocrx_word' id='word_1_410' title='bbox 3133 2844 3178 2898; x_wconf 91' lang='lat' dir='ltr'><strong>si</strong></span> <span class='ocrx_word' id='word_1_411' title='bbox 3225 2857 3256 2897; x_wconf 93' lang='lat' dir='ltr'><strong>a</strong></span> <span class='ocrx_word' id='word_1_412' title='bbox 3303 2851 3356 2898; x_wconf 92' lang='lat' dir='ltr'><strong>te</strong></span> <span class='ocrx_word' id='word_1_413' title='bbox 3404 2843 3498 2897; x_wconf 89' lang='lat' dir='ltr'><strong>illa</strong></span> 
     </span>
    </p>
   </div>
   <div class='ocr_carea' id='block_1_61' title="bbox 1901 2917 3497 3004">
    <p class='ocr_par' dir='ltr' id='par_1_61' title="bbox 1901 2917 3497 3004">
     <span class='ocr_line' id='line_1_62' title="bbox 1901 2917 3497 3004; baseline -0.002 -14"><span class='ocrx_word' id='word_1_414' title='bbox 1901 2935 2087 3004; x_wconf 87' lang='lat' dir='ltr'><strong>regula</strong></span> <span class='ocrx_word' id='word_1_415' title='bbox 2113 2917 2336 2988; x_wconf 82' lang='lat' dir='ltr'><strong>minime</strong></span> <span class='ocrx_word' id='word_1_416' title='bbox 2381 2933 2701 2989; x_wconf 88' lang='lat' dir='ltr'><strong>custoditur.</strong></span> <span class='ocrx_word' id='word_1_417' title='bbox 2742 2931 3038 2990; x_wconf 90' lang='lat' dir='ltr'><strong>Ordinariis</strong></span> <span class='ocrx_word' id='word_1_418' title='bbox 3077 2933 3350 3004; x_wconf 87' lang='lat' dir='ltr'><strong>judicibus</strong></span> <span class='ocrx_word' id='word_1_419' title='bbox 3397 2933 3497 2988; x_wconf 88' lang='lat' dir='ltr'><strong>ad-</strong></span> 
     </span>
    </p>
   </div>
   <div class='ocr_carea' id='block_1_62' title="bbox 1904 3025 3496 3096">
    <p class='ocr_par' dir='ltr' id='par_1_62' title="bbox 1904 3025 3496 3096">
     <span class='ocr_line' id='line_1_63' title="bbox 1904 3025 3496 3096; baseline -0.001 -15"><span class='ocrx_word' id='word_1_420' title='bbox 1904 3027 2362 3081; x_wconf 89' lang='lat' dir='ltr'><strong>ministrationum</strong></span> <span class='ocrx_word' id='word_1_421' title='bbox 2413 3039 2630 3080; x_wconf 89' lang='lat' dir='ltr'><strong>suarum</strong></span> <span class='ocrx_word' id='word_1_422' title='bbox 2676 3032 2918 3096; x_wconf 87' lang='lat' dir='ltr'><strong>potestas</strong></span> <span class='ocrx_word' id='word_1_423' title='bbox 2970 3025 3177 3080; x_wconf 86' lang='lat' dir='ltr'><strong>illibata</strong></span> <span class='ocrx_word' id='word_1_424' title='bbox 3232 3032 3496 3080; x_wconf 86' lang='lat' dir='ltr'><strong>servetur.</strong></span> 
     </span>
    </p>
   </div>
   <div class='ocr_carea' id='block_1_63' title="bbox 1905 3121 3504 3193">
    <p class='ocr_par' dir='ltr' id='par_1_63' title="bbox 1905 3121 3504 3193">
     <span class='ocr_line' id='line_1_64' title="bbox 1905 3121 3504 3193; baseline 0.001 -16"><span class='ocrx_word' id='word_1_425' title='bbox 1905 3121 2227 3193; x_wconf 90' lang='lat' dir='ltr'><strong>Cognitores</strong></span> <span class='ocrx_word' id='word_1_426' title='bbox 2254 3139 2381 3180; x_wconf 92' lang='lat' dir='ltr'><strong>suos</strong></span> <span class='ocrx_word' id='word_1_427' title='bbox 2426 3123 2663 3192; x_wconf 85' lang='lat' dir='ltr'><strong>legitima</strong></span> <span class='ocrx_word' id='word_1_428' title='bbox 2707 3123 2864 3178; x_wconf 89' lang='lat' dir='ltr'><strong>turba</strong></span> <span class='ocrx_word' id='word_1_429' title='bbox 2893 3123 3200 3180; x_wconf 91' lang='lat' dir='ltr'><strong>comitetur.</strong></span> <span class='ocrx_word' id='word_1_430' title='bbox 3232 3121 3504 3179; x_wconf 85' lang='lat' dir='ltr'><strong>Observa-</strong></span> 
     </span>
    </p>
   </div>
   <div class='ocr_carea' id='block_1_64' title="bbox 181 3215 3501 3308">
    <p class='ocr_par' dir='ltr' id='par_1_64' title="bbox 181 3215 3501 3308">
     <span class='ocr_line' id='line_1_65' title="bbox 181 3215 3501 3308; baseline -0.001 -36"><span class='ocrx_word' id='word_1_431' title='bbox 181 3242 536 3308; x_wconf 57' lang='lat' dir='ltr'><strong>abrogemus’</strong></span> <span class='ocrx_word' id='word_1_432' title='bbox 569 3237 902 3294; x_wconf 63' lang='lat' dir='ltr'><strong>observanda</strong></span> <span class='ocrx_word' id='word_1_433' title='bbox 919 3235 1121 3308; x_wconf 57' lang='lat' dir='ltr'><strong>iugiter</strong></span> <span class='ocrx_word' id='word_1_434' title='bbox 1148 3234 1399 3306; x_wconf 64' lang='lat' dir='ltr'><strong>pmsemi</strong></span> <span class='ocrx_word' id='word_1_435' title='bbox 1423 3233 1667 3304; x_wconf 64' lang='lat' dir='ltr'><strong>iussione</strong></span> <span class='ocrx_word' id='word_1_436' title='bbox 1699 3231 1798 3288; x_wconf 73' lang='lat' dir='ltr'><strong>de-</strong></span> <span class='ocrx_word' id='word_1_437' title='bbox 1827 3241 1874 3307; x_wconf 66' lang='grc' dir='ltr'>ο</span> <span class='ocrx_word' id='word_1_438' title='bbox 1907 3215 2113 3270; x_wconf 90' lang='lat' dir='ltr'><strong>tionum</strong></span> <span class='ocrx_word' id='word_1_439' title='bbox 2149 3215 2362 3270; x_wconf 91' lang='lat' dir='ltr'><strong>illarum</strong></span> <span class='ocrx_word' id='word_1_440' title='bbox 2410 3231 2518 3271; x_wconf 93' lang='lat' dir='ltr'><strong>non</strong></span> <span class='ocrx_word' id='word_1_441' title='bbox 2569 3216 2867 3308; x_wconf 76' lang='lat' dir='ltr'><strong>mordearis</strong></span> <span class='ocrx_word' id='word_1_442' title='bbox 2920 3216 3139 3272; x_wconf 91' lang='lat' dir='ltr'><strong>invidia.</strong></span> <span class='ocrx_word' id='word_1_443' title='bbox 3195 3215 3501 3272; x_wconf 86' lang='lat' dir='ltr'><strong>Gothorum</strong></span> 
     </span>
    </p>
   </div>
   <div class='ocr_carea' id='block_1_65' title="bbox 182 3328 1806 3400">
    <p class='ocr_par' dir='ltr' id='par_1_65' title="bbox 182 3328 1806 3400">
     <span class='ocr_line' id='line_1_66' title="bbox 182 3328 1806 3400; baseline -0.006 -8"><span class='ocrx_word' id='word_1_444' title='bbox 182 3333 485 3396; x_wconf 88' lang='lat' dir='ltr'><strong>cernimus,</strong></span> <span class='ocrx_word' id='word_1_445' title='bbox 526 3340 583 3386; x_wconf 89' lang='lat' dir='ltr'><strong>ut</strong></span> <span class='ocrx_word' id='word_1_446' title='bbox 623 3346 724 3386; x_wconf 89' lang='lat' dir='ltr'><strong>nec</strong></span> <span class='ocrx_word' id='word_1_447' title='bbox 753 3330 840 3386; x_wconf 90' lang='lat' dir='ltr'><strong>isti</strong></span> <span class='ocrx_word' id='word_1_448' title='bbox 869 3329 1069 3400; x_wconf 91' lang='lat' dir='ltr'><strong>aliquid</strong></span> <span class='ocrx_word' id='word_1_449' title='bbox 1097 3328 1165 3384; x_wconf 90' lang='lat' dir='ltr'><strong>de</strong></span> <span class='ocrx_word' id='word_1_450' title='bbox 1193 3329 1374 3384; x_wconf 90' lang='lat' dir='ltr'><strong>futuro</strong></span> <span class='ocrx_word' id='word_1_451' title='bbox 1402 3335 1664 3393; x_wconf 88' lang='lat' dir='ltr'><strong>metuant,</strong></span> <span class='ocrx_word' id='word_1_452' title='bbox 1706 3341 1806 3382; x_wconf 92' lang='lat' dir='ltr'><strong>nec</strong></span> 
     </span>
    </p>
   </div>
   <div class='ocr_carea' id='block_1_66' title="bbox 189 3415 1806 3494">
    <p class='ocr_par' dir='ltr' id='par_1_66' title="bbox 189 3415 1806 3494">
     <span class='ocr_line' id='line_1_67' title="bbox 189 3415 1806 3494; baseline -0.004 -16"><span class='ocrx_word' id='word_1_453' title='bbox 189 3431 250 3478; x_wconf 92' lang='lat' dir='ltr'><strong>tu</strong></span> <span class='ocrx_word' id='word_1_454' title='bbox 297 3437 401 3494; x_wconf 89' lang='lat' dir='ltr'><strong>per</strong></span> <span class='ocrx_word' id='word_1_455' title='bbox 445 3421 806 3490; x_wconf 84' lang='lat' dir='ltr'><strong>ignorantiam</strong></span> <span class='ocrx_word' id='word_1_456' title='bbox 837 3433 955 3489; x_wconf 70' lang='lat' dir='ltr'><strong>qum</strong></span> <span class='ocrx_word' id='word_1_457' title='bbox 1007 3419 1259 3474; x_wconf 91' lang='lat' dir='ltr'><strong>dicuntur</strong></span> <span class='ocrx_word' id='word_1_458' title='bbox 1307 3418 1568 3474; x_wconf 90' lang='lat' dir='ltr'><strong>incurras.</strong></span> <span class='ocrx_word' id='word_1_459' title='bbox 1626 3415 1806 3472; x_wconf 89' lang='lat' dir='ltr'><strong>Prima</strong></span> 
     </span>
    </p>
   </div>
   <div class='ocr_carea' id='block_1_67' title="bbox 191 3511 1808 3589">
    <p class='ocr_par' dir='ltr' id='par_1_67' title="bbox 191 3511 1808 3589">
     <span class='ocr_line' id='line_1_68' title="bbox 191 3511 1808 3589; baseline -0.004 -17"><span class='ocrx_word' id='word_1_460' title='bbox 191 3517 373 3575; x_wconf 89' lang='lat' dir='ltr'><strong>fronte</strong></span> <span class='ocrx_word' id='word_1_461' title='bbox 411 3532 510 3589; x_wconf 91' lang='lat' dir='ltr'><strong>pro</strong></span> <span class='ocrx_word' id='word_1_462' title='bbox 563 3517 904 3588; x_wconf 90' lang='lat' dir='ltr'><strong>reparatione</strong></span> <span class='ocrx_word' id='word_1_463' title='bbox 956 3530 1239 3571; x_wconf 92' lang='lat' dir='ltr'><strong>murorum</strong></span> <span class='ocrx_word' id='word_1_464' title='bbox 1289 3514 1534 3586; x_wconf 76' lang='lat' dir='ltr'><strong>pecunize</strong></span> <span class='ocrx_word' id='word_1_465' title='bbox 1579 3511 1808 3567; x_wconf 89' lang='lat' dir='ltr'><strong>diversis</strong></span> 
     </span>
    </p>
   </div>
   <div class='ocr_carea' id='block_1_68' title="bbox 193 3601 1810 3684">
    <p class='ocr_par' dir='ltr' id='par_1_68' title="bbox 193 3601 1810 3684">
     <span class='ocr_line' id='line_1_69' title="bbox 193 3601 1810 3684; baseline -0.006 -17"><span class='ocrx_word' id='word_1_466' title='bbox 193 3610 620 3684; x_wconf 86' lang='lat' dir='ltr'><strong>provincialibus</strong></span> <span class='ocrx_word' id='word_1_467' title='bbox 668 3601 919 3664; x_wconf 76' lang='lat' dir='ltr'><strong>dicuntur</strong></span> <span class='ocrx_word' id='word_1_468' title='bbox 965 3615 1215 3676; x_wconf 65' lang='lat' dir='ltr'><strong>extortae,</strong></span> <span class='ocrx_word' id='word_1_469' title='bbox 1266 3623 1388 3662; x_wconf 88' lang='lat' dir='ltr'><strong>cum</strong></span> <span class='ocrx_word' id='word_1_470' title='bbox 1430 3614 1610 3660; x_wconf 85' lang='lat' dir='ltr'><strong>tamen</strong></span> <span class='ocrx_word' id='word_1_471' title='bbox 1660 3604 1810 3659; x_wconf 85' lang='lat' dir='ltr'><strong>nulla</strong></span> 
     </span>
    </p>
   </div>
   <div class='ocr_carea' id='block_1_69' title="bbox 197 3697 1812 3772">
    <p class='ocr_par' dir='ltr' id='par_1_69' title="bbox 197 3697 1812 3772">
     <span class='ocr_line' id='line_1_70' title="bbox 197 3697 1812 3772; baseline -0.006 -13"><span class='ocrx_word' id='word_1_472' title='bbox 197 3703 391 3760; x_wconf 90' lang='lat' dir='ltr'><strong>exinde</strong></span> <span class='ocrx_word' id='word_1_473' title='bbox 421 3702 718 3758; x_wconf 84' lang='lat' dir='ltr'><strong>surrexerit</strong></span> <span class='ocrx_word' id='word_1_474' title='bbox 755 3701 1022 3772; x_wconf 92' lang='lat' dir='ltr'><strong>promissa</strong></span> <span class='ocrx_word' id='word_1_475' title='bbox 1049 3700 1400 3756; x_wconf 88' lang='lat' dir='ltr'><strong>constructio.</strong></span> <span class='ocrx_word' id='word_1_476' title='bbox 1451 3697 1567 3754; x_wconf 86' lang='lat' dir='ltr'><strong>Hoc</strong></span> <span class='ocrx_word' id='word_1_477' title='bbox 1605 3697 1651 3753; x_wconf 89' lang='lat' dir='ltr'><strong>si</strong></span> <span class='ocrx_word' id='word_1_478' title='bbox 1679 3712 1812 3752; x_wconf 82' lang='lat' dir='ltr'><strong>con-</strong></span> 
     </span>
    </p>
   </div>
   <div class='ocr_carea' id='block_1_70' title="bbox 197 3790 1812 3863">
    <p class='ocr_par' dir='ltr' id='par_1_70' title="bbox 197 3790 1812 3863">
     <span class='ocr_line' id='line_1_71' title="bbox 197 3790 1812 3863; baseline -0.007 -9"><span class='ocrx_word' id='word_1_479' title='bbox 197 3808 302 3854; x_wconf 88' lang='lat' dir='ltr'><strong>stat</strong></span> <span class='ocrx_word' id='word_1_480' title='bbox 350 3798 662 3863; x_wconf 90' lang='lat' dir='ltr'><strong>admissum,</strong></span> <span class='ocrx_word' id='word_1_481' title='bbox 713 3803 808 3850; x_wconf 89' lang='lat' dir='ltr'><strong>aut</strong></span> <span class='ocrx_word' id='word_1_482' title='bbox 846 3794 986 3850; x_wconf 90' lang='lat' dir='ltr'><strong>muri</strong></span> <span class='ocrx_word' id='word_1_483' title='bbox 1039 3792 1233 3849; x_wconf 85' lang='lat' dir='ltr'><strong>exinde</strong></span> <span class='ocrx_word' id='word_1_484' title='bbox 1271 3809 1370 3863; x_wconf 91' lang='lat' dir='ltr'><strong>pro</strong></span> <span class='ocrx_word' id='word_1_485' title='bbox 1399 3806 1587 3848; x_wconf 92' lang='lat' dir='ltr'><strong>eorum</strong></span> <span class='ocrx_word' id='word_1_486' title='bbox 1631 3790 1812 3844; x_wconf 79' lang='lat' dir='ltr'><strong>muni-</strong></span> 
     </span>
    </p>
   </div>
   <div class='ocr_carea' id='block_1_71' title="bbox 200 3883 1811 3957">
    <p class='ocr_par' dir='ltr' id='par_1_71' title="bbox 200 3883 1811 3957">
     <span class='ocr_line' id='line_1_72' title="bbox 200 3883 1811 3957; baseline -0.004 -13"><span class='ocrx_word' id='word_1_487' title='bbox 200 3889 343 3945; x_wconf 87' lang='lat' dir='ltr'><strong>mine</strong></span> <span class='ocrx_word' id='word_1_488' title='bbox 370 3896 774 3954; x_wconf 87' lang='lat' dir='ltr'><strong>construantur,</strong></span> <span class='ocrx_word' id='word_1_489' title='bbox 804 3896 896 3943; x_wconf 91' lang='lat' dir='ltr'><strong>aut</strong></span> <span class='ocrx_word' id='word_1_490' title='bbox 935 3887 1306 3957; x_wconf 86' lang='lat' dir='ltr'><strong>unusquisque</strong></span> <span class='ocrx_word' id='word_1_491' title='bbox 1343 3885 1569 3956; x_wconf 88' lang='lat' dir='ltr'><strong>recipiat</strong></span> <span class='ocrx_word' id='word_1_492' title='bbox 1595 3883 1738 3954; x_wconf 84' lang='lat' dir='ltr'><strong>quod</strong></span> <span class='ocrx_word' id='word_1_493' title='bbox 1760 3883 1811 3938; x_wconf 91' lang='lat' dir='ltr'><strong>ei</strong></span> 
     </span>
    </p>
   </div>
   <div class='ocr_carea' id='block_1_72' title="bbox 201 3975 1813 4051">
    <p class='ocr_par' dir='ltr' id='par_1_72' title="bbox 201 3975 1813 4051">
     <span class='ocr_line' id='line_1_73' title="bbox 201 3975 1813 4051; baseline -0.004 -17"><span class='ocrx_word' id='word_1_494' title='bbox 201 3981 461 4051; x_wconf 91' lang='lat' dir='ltr'><strong>probatur</strong></span> <span class='ocrx_word' id='word_1_495' title='bbox 497 3981 930 4050; x_wconf 82' lang='lat' dir='ltr'><strong>incompetenter</strong></span> <span class='ocrx_word' id='word_1_496' title='bbox 957 3986 1224 4048; x_wconf 87' lang='lat' dir='ltr'><strong>ereptum.</strong></span> <span class='ocrx_word' id='word_1_497' title='bbox 1261 3976 1425 4032; x_wconf 84' lang='lat' dir='ltr'><strong>Nimis</strong></span> <span class='ocrx_word' id='word_1_498' title='bbox 1453 3977 1600 4032; x_wconf 91' lang='lat' dir='ltr'><strong>enim</strong></span> <span class='ocrx_word' id='word_1_499' title='bbox 1623 3975 1813 4030; x_wconf 91' lang='lat' dir='ltr'><strong>absur-</strong></span> 
     </span>
    </p>
   </div>
   <div class='ocr_carea' id='block_1_73' title="bbox 204 4067 1810 4142">
    <p class='ocr_par' dir='ltr' id='par_1_73' title="bbox 204 4067 1810 4142">
     <span class='ocr_line' id='line_1_74' title="bbox 204 4067 1810 4142; baseline -0.002 -17"><span class='ocrx_word' id='word_1_500' title='bbox 204 4068 326 4125; x_wconf 92' lang='lat' dir='ltr'><strong>dum</strong></span> <span class='ocrx_word' id='word_1_501' title='bbox 355 4077 444 4127; x_wconf 86' lang='lat' dir='ltr'><strong>est</strong></span> <span class='ocrx_word' id='word_1_502' title='bbox 471 4070 739 4142; x_wconf 90' lang='lat' dir='ltr'><strong>spondere</strong></span> <span class='ocrx_word' id='word_1_503' title='bbox 767 4069 1114 4134; x_wconf 91' lang='lat' dir='ltr'><strong>munitiones,</strong></span> <span class='ocrx_word' id='word_1_504' title='bbox 1163 4076 1218 4124; x_wconf 90' lang='lat' dir='ltr'><strong>et</strong></span> <span class='ocrx_word' id='word_1_505' title='bbox 1245 4067 1375 4124; x_wconf 91' lang='lat' dir='ltr'><strong>dare</strong></span> <span class='ocrx_word' id='word_1_506' title='bbox 1405 4067 1612 4123; x_wconf 91' lang='lat' dir='ltr'><strong>civibus</strong></span> <span class='ocrx_word' id='word_1_507' title='bbox 1656 4081 1810 4122; x_wconf 84' lang='lat' dir='ltr'><strong>exse-</strong></span> 
     </span>
    </p>
   </div>
   <div class='ocr_carea' id='block_1_74' title="bbox 205 4160 1814 4233">
    <p class='ocr_par' dir='ltr' id='par_1_74' title="bbox 205 4160 1814 4233">
     <span class='ocr_line' id='line_1_75' title="bbox 205 4160 1814 4233; baseline -0.004 -12"><span class='ocrx_word' id='word_1_508' title='bbox 205 4165 432 4222; x_wconf 90' lang='lat' dir='ltr'><strong>crabiles</strong></span> <span class='ocrx_word' id='word_1_509' title='bbox 486 4166 784 4222; x_wconf 87' lang='lat' dir='ltr'><strong>vastitates.</strong></span> <span class='ocrx_word' id='word_1_510' title='bbox 833 4163 1201 4233; x_wconf 87' lang='lat' dir='ltr'><strong>Quorumdam</strong></span> <span class='ocrx_word' id='word_1_511' title='bbox 1273 4163 1437 4218; x_wconf 90' lang='lat' dir='ltr'><strong>etiam</strong></span> <span class='ocrx_word' id='word_1_512' title='bbox 1487 4160 1814 4216; x_wconf 88' lang='lat' dir='ltr'><strong>substantias</strong></span> 
     </span>
    </p>
   </div>
   <div class='ocr_carea' id='block_1_75' title="bbox 207 4251 1812 4328">
    <p class='ocr_par' dir='ltr' id='par_1_75' title="bbox 207 4251 1812 4328">
     <span class='ocr_line' id='line_1_76' title="bbox 207 4251 1812 4328; baseline -0.006 -15"><span class='ocrx_word' id='word_1_513' title='bbox 207 4267 564 4323; x_wconf 91' lang='lat' dir='ltr'><strong>mortuorum,</strong></span> <span class='ocrx_word' id='word_1_514' title='bbox 619 4259 736 4314; x_wconf 89' lang='lat' dir='ltr'><strong>sine</strong></span> <span class='ocrx_word' id='word_1_515' title='bbox 782 4257 962 4328; x_wconf 90' lang='lat' dir='ltr'><strong>aliqua</strong></span> <span class='ocrx_word' id='word_1_516' title='bbox 1013 4254 1338 4311; x_wconf 88' lang='lat' dir='ltr'><strong>discretione</strong></span> <span class='ocrx_word' id='word_1_517' title='bbox 1382 4252 1640 4322; x_wconf 68' lang='lat' dir='ltr'><strong>justitire,</strong></span> <span class='ocrx_word' id='word_1_518' title='bbox 1698 4251 1812 4306; x_wconf 82' lang='lat' dir='ltr'><strong>ﬁsci</strong></span> 
     </span>
    </p>
   </div>
   <div class='ocr_carea' id='block_1_76' title="bbox 208 4342 1814 4419">
    <p class='ocr_par' dir='ltr' id='par_1_76' title="bbox 208 4342 1814 4419">
     <span class='ocr_line' id='line_1_77' title="bbox 208 4342 1814 4419; baseline -0.004 -15"><span class='ocrx_word' id='word_1_519' title='bbox 208 4351 423 4406; x_wconf 90' lang='lat' dir='ltr'><strong>nomine</strong></span> <span class='ocrx_word' id='word_1_520' title='bbox 445 4348 634 4405; x_wconf 89' lang='lat' dir='ltr'><strong>caduci</strong></span> <span class='ocrx_word' id='word_1_521' title='bbox 658 4357 714 4404; x_wconf 88' lang='lat' dir='ltr'><strong>te</strong></span> <span class='ocrx_word' id='word_1_522' title='bbox 739 4349 1026 4419; x_wconf 87' lang='lat' dir='ltr'><strong>perhibent</strong></span> <span class='ocrx_word' id='word_1_523' title='bbox 1054 4346 1213 4401; x_wconf 90' lang='lat' dir='ltr'><strong>titulo</strong></span> <span class='ocrx_word' id='word_1_524' title='bbox 1239 4345 1538 4410; x_wconf 89' lang='lat' dir='ltr'><strong>vindicare,</strong></span> <span class='ocrx_word' id='word_1_525' title='bbox 1568 4357 1691 4399; x_wconf 91' lang='lat' dir='ltr'><strong>cum</strong></span> <span class='ocrx_word' id='word_1_526' title='bbox 1717 4342 1814 4399; x_wconf 89' lang='lat' dir='ltr'><strong>tibi</strong></span> 
     </span>
    </p>
   </div>
   <div class='ocr_carea' id='block_1_77' title="bbox 209 4439 1809 4513">
    <p class='ocr_par' dir='ltr' id='par_1_77' title="bbox 209 4439 1809 4513">
     <span class='ocr_line' id='line_1_78' title="bbox 209 4439 1809 4513; baseline -0.003 -17"><span class='ocrx_word' id='word_1_527' title='bbox 209 4441 307 4498; x_wconf 92' lang='lat' dir='ltr'><strong>hoc</strong></span> <span class='ocrx_word' id='word_1_528' title='bbox 334 4450 549 4498; x_wconf 93' lang='lat' dir='ltr'><strong>tantum</strong></span> <span class='ocrx_word' id='word_1_529' title='bbox 587 4441 657 4498; x_wconf 90' lang='lat' dir='ltr'><strong>de</strong></span> <span class='ocrx_word' id='word_1_530' title='bbox 683 4440 982 4513; x_wconf 83' lang='lat' dir='ltr'><strong>peregrinis</strong></span> <span class='ocrx_word' id='word_1_531' title='bbox 1007 4439 1255 4494; x_wconf 87' lang='lat' dir='ltr'><strong>videatur</strong></span> <span class='ocrx_word' id='word_1_532' title='bbox 1291 4452 1413 4493; x_wconf 91' lang='lat' dir='ltr'><strong>esse</strong></span> <span class='ocrx_word' id='word_1_533' title='bbox 1441 4439 1809 4504; x_wconf 92' lang='lat' dir='ltr'><strong>commissum,</strong></span> 
     </span>
    </p>
   </div>
   <div class='ocr_carea' id='block_1_78' title="bbox 212 4531 1814 4606">
    <p class='ocr_par' dir='ltr' id='par_1_78' title="bbox 212 4531 1814 4606">
     <span class='ocr_line' id='line_1_79' title="bbox 212 4531 1814 4606; baseline -0.004 -13"><span class='ocrx_word' id='word_1_534' title='bbox 212 4537 395 4606; x_wconf 89' lang='lat' dir='ltr'><strong>quibus</strong></span> <span class='ocrx_word' id='word_1_535' title='bbox 424 4536 603 4592; x_wconf 89' lang='lat' dir='ltr'><strong>nullus</strong></span> <span class='ocrx_word' id='word_1_536' title='bbox 630 4536 826 4604; x_wconf 75' lang='lat' dir='ltr'><strong>hzeres,</strong></span> <span class='ocrx_word' id='word_1_537' title='bbox 873 4541 968 4589; x_wconf 86' lang='lat' dir='ltr'><strong>aut</strong></span> <span class='ocrx_word' id='word_1_538' title='bbox 998 4531 1452 4598; x_wconf 87' lang='lat' dir='ltr'><strong>testamentarius,</strong></span> <span class='ocrx_word' id='word_1_539' title='bbox 1492 4538 1586 4586; x_wconf 90' lang='lat' dir='ltr'><strong>aut</strong></span> <span class='ocrx_word' id='word_1_540' title='bbox 1640 4531 1814 4599; x_wconf 88' lang='lat' dir='ltr'><strong>legiti-</strong></span> 
     </span>
    </p>
   </div>
   <div class='ocr_carea' id='block_1_79' title="bbox 214 4623 1821 4695">
    <p class='ocr_par' dir='ltr' id='par_1_79' title="bbox 214 4623 1821 4695">
     <span class='ocr_line' id='line_1_80' title="bbox 214 4623 1821 4695; baseline -0.001 -14"><span class='ocrx_word' id='word_1_541' title='bbox 214 4642 325 4684; x_wconf 89' lang='lat' dir='ltr'><strong>mus</strong></span> <span class='ocrx_word' id='word_1_542' title='bbox 352 4629 648 4685; x_wconf 88' lang='lat' dir='ltr'><strong>invenitur.</strong></span> <span class='ocrx_word' id='word_1_543' title='bbox 677 4624 838 4684; x_wconf 80' lang='lat' dir='ltr'><strong>Nefas</strong></span> <span class='ocrx_word' id='word_1_544' title='bbox 883 4633 967 4682; x_wconf 89' lang='lat' dir='ltr'><strong>est</strong></span> <span class='ocrx_word' id='word_1_545' title='bbox 994 4623 1137 4681; x_wconf 92' lang='lat' dir='ltr'><strong>enim</strong></span> <span class='ocrx_word' id='word_1_546' title='bbox 1165 4632 1225 4680; x_wconf 92' lang='lat' dir='ltr'><strong>ut</strong></span> <span class='ocrx_word' id='word_1_547' title='bbox 1251 4623 1397 4695; x_wconf 90' lang='lat' dir='ltr'><strong>quod</strong></span> <span class='ocrx_word' id='word_1_548' title='bbox 1424 4638 1456 4677; x_wconf 91' lang='lat' dir='ltr'><strong>a</strong></span> <span class='ocrx_word' id='word_1_549' title='bbox 1498 4623 1653 4679; x_wconf 91' lang='lat' dir='ltr'><strong>nobis</strong></span> <span class='ocrx_word' id='word_1_550' title='bbox 1681 4639 1821 4694; x_wconf 80' lang='lat' dir='ltr'><strong>pra:-</strong></span> 
     </span>
    </p>
   </div>
   <div class='ocr_carea' id='block_1_80' title="bbox 217 4714 1818 4791">
    <p class='ocr_par' dir='ltr' id='par_1_80' title="bbox 217 4714 1818 4791">
     <span class='ocr_line' id='line_1_81' title="bbox 217 4714 1818 4791; baseline -0.001 -18"><span class='ocrx_word' id='word_1_551' title='bbox 217 4719 424 4791; x_wconf 85' lang='lat' dir='ltr'><strong>cipitur,</strong></span> <span class='ocrx_word' id='word_1_552' title='bbox 458 4735 490 4776; x_wconf 89' lang='lat' dir='ltr'><strong>a</strong></span> <span class='ocrx_word' id='word_1_553' title='bbox 513 4728 569 4776; x_wconf 88' lang='lat' dir='ltr'><strong>te</strong></span> <span class='ocrx_word' id='word_1_554' title='bbox 614 4727 804 4776; x_wconf 89' lang='lat' dir='ltr'><strong>nostro</strong></span> <span class='ocrx_word' id='word_1_555' title='bbox 833 4717 1053 4774; x_wconf 89' lang='lat' dir='ltr'><strong>nomine</strong></span> <span class='ocrx_word' id='word_1_556' title='bbox 1092 4732 1190 4788; x_wconf 90' lang='lat' dir='ltr'><strong>per</strong></span> <span class='ocrx_word' id='word_1_557' title='bbox 1216 4714 1470 4785; x_wconf 91' lang='lat' dir='ltr'><strong>injuriam</strong></span> <span class='ocrx_word' id='word_1_558' title='bbox 1497 4714 1818 4772; x_wconf 88' lang='lat' dir='ltr'><strong>vindicetur.</strong></span> 
     </span>
    </p>
   </div>
   <div class='ocr_carea' id='block_1_81' title="bbox 219 4808 1823 4880">
    <p class='ocr_par' dir='ltr' id='par_1_81' title="bbox 219 4808 1823 4880">
     <span class='ocr_line' id='line_1_82' title="bbox 219 4808 1823 4880; baseline -0.003 -9"><span class='ocrx_word' id='word_1_559' title='bbox 219 4809 482 4871; x_wconf 75' lang='lat' dir='ltr'><strong>Praeterea</strong></span> <span class='ocrx_word' id='word_1_560' title='bbox 510 4813 957 4871; x_wconf 88' lang='lat' dir='ltr'><strong>conventionibus</strong></span> <span class='ocrx_word' id='word_1_561' title='bbox 983 4826 1044 4866; x_wconf 89' lang='lat' dir='ltr'><strong>se</strong></span> <span class='ocrx_word' id='word_1_562' title='bbox 1075 4809 1287 4879; x_wconf 88' lang='lat' dir='ltr'><strong>gravari</strong></span> <span class='ocrx_word' id='word_1_563' title='bbox 1315 4808 1641 4865; x_wconf 86' lang='lat' dir='ltr'><strong>omnimodis</strong></span> <span class='ocrx_word' id='word_1_564' title='bbox 1669 4809 1823 4880; x_wconf 87' lang='lat' dir='ltr'><strong>inge-</strong></span> 
     </span>
    </p>
   </div>
   <div class='ocr_carea' id='block_1_82' title="bbox 220 4901 1825 4976">
    <p class='ocr_par' dir='ltr' id='par_1_82' title="bbox 220 4901 1825 4976">
     <span class='ocr_line' id='line_1_83' title="bbox 220 4901 1825 4976; baseline -0.002 -16"><span class='ocrx_word' id='word_1_565' title='bbox 220 4907 478 4975; x_wconf 83' lang='lat' dir='ltr'><strong>miscunt;</strong></span> <span class='ocrx_word' id='word_1_566' title='bbox 507 4913 571 4962; x_wconf 86' lang='lat' dir='ltr'><strong>ut</strong></span> <span class='ocrx_word' id='word_1_567' title='bbox 607 4905 674 4962; x_wconf 87' lang='lat' dir='ltr'><strong>ad</strong></span> <span class='ocrx_word' id='word_1_568' title='bbox 717 4904 978 4976; x_wconf 85' lang='lat' dir='ltr'><strong>judicium</strong></span> <span class='ocrx_word' id='word_1_569' title='bbox 1025 4901 1322 4958; x_wconf 88' lang='lat' dir='ltr'><strong>deducendi</strong></span> <span class='ocrx_word' id='word_1_570' title='bbox 1370 4914 1512 4972; x_wconf 83' lang='lat' dir='ltr'><strong>pene</strong></span> <span class='ocrx_word' id='word_1_571' title='bbox 1557 4909 1707 4955; x_wconf 91' lang='lat' dir='ltr'><strong>tanta</strong></span> <span class='ocrx_word' id='word_1_572' title='bbox 1743 4901 1825 4957; x_wconf 74' lang='lat' dir='ltr'><strong>vi-</strong></span> 
     </span>
    </p>
   </div>
   <div class='ocr_carea' id='block_1_83' title="bbox 223 4989 1828 5065">
    <p class='ocr_par' dir='ltr' id='par_1_83' title="bbox 223 4989 1828 5065">
     <span class='ocr_line' id='line_1_84' title="bbox 223 4989 1828 5065; baseline -0.004 -13"><span class='ocrx_word' id='word_1_573' title='bbox 223 4996 442 5054; x_wconf 84' lang='lat' dir='ltr'><strong>deantur</strong></span> <span class='ocrx_word' id='word_1_574' title='bbox 478 4997 752 5065; x_wconf 90' lang='lat' dir='ltr'><strong>amittere,</strong></span> <span class='ocrx_word' id='word_1_575' title='bbox 795 5000 997 5064; x_wconf 88' lang='lat' dir='ltr'><strong>quanta</strong></span> <span class='ocrx_word' id='word_1_576' title='bbox 1023 4992 1115 5048; x_wconf 90' lang='lat' dir='ltr'><strong>vix</strong></span> <span class='ocrx_word' id='word_1_577' title='bbox 1153 4991 1453 5063; x_wconf 89' lang='lat' dir='ltr'><strong>probantur</strong></span> <span class='ocrx_word' id='word_1_578' title='bbox 1482 4989 1682 5046; x_wconf 90' lang='lat' dir='ltr'><strong>addicti</strong></span> <span class='ocrx_word' id='word_1_579' title='bbox 1715 4990 1828 5046; x_wconf 86' lang='lat' dir='ltr'><strong>dis-</strong></span> 
     </span>
    </p>
   </div>
   <div class='ocr_carea' id='block_1_84' title="bbox 224 5081 1827 5156">
    <p class='ocr_par' dir='ltr' id='par_1_84' title="bbox 224 5081 1827 5156">
     <span class='ocr_line' id='line_1_85' title="bbox 224 5081 1827 5156; baseline -0.004 -12"><span class='ocrx_word' id='word_1_580' title='bbox 224 5089 406 5156; x_wconf 86' lang='lat' dir='ltr'><strong>pendia</strong></span> <span class='ocrx_word' id='word_1_581' title='bbox 434 5089 720 5146; x_wconf 89' lang='lat' dir='ltr'><strong>sustinere.</strong></span> <span class='ocrx_word' id='word_1_582' title='bbox 753 5085 978 5141; x_wconf 87' lang='lat' dir='ltr'><strong>Vocatio</strong></span> <span class='ocrx_word' id='word_1_583' title='bbox 1020 5085 1163 5140; x_wconf 91' lang='lat' dir='ltr'><strong>enim</strong></span> <span class='ocrx_word' id='word_1_584' title='bbox 1197 5082 1394 5154; x_wconf 90' lang='lat' dir='ltr'><strong>judicis</strong></span> <span class='ocrx_word' id='word_1_585' title='bbox 1440 5098 1564 5152; x_wconf 89' lang='lat' dir='ltr'><strong>spes</strong></span> <span class='ocrx_word' id='word_1_586' title='bbox 1604 5081 1827 5152; x_wconf 70' lang='lat' dir='ltr'><strong>justitite</strong></span> 
     </span>
    </p>
   </div>
   <div class='ocr_carea' id='block_1_85' title="bbox 229 5174 1824 5249">
    <p class='ocr_par' dir='ltr' id='par_1_85' title="bbox 229 5174 1824 5249">
     <span class='ocr_line' id='line_1_86' title="bbox 229 5174 1824 5249; baseline -0.003 -17"><span class='ocrx_word' id='word_1_587' title='bbox 229 5177 375 5236; x_wconf 87' lang='lat' dir='ltr'><strong>debet</strong></span> <span class='ocrx_word' id='word_1_588' title='bbox 387 5195 529 5249; x_wconf 87' lang='lat' dir='ltr'><strong>esse,</strong></span> <span class='ocrx_word' id='word_1_589' title='bbox 555 5195 667 5235; x_wconf 92' lang='lat' dir='ltr'><strong>non</strong></span> <span class='ocrx_word' id='word_1_590' title='bbox 678 5178 899 5234; x_wconf 90' lang='lat' dir='ltr'><strong>mulcta.</strong></span> <span class='ocrx_word' id='word_1_591' title='bbox 929 5175 1065 5231; x_wconf 87' lang='lat' dir='ltr'><strong>Nam</strong></span> <span class='ocrx_word' id='word_1_592' title='bbox 1089 5176 1204 5247; x_wconf 90' lang='lat' dir='ltr'><strong>ipse</strong></span> <span class='ocrx_word' id='word_1_593' title='bbox 1218 5174 1366 5245; x_wconf 90' lang='lat' dir='ltr'><strong>juste</strong></span> <span class='ocrx_word' id='word_1_594' title='bbox 1389 5181 1669 5245; x_wconf 87' lang='lat' dir='ltr'><strong>suspectus</strong></span> <span class='ocrx_word' id='word_1_595' title='bbox 1695 5174 1824 5230; x_wconf 88' lang='lat' dir='ltr'><strong>red-</strong></span> 
     </span>
    </p>
   </div>
   <div class='ocr_carea' id='block_1_86' title="bbox 231 5267 1820 5343">
    <p class='ocr_par' dir='ltr' id='par_1_86' title="bbox 231 5267 1820 5343">
     <span class='ocr_line' id='line_1_87' title="bbox 231 5267 1820 5343; baseline -0.001 -18"><span class='ocrx_word' id='word_1_596' title='bbox 231 5270 380 5343; x_wconf 90' lang='lat' dir='ltr'><strong>ditur,</strong></span> <span class='ocrx_word' id='word_1_597' title='bbox 427 5281 554 5330; x_wconf 90' lang='lat' dir='ltr'><strong>ante</strong></span> <span class='ocrx_word' id='word_1_598' title='bbox 583 5273 738 5343; x_wconf 89' lang='lat' dir='ltr'><strong>cujus</strong></span> <span class='ocrx_word' id='word_1_599' title='bbox 781 5268 1113 5326; x_wconf 91' lang='lat' dir='ltr'><strong>audientiam</strong></span> <span class='ocrx_word' id='word_1_600' title='bbox 1153 5268 1464 5339; x_wconf 85' lang='lat' dir='ltr'><strong>gravamina</strong></span> <span class='ocrx_word' id='word_1_601' title='bbox 1497 5267 1820 5323; x_wconf 89' lang='lat' dir='ltr'><strong>sentiuntur.</strong></span> 
     </span>
    </p>
   </div>
   <div class='ocr_carea' id='block_1_87' title="bbox 234 5359 1820 5430">
    <p class='ocr_par' dir='ltr' id='par_1_87' title="bbox 234 5359 1820 5430">
     <span class='ocr_line' id='line_1_88' title="bbox 234 5359 1820 5430; baseline -0.004 -9"><span class='ocrx_word' id='word_1_602' title='bbox 234 5363 378 5424; x_wconf 87' lang='lat' dir='ltr'><strong>Unde</strong></span> <span class='ocrx_word' id='word_1_603' title='bbox 405 5381 690 5424; x_wconf 89' lang='lat' dir='ltr'><strong>censemus</strong></span> <span class='ocrx_word' id='word_1_604' title='bbox 726 5371 789 5420; x_wconf 92' lang='lat' dir='ltr'><strong>ut</strong></span> <span class='ocrx_word' id='word_1_605' title='bbox 809 5363 853 5419; x_wconf 92' lang='lat' dir='ltr'><strong>si</strong></span> <span class='ocrx_word' id='word_1_606' title='bbox 881 5371 1063 5418; x_wconf 89' lang='lat' dir='ltr'><strong>vestra</strong></span> <span class='ocrx_word' id='word_1_607' title='bbox 1099 5362 1428 5417; x_wconf 89' lang='lat' dir='ltr'><strong>conveniunt</strong></span> <span class='ocrx_word' id='word_1_608' title='bbox 1455 5359 1672 5417; x_wconf 88' lang='lat' dir='ltr'><strong>decreta</strong></span> <span class='ocrx_word' id='word_1_609' title='bbox 1700 5359 1820 5430; x_wconf 85' lang='lat' dir='ltr'><strong>pul-</strong></span> 
     </span>
    </p>
   </div>
   <div class='ocr_carea' id='block_1_88' title="bbox 232 5455 1821 5528">
    <p class='ocr_par' dir='ltr' id='par_1_88' title="bbox 232 5455 1821 5528">
     <span class='ocr_line' id='line_1_89' title="bbox 232 5455 1821 5528; baseline -0.004 -14"><span class='ocrx_word' id='word_1_610' title='bbox 232 5468 385 5528; x_wconf 83' lang='lat' dir='ltr'><strong>satos,</strong></span> <span class='ocrx_word' id='word_1_611' title='bbox 418 5469 625 5517; x_wconf 92' lang='lat' dir='ltr'><strong>tantum</strong></span> <span class='ocrx_word' id='word_1_612' title='bbox 650 5455 920 5517; x_wconf 91' lang='lat' dir='ltr'><strong>commodi</strong></span> <span class='ocrx_word' id='word_1_613' title='bbox 946 5455 1210 5527; x_wconf 91' lang='lat' dir='ltr'><strong>percipiat</strong></span> <span class='ocrx_word' id='word_1_614' title='bbox 1230 5461 1536 5520; x_wconf 85' lang='lat' dir='ltr'><strong>exsecutor,</strong></span> <span class='ocrx_word' id='word_1_615' title='bbox 1564 5461 1821 5523; x_wconf 90' lang='lat' dir='ltr'><strong>quantum</strong></span> 
     </span>
    </p>
   </div>
   <div class='ocr_carea' id='block_1_89' title="bbox 234 5545 1828 5620">
    <p class='ocr_par' dir='ltr' id='par_1_89' title="bbox 234 5545 1828 5620">
     <span class='ocr_line' id='line_1_90' title="bbox 234 5545 1828 5620; baseline -0.006 -11"><span class='ocrx_word' id='word_1_616' title='bbox 234 5550 487 5620; x_wconf 79' lang='lat' dir='ltr'><strong>gloriosus</strong></span> <span class='ocrx_word' id='word_1_617' title='bbox 505 5552 738 5610; x_wconf 88' lang='lat' dir='ltr'><strong>domnus</strong></span> <span class='ocrx_word' id='word_1_618' title='bbox 765 5565 896 5606; x_wconf 88' lang='lat' dir='ltr'><strong>avus</strong></span> <span class='ocrx_word' id='word_1_619' title='bbox 927 5556 1114 5605; x_wconf 88' lang='lat' dir='ltr'><strong>noster</strong></span> <span class='ocrx_word' id='word_1_620' title='bbox 1132 5563 1232 5619; x_wconf 89' lang='lat' dir='ltr'><strong>pro</strong></span> <span class='ocrx_word' id='word_1_621' title='bbox 1252 5545 1549 5604; x_wconf 90' lang='lat' dir='ltr'><strong>honoribus</strong></span> <span class='ocrx_word' id='word_1_622' title='bbox 1567 5560 1828 5617; x_wconf 90' lang='lat' dir='ltr'><strong>persona-</strong></span> 
     </span>
    </p>
   </div>
   <div class='ocr_carea' id='block_1_90' title="bbox 299 5703 1811 5782">
    <p class='ocr_par' dir='ltr' id='par_1_90' title="bbox 299 5703 1811 5782">
     <span class='ocr_line' id='line_1_91' title="bbox 299 5703 1811 5782; baseline -0.005 -15"><span class='ocrx_word' id='word_1_623' title='bbox 299 5718 327 5782; x_wconf 61' lang='lat'>!</span> <span class='ocrx_word' id='word_1_624' title='bbox 361 5709 529 5782; x_wconf 81' lang='lat' dir='ltr'><strong>Hujus</strong></span> <span class='ocrx_word' id='word_1_625' title='bbox 543 5710 774 5782; x_wconf 77' lang='lat' dir='ltr'><strong>nominis</strong></span> <span class='ocrx_word' id='word_1_626' title='bbox 785 5707 1046 5782; x_wconf 83' lang='lat' dir='ltr'><strong>secundo,</strong></span> <span class='ocrx_word' id='word_1_627' title='bbox 1057 5706 1210 5777; x_wconf 90' lang='lat' dir='ltr'><strong>cujus</strong></span> <span class='ocrx_word' id='word_1_628' title='bbox 1225 5703 1294 5759; x_wconf 85' lang='lat' dir='ltr'><strong>ad</strong></span> <span class='ocrx_word' id='word_1_629' title='bbox 1305 5703 1664 5782; x_wconf 70' lang='lat' dir='ltr'><strong>Iustinianum</strong></span> <span class='ocrx_word' id='word_1_630' title='bbox 1681 5703 1811 5782; x_wconf 73' lang='lat' dir='ltr'><strong>imp.</strong></span> 
     </span>
    </p>
   </div>
   <div class='ocr_carea' id='block_1_91' title="bbox 239 5773 1825 5850">
    <p class='ocr_par' dir='ltr' id='par_1_91' title="bbox 239 5773 1825 5850">
     <span class='ocr_line' id='line_1_92' title="bbox 239 5773 1825 5850; baseline -0.004 -16"><span class='ocrx_word' id='word_1_631' title='bbox 239 5773 474 5850; x_wconf 69' lang='lat' dir='ltr'><strong>epistola,</strong></span> <span class='ocrx_word' id='word_1_632' title='bbox 504 5799 566 5838; x_wconf 92' lang='lat' dir='ltr'><strong>ac</strong></span> <span class='ocrx_word' id='word_1_633' title='bbox 587 5780 870 5836; x_wconf 78' lang='lat' dir='ltr'><strong>Iustiniani</strong></span> <span class='ocrx_word' id='word_1_634' title='bbox 900 5780 964 5834; x_wconf 86' lang='lat' dir='ltr'><strong>ad</strong></span> <span class='ocrx_word' id='word_1_635' title='bbox 994 5773 1378 5850; x_wconf 79' lang='lat' dir='ltr'><strong>ipsumexstat</strong></span> <span class='ocrx_word' id='word_1_636' title='bbox 1406 5775 1460 5850; x_wconf 82' lang='lat' dir='ltr'><strong>in</strong></span> <span class='ocrx_word' id='word_1_637' title='bbox 1485 5774 1527 5850; x_wconf 90' lang='lat' dir='ltr'><strong>l._</strong></span> <span class='ocrx_word' id='word_1_638' title='bbox 1543 5775 1639 5830; x_wconf 92' lang='lat' dir='ltr'><strong>ult.</strong></span> <span class='ocrx_word' id='word_1_639' title='bbox 1675 5773 1825 5850; x_wconf 77' lang='lat' dir='ltr'><strong>Inter</strong></span> 
     </span>
    </p>
   </div>
   <div class='ocr_carea' id='block_1_92' title="bbox 238 5846 1821 5921">
    <p class='ocr_par' dir='ltr' id='par_1_92' title="bbox 238 5846 1821 5921">
     <span class='ocr_line' id='line_1_93' title="bbox 238 5846 1821 5921; baseline -0.003 -16"><span class='ocrx_word' id='word_1_640' title='bbox 238 5846 419 5921; x_wconf 73' lang='lat' dir='ltr'><strong>claras,</strong></span> <span class='ocrx_word' id='word_1_641' title='bbox 451 5846 509 5908; x_wconf 87' lang='lat' dir='ltr'><strong>C.</strong></span> <span class='ocrx_word' id='word_1_642' title='bbox 544 5853 621 5908; x_wconf 86' lang='lat' dir='ltr'><strong>De</strong></span> <span class='ocrx_word' id='word_1_643' title='bbox 647 5869 830 5908; x_wconf 89' lang='lat' dir='ltr'><strong>summ.</strong></span> <span class='ocrx_word' id='word_1_644' title='bbox 865 5846 1028 5904; x_wconf 54' lang='lat' dir='ltr'><strong>Trinf</strong></span> <span class='ocrx_word' id='word_1_645' title='bbox 1043 5860 1093 5921; x_wconf 90' lang='lat' dir='ltr'><strong>et</strong></span> <span class='ocrx_word' id='word_1_646' title='bbox 1115 5849 1209 5920; x_wconf 76' lang='lat' dir='ltr'><strong>ﬁd.</strong></span> <span class='ocrx_word' id='word_1_647' title='bbox 1242 5847 1460 5921; x_wconf 79' lang='lat' dir='ltr'><strong>cathol._,</strong></span> <span class='ocrx_word' id='word_1_648' title='bbox 1497 5846 1565 5921; x_wconf 73' lang='lat' dir='ltr'><strong>de</strong></span> <span class='ocrx_word' id='word_1_649' title='bbox 1594 5862 1703 5916; x_wconf 88' lang='lat' dir='ltr'><strong>quo</strong></span> <span class='ocrx_word' id='word_1_650' title='bbox 1715 5846 1821 5921; x_wconf 82' lang='lat' dir='ltr'><strong>_in-</strong></span> 
     </span>
    </p>
   </div>
   <div class='ocr_carea' id='block_1_93' title="bbox 240 5915 1823 5995">
    <p class='ocr_par' dir='ltr' id='par_1_93' title="bbox 240 5915 1823 5995">
     <span class='ocr_line' id='line_1_94' title="bbox 240 5915 1823 5995; baseline -0.003 -16"><span class='ocrx_word' id='word_1_651' title='bbox 240 5917 337 5995; x_wconf 69' lang='lat' dir='ltr'><strong>ft’a,</strong></span> <span class='ocrx_word' id='word_1_652' title='bbox 363 5915 465 5982; x_wconf 80' lang='lat' dir='ltr'><strong>hoc</strong></span> <span class='ocrx_word' id='word_1_653' title='bbox 488 5925 607 5993; x_wconf 92' lang='lat' dir='ltr'><strong>lib.,</strong></span> <span class='ocrx_word' id='word_1_654' title='bbox 637 5924 794 5994; x_wconf 90' lang='lat' dir='ltr'><strong>epist.</strong></span> <span class='ocrx_word' id='word_1_655' title='bbox 825 5922 913 5986; x_wconf 82' lang='lat'><strong>1‘7,</strong></span> <span class='ocrx_word' id='word_1_656' title='bbox 937 5930 991 5975; x_wconf 91' lang='lat' dir='ltr'><strong>et</strong></span> <span class='ocrx_word' id='word_1_657' title='bbox 1013 5915 1205 5988; x_wconf 51' lang='lat' dir='ltr'><strong>libfxl,</strong></span> <span class='ocrx_word' id='word_1_658' title='bbox 1237 5919 1399 5990; x_wconf 88' lang='lat' dir='ltr'><strong>epist.</strong></span> <span class='ocrx_word' id='word_1_659' title='bbox 1431 5915 1466 5972; x_wconf 70' lang='lat'><strong>2</strong></span> <span class='ocrx_word' id='word_1_660' title='bbox 1495 5935 1507 5974; x_wconf 92' lang='lat'><strong>:</strong></span> <span class='ocrx_word' id='word_1_661' title='bbox 1532 5915 1691 5988; x_wconf 70' lang='lat' dir='ltr'><strong>Papze</strong></span> <span class='ocrx_word' id='word_1_662' title='bbox 1714 5915 1823 5974; x_wconf 80' lang='grc' dir='ltr'><strong>ΒΟ·-</strong></span> 
     </span>
    </p>
   </div>
   <div class='ocr_carea' id='block_1_94' title="bbox 509 6014 1051 6086">
    <p class='ocr_par' dir='ltr' id='par_1_94' title="bbox 509 6014 1051 6086">
     <span class='ocr_line' id='line_1_95' title="bbox 509 6014 1051 6086; baseline -0.017 0"><span class='ocrx_word' id='word_1_663' title='bbox 509 6020 784 6086; x_wconf 74' lang='lat' dir='ltr'><strong>Pnnon.</strong></span> <span class='ocrx_word' id='word_1_664' title='bbox 818 6014 1051 6082; x_wconf 80' lang='lat' dir='ltr'><strong>LXIX.</strong></span> 
     </span>
    </p>
   </div>
   <div class='ocr_carea' id='block_1_95' title="bbox 1909 3306 3566 3374">
    <p class='ocr_par' dir='ltr' id='par_1_95' title="bbox 1909 3306 3566 3374">
     <span class='ocr_line' id='line_1_96' title="bbox 1909 3306 3566 3374; baseline 0.002 -11"><span class='ocrx_word' id='word_1_665' title='bbox 1909 3308 2028 3363; x_wconf 90' lang='lat' dir='ltr'><strong>laus</strong></span> <span class='ocrx_word' id='word_1_666' title='bbox 2056 3316 2156 3374; x_wconf 88' lang='lat' dir='ltr'><strong>est,</strong></span> <span class='ocrx_word' id='word_1_667' title='bbox 2185 3309 2410 3364; x_wconf 89' lang='lat' dir='ltr'><strong>civilitas</strong></span> <span class='ocrx_word' id='word_1_668' title='bbox 2439 3308 2726 3364; x_wconf 90' lang='lat' dir='ltr'><strong>custodita.</strong></span> <span class='ocrx_word' id='word_1_669' title='bbox 2758 3306 2894 3364; x_wconf 89' lang='lat' dir='ltr'><strong>Tota</strong></span> <span class='ocrx_word' id='word_1_670' title='bbox 2945 3310 3012 3364; x_wconf 88' lang='lat' dir='ltr'><strong>ad</strong></span> <span class='ocrx_word' id='word_1_671' title='bbox 3054 3326 3155 3366; x_wconf 92' lang='lat' dir='ltr'><strong>vos</strong></span> <span class='ocrx_word' id='word_1_672' title='bbox 3197 3309 3339 3364; x_wconf 89' lang='lat' dir='ltr'><strong>fama</strong></span> <span class='ocrx_word' id='word_1_673' title='bbox 3369 3325 3504 3366; x_wconf 85' lang='lat' dir='ltr'><strong>con-</strong></span> <span class='ocrx_word' id='word_1_674' title='bbox 3559 3345 3566 3351; x_wconf 88' lang='lat'><strong><em>-</em></strong></span> 
     </span>
    </p>
   </div>
   <div class='ocr_carea' id='block_1_96' title="bbox 1909 3398 3492 3474">
    <p class='ocr_par' dir='ltr' id='par_1_96' title="bbox 1909 3398 3492 3474">
     <span class='ocr_line' id='line_1_97' title="bbox 1909 3398 3492 3474; baseline 0.002 -20"><span class='ocrx_word' id='word_1_675' title='bbox 1909 3401 2043 3467; x_wconf 78' lang='lat' dir='ltr'><strong>fluit,</strong></span> <span class='ocrx_word' id='word_1_676' title='bbox 2071 3401 2118 3456; x_wconf 90' lang='lat' dir='ltr'><strong>si</strong></span> <span class='ocrx_word' id='word_1_677' title='bbox 2146 3401 2297 3456; x_wconf 92' lang='lat' dir='ltr'><strong>vobis</strong></span> <span class='ocrx_word' id='word_1_678' title='bbox 2320 3416 2472 3455; x_wconf 89' lang='lat' dir='ltr'><strong>rarus</strong></span> <span class='ocrx_word' id='word_1_679' title='bbox 2503 3399 2672 3472; x_wconf 85' lang='lat' dir='ltr'><strong>[Niv.,</strong></span> <span class='ocrx_word' id='word_1_680' title='bbox 2707 3398 2884 3469; x_wconf 86' lang='lat' dir='ltr'><strong>Gam.,</strong></span> <span class='ocrx_word' id='word_1_681' title='bbox 2916 3399 3008 3456; x_wconf 86' lang='lat' dir='ltr'><strong>Gr.</strong></span> <span class='ocrx_word' id='word_1_682' title='bbox 3033 3409 3082 3455; x_wconf 87' lang='lat' dir='ltr'><strong>et</strong></span> <span class='ocrx_word' id='word_1_683' title='bbox 3113 3399 3255 3472; x_wconf 85' lang='lat' dir='ltr'><strong>Cuj.,</strong></span> <span class='ocrx_word' id='word_1_684' title='bbox 3294 3401 3492 3474; x_wconf 88' lang='lat' dir='ltr'><strong>rarius]</strong></span> 
     </span>
    </p>
   </div>
   <div class='ocr_carea' id='block_1_97' title="bbox 1907 3490 3502 3561">
    <p class='ocr_par' dir='ltr' id='par_1_97' title="bbox 1907 3490 3502 3561">
     <span class='ocr_line' id='line_1_98' title="bbox 1907 3490 3502 3561; baseline 0.002 -16"><span class='ocrx_word' id='word_1_685' title='bbox 1907 3490 2150 3559; x_wconf 87' lang='lat' dir='ltr'><strong>litigator</strong></span> <span class='ocrx_word' id='word_1_686' title='bbox 2177 3491 2450 3546; x_wconf 90' lang='lat' dir='ltr'><strong>observet.</strong></span> <span class='ocrx_word' id='word_1_687' title='bbox 2479 3490 2591 3546; x_wconf 83' lang='lat' dir='ltr'><strong>Vos</strong></span> <span class='ocrx_word' id='word_1_688' title='bbox 2620 3491 2784 3548; x_wconf 91' lang='lat' dir='ltr'><strong>armis</strong></span> <span class='ocrx_word' id='word_1_689' title='bbox 2807 3491 2930 3561; x_wconf 89' lang='lat' dir='ltr'><strong>jura</strong></span> <span class='ocrx_word' id='word_1_690' title='bbox 2973 3491 3264 3557; x_wconf 83' lang='lat' dir='ltr'><strong>defendite,</strong></span> <span class='ocrx_word' id='word_1_691' title='bbox 3301 3491 3502 3549; x_wconf 66' lang='lat' dir='ltr'><strong>Roma«</strong></span> 
     </span>
    </p>
   </div>
   <div class='ocr_carea' id='block_1_98' title="bbox 1913 3582 3505 3653">
    <p class='ocr_par' dir='ltr' id='par_1_98' title="bbox 1913 3582 3505 3653">
     <span class='ocr_line' id='line_1_99' title="bbox 1913 3582 3505 3653; baseline 0 -13"><span class='ocrx_word' id='word_1_692' title='bbox 1913 3599 2013 3640; x_wconf 92' lang='lat' dir='ltr'><strong>nos</strong></span> <span class='ocrx_word' id='word_1_693' title='bbox 2043 3582 2202 3638; x_wconf 87' lang='lat' dir='ltr'><strong>sinite</strong></span> <span class='ocrx_word' id='word_1_694' title='bbox 2248 3583 2422 3652; x_wconf 86' lang='lat' dir='ltr'><strong>legum</strong></span> <span class='ocrx_word' id='word_1_695' title='bbox 2454 3599 2589 3653; x_wconf 92' lang='lat' dir='ltr'><strong>pace</strong></span> <span class='ocrx_word' id='word_1_696' title='bbox 2619 3583 2847 3652; x_wconf 87' lang='lat' dir='ltr'><strong>litigare.</strong></span> <span class='ocrx_word' id='word_1_697' title='bbox 2898 3582 3135 3653; x_wconf 81' lang='lat' dir='ltr'><strong>Navigiis</strong></span> <span class='ocrx_word' id='word_1_698' title='bbox 3165 3591 3318 3640; x_wconf 87' lang='lat' dir='ltr'><strong>vecta</strong></span> <span class='ocrx_word' id='word_1_699' title='bbox 3348 3599 3505 3640; x_wconf 83' lang='lat' dir='ltr'><strong>com-</strong></span> 
     </span>
    </p>
   </div>
   <div class='ocr_carea' id='block_1_99' title="bbox 1911 3676 3510 3746">
    <p class='ocr_par' dir='ltr' id='par_1_99' title="bbox 1911 3676 3510 3746">
     <span class='ocr_line' id='line_1_100' title="bbox 1911 3676 3510 3746; baseline -0.001 -15"><span class='ocrx_word' id='word_1_700' title='bbox 1911 3676 2112 3732; x_wconf 77' lang='lat' dir='ltr'><strong>niercia</strong></span> <span class='ocrx_word' id='word_1_701' title='bbox 2140 3683 2194 3731; x_wconf 91' lang='lat' dir='ltr'><strong>te</strong></span> <span class='ocrx_word' id='word_1_702' title='bbox 2222 3683 2514 3744; x_wconf 84' lang='lat' dir='ltr'><strong>suggerunt</strong></span> <span class='ocrx_word' id='word_1_703' title='bbox 2550 3690 2838 3744; x_wconf 87' lang='lat' dir='ltr'><strong>occupare,</strong></span> <span class='ocrx_word' id='word_1_704' title='bbox 2869 3685 2923 3731; x_wconf 85' lang='lat' dir='ltr'><strong>et</strong></span> <span class='ocrx_word' id='word_1_705' title='bbox 2950 3676 3155 3731; x_wconf 89' lang='lat' dir='ltr'><strong>ambitu</strong></span> <span class='ocrx_word' id='word_1_706' title='bbox 3197 3676 3510 3746; x_wconf 88' lang='lat' dir='ltr'><strong>cupiditatis</strong></span> 
     </span>
    </p>
   </div>
   <div class='ocr_carea' id='block_1_100' title="bbox 1914 3764 3512 3838">
    <p class='ocr_par' dir='ltr' id='par_1_100' title="bbox 1914 3764 3512 3838">
     <span class='ocr_line' id='line_1_101' title="bbox 1914 3764 3512 3838; baseline -0.003 -14"><span class='ocrx_word' id='word_1_707' title='bbox 1914 3783 2093 3824; x_wconf 67' lang='lat' dir='ltr'><strong>exosa:</strong></span> <span class='ocrx_word' id='word_1_708' title='bbox 2121 3768 2294 3823; x_wconf 89' lang='lat' dir='ltr'><strong>solum</strong></span> <span class='ocrx_word' id='word_1_709' title='bbox 2324 3767 2544 3838; x_wconf 91' lang='lat' dir='ltr'><strong>antiqua</strong></span> <span class='ocrx_word' id='word_1_710' title='bbox 2572 3767 2743 3838; x_wconf 90' lang='lat' dir='ltr'><strong>pretia</strong></span> <span class='ocrx_word' id='word_1_711' title='bbox 2772 3764 3026 3834; x_wconf 81' lang='lat' dir='ltr'><strong>deﬁnire;</strong></span> <span class='ocrx_word' id='word_1_712' title='bbox 3060 3767 3206 3836; x_wconf 86' lang='lat' dir='ltr'><strong>quod</strong></span> <span class='ocrx_word' id='word_1_713' title='bbox 3248 3782 3355 3821; x_wconf 89' lang='lat' dir='ltr'><strong>non</strong></span> <span class='ocrx_word' id='word_1_714' title='bbox 3398 3781 3512 3820; x_wconf 85' lang='lat' dir='ltr'><strong>cre-</strong></span> 
     </span>
    </p>
   </div>
   <div class='ocr_carea' id='block_1_101' title="bbox 1914 3859 3512 3931">
    <p class='ocr_par' dir='ltr' id='par_1_101' title="bbox 1914 3859 3512 3931">
     <span class='ocr_line' id='line_1_102' title="bbox 1914 3859 3512 3931; baseline -0.001 -15"><span class='ocrx_word' id='word_1_715' title='bbox 1914 3861 2061 3916; x_wconf 87' lang='lat' dir='ltr'><strong>ditur</strong></span> <span class='ocrx_word' id='word_1_716' title='bbox 2113 3875 2145 3915; x_wconf 90' lang='lat' dir='ltr'><strong>a</strong></span> <span class='ocrx_word' id='word_1_717' title='bbox 2201 3861 2505 3931; x_wconf 91' lang='lat' dir='ltr'><strong>suspicione</strong></span> <span class='ocrx_word' id='word_1_718' title='bbox 2565 3861 2954 3930; x_wconf 83' lang='lat' dir='ltr'><strong>longinquum,</strong></span> <span class='ocrx_word' id='word_1_719' title='bbox 3010 3859 3222 3914; x_wconf 91' lang='lat' dir='ltr'><strong>etiamsi</strong></span> <span class='ocrx_word' id='word_1_720' title='bbox 3277 3873 3384 3914; x_wconf 90' lang='lat' dir='ltr'><strong>non</strong></span> <span class='ocrx_word' id='word_1_721' title='bbox 3437 3859 3512 3914; x_wconf 87' lang='lat' dir='ltr'><strong>sit</strong></span> 
     </span>
    </p>
   </div>
   <div class='ocr_carea' id='block_1_102' title="bbox 1915 3948 3512 4022">
    <p class='ocr_par' dir='ltr' id='par_1_102' title="bbox 1915 3948 3512 4022">
     <span class='ocr_line' id='line_1_103' title="bbox 1915 3948 3512 4022; baseline -0.003 -13"><span class='ocrx_word' id='word_1_722' title='bbox 1915 3954 2131 4009; x_wconf 81' lang='lat' dir='ltr'><strong>actione</strong></span> <span class='ocrx_word' id='word_1_723' title='bbox 2160 3953 2416 4008; x_wconf 89' lang='lat' dir='ltr'><strong>vicinum.</strong></span> <span class='ocrx_word' id='word_1_724' title='bbox 2451 3951 2793 4022; x_wconf 87' lang='lat' dir='ltr'><strong>Quapropter</strong></span> <span class='ocrx_word' id='word_1_725' title='bbox 2819 3952 2864 4007; x_wconf 89' lang='lat' dir='ltr'><strong>si</strong></span> <span class='ocrx_word' id='word_1_726' title='bbox 2893 3964 3160 4006; x_wconf 89' lang='lat' dir='ltr'><strong>rumorem</strong></span> <span class='ocrx_word' id='word_1_727' title='bbox 3202 3948 3512 4019; x_wconf 89' lang='lat' dir='ltr'><strong>hujusmodi</strong></span> 
     </span>
    </p>
   </div>
   <div class='ocr_carea' id='block_1_103' title="bbox 1913 4044 3516 4116">
    <p class='ocr_par' dir='ltr' id='par_1_103' title="bbox 1913 4044 3516 4116">
     <span class='ocr_line' id='line_1_104' title="bbox 1913 4044 3516 4116; baseline 0 -16"><span class='ocrx_word' id='word_1_728' title='bbox 1913 4046 2086 4102; x_wconf 84' lang='lat' dir='ltr'><strong>vitare</strong></span> <span class='ocrx_word' id='word_1_729' title='bbox 2115 4046 2356 4115; x_wconf 90' lang='lat' dir='ltr'><strong>festinas,</strong></span> <span class='ocrx_word' id='word_1_730' title='bbox 2401 4046 2688 4116; x_wconf 89' lang='lat' dir='ltr'><strong>episcopus</strong></span> <span class='ocrx_word' id='word_1_731' title='bbox 2733 4045 2965 4100; x_wconf 87' lang='lat' dir='ltr'><strong>civitatis</strong></span> <span class='ocrx_word' id='word_1_732' title='bbox 2994 4053 3050 4100; x_wconf 92' lang='lat' dir='ltr'><strong>et</strong></span> <span class='ocrx_word' id='word_1_733' title='bbox 3099 4044 3330 4113; x_wconf 90' lang='lat' dir='ltr'><strong>populus</strong></span> <span class='ocrx_word' id='word_1_734' title='bbox 3379 4059 3516 4100; x_wconf 84' lang='lat' dir='ltr'><strong>con-</strong></span> 
     </span>
    </p>
   </div>
   <div class='ocr_carea' id='block_1_104' title="bbox 1915 4136 3513 4208">
    <p class='ocr_par' dir='ltr' id='par_1_104' title="bbox 1915 4136 3513 4208">
     <span class='ocr_line' id='line_1_105' title="bbox 1915 4136 3513 4208; baseline -0.001 -12"><span class='ocrx_word' id='word_1_735' title='bbox 1915 4141 2154 4196; x_wconf 70' lang='lat' dir='ltr'><strong>scientia:</strong></span> <span class='ocrx_word' id='word_1_736' title='bbox 2184 4148 2289 4194; x_wconf 77' lang='lat' dir='ltr'><strong>tuae</strong></span> <span class='ocrx_word' id='word_1_737' title='bbox 2318 4147 2484 4194; x_wconf 90' lang='lat' dir='ltr'><strong>testes</strong></span> <span class='ocrx_word' id='word_1_738' title='bbox 2511 4139 2783 4192; x_wconf 87' lang='lat' dir='ltr'><strong>assistant.</strong></span> <span class='ocrx_word' id='word_1_739' title='bbox 2815 4136 3074 4193; x_wconf 91' lang='lat' dir='ltr'><strong>Omnibus</strong></span> <span class='ocrx_word' id='word_1_740' title='bbox 3100 4137 3333 4208; x_wconf 88' lang='lat' dir='ltr'><strong>placeat,</strong></span> <span class='ocrx_word' id='word_1_741' title='bbox 3365 4138 3513 4208; x_wconf 91' lang='lat' dir='ltr'><strong>quod</strong></span> 
     </span>
    </p>
   </div>
   <div class='ocr_carea' id='block_1_105' title="bbox 1917 4228 3515 4299">
    <p class='ocr_par' dir='ltr' id='par_1_105' title="bbox 1917 4228 3515 4299">
     <span class='ocr_line' id='line_1_106' title="bbox 1917 4228 3515 4299; baseline -0.001 -12"><span class='ocrx_word' id='word_1_742' title='bbox 1917 4234 1984 4288; x_wconf 89' lang='lat' dir='ltr'><strong>ad</strong></span> <span class='ocrx_word' id='word_1_743' title='bbox 2013 4240 2332 4287; x_wconf 89' lang='lat' dir='ltr'><strong>cunctorum</strong></span> <span class='ocrx_word' id='word_1_744' title='bbox 2363 4245 2581 4285; x_wconf 90' lang='lat' dir='ltr'><strong>necesse</strong></span> <span class='ocrx_word' id='word_1_745' title='bbox 2610 4237 2691 4284; x_wconf 91' lang='lat' dir='ltr'><strong>est</strong></span> <span class='ocrx_word' id='word_1_746' title='bbox 2717 4230 2987 4299; x_wconf 88' lang='lat' dir='ltr'><strong>pertinere</strong></span> <span class='ocrx_word' id='word_1_747' title='bbox 3026 4228 3286 4284; x_wconf 82' lang='lat' dir='ltr'><strong>fortunas.</strong></span> <span class='ocrx_word' id='word_1_748' title='bbox 3336 4229 3515 4286; x_wconf 84' lang='lat' dir='ltr'><strong>Pretia</strong></span> 
     </span>
    </p>
   </div>
   <div class='ocr_carea' id='block_1_106' title="bbox 1918 4318 3511 4390">
    <p class='ocr_par' dir='ltr' id='par_1_106' title="bbox 1918 4318 3511 4390">
     <span class='ocr_line' id='line_1_107' title="bbox 1918 4318 3511 4390; baseline -0.001 -14"><span class='ocrx_word' id='word_1_749' title='bbox 1918 4321 2119 4376; x_wconf 91' lang='lat' dir='ltr'><strong>debent</strong></span> <span class='ocrx_word' id='word_1_750' title='bbox 2171 4319 2444 4374; x_wconf 90' lang='lat' dir='ltr'><strong>communi</strong></span> <span class='ocrx_word' id='word_1_751' title='bbox 2502 4318 2889 4375; x_wconf 90' lang='lat' dir='ltr'><strong>deliberatione</strong></span> <span class='ocrx_word' id='word_1_752' title='bbox 2937 4319 3211 4385; x_wconf 90' lang='lat' dir='ltr'><strong>constitui,</strong></span> <span class='ocrx_word' id='word_1_753' title='bbox 3243 4319 3370 4390; x_wconf 92' lang='lat' dir='ltr'><strong>quia</strong></span> <span class='ocrx_word' id='word_1_754' title='bbox 3403 4336 3511 4376; x_wconf 92' lang='lat' dir='ltr'><strong>non</strong></span> 
     </span>
    </p>
   </div>
   <div class='ocr_carea' id='block_1_107' title="bbox 1918 4409 3513 4480">
    <p class='ocr_par' dir='ltr' id='par_1_107' title="bbox 1918 4409 3513 4480">
     <span class='ocr_line' id='line_1_108' title="bbox 1918 4409 3513 4480; baseline 0.001 -13"><span class='ocrx_word' id='word_1_755' title='bbox 1918 4421 2000 4467; x_wconf 88' lang='lat' dir='ltr'><strong>est</strong></span> <span class='ocrx_word' id='word_1_756' title='bbox 2027 4411 2315 4467; x_wconf 88' lang='lat' dir='ltr'><strong>delectatio</strong></span> <span class='ocrx_word' id='word_1_757' title='bbox 2344 4411 2672 4477; x_wconf 91' lang='lat' dir='ltr'><strong>commercii,</strong></span> <span class='ocrx_word' id='word_1_758' title='bbox 2706 4425 2826 4480; x_wconf 76' lang='lat' dir='ltr'><strong>quae</strong></span> <span class='ocrx_word' id='word_1_759' title='bbox 2867 4409 3086 4480; x_wconf 91' lang='lat' dir='ltr'><strong>jubetur</strong></span> <span class='ocrx_word' id='word_1_760' title='bbox 3129 4411 3329 4467; x_wconf 90' lang='lat' dir='ltr'><strong>invitis.</strong></span> <span class='ocrx_word' id='word_1_761' title='bbox 3363 4411 3513 4480; x_wconf 88' lang='lat' dir='ltr'><strong>Quo-</strong></span> 
     </span>
    </p>
   </div>
   <div class='ocr_carea' id='block_1_108' title="bbox 1917 4502 3521 4573">
    <p class='ocr_par' dir='ltr' id='par_1_108' title="bbox 1917 4502 3521 4573">
     <span class='ocr_line' id='line_1_109' title="bbox 1917 4502 3521 4573; baseline 0.001 -13"><span class='ocrx_word' id='word_1_762' title='bbox 1917 4505 2058 4560; x_wconf 90' lang='lat' dir='ltr'><strong>circa</strong></span> <span class='ocrx_word' id='word_1_763' title='bbox 2089 4504 2472 4559; x_wconf 88' lang='lat' dir='ltr'><strong>sublimitatem</strong></span> <span class='ocrx_word' id='word_1_764' title='bbox 2504 4512 2651 4558; x_wconf 91' lang='lat' dir='ltr'><strong>tuam</strong></span> <span class='ocrx_word' id='word_1_765' title='bbox 2674 4502 2841 4573; x_wconf 90' lang='lat' dir='ltr'><strong>jussis</strong></span> <span class='ocrx_word' id='word_1_766' title='bbox 2867 4503 3220 4573; x_wconf 64' lang='lat' dir='ltr'><strong>praesentibus</strong></span> <span class='ocrx_word' id='word_1_767' title='bbox 3249 4504 3521 4562; x_wconf 78' lang='lat' dir='ltr'><strong>credimus</strong></span> 
     </span>
    </p>
   </div>
   <div class='ocr_carea' id='block_1_109' title="bbox 1928 4594 3516 4668">
    <p class='ocr_par' dir='ltr' id='par_1_109' title="bbox 1928 4594 3516 4668">
     <span class='ocr_line' id='line_1_110' title="bbox 1928 4594 3516 4668; baseline 0.003 -18"><span class='ocrx_word' id='word_1_768' title='bbox 1928 4594 2346 4661; x_wconf 89' lang='lat' dir='ltr'><strong>admonendam,</strong></span> <span class='ocrx_word' id='word_1_769' title='bbox 2369 4596 2495 4666; x_wconf 89' lang='lat' dir='ltr'><strong>quia</strong></span> <span class='ocrx_word' id='word_1_770' title='bbox 2519 4594 2783 4651; x_wconf 87' lang='lat' dir='ltr'><strong>excedere</strong></span> <span class='ocrx_word' id='word_1_771' title='bbox 2809 4595 3059 4653; x_wconf 89' lang='lat' dir='ltr'><strong>nolumus</strong></span> <span class='ocrx_word' id='word_1_772' title='bbox 3081 4613 3219 4668; x_wconf 93' lang='lat' dir='ltr'><strong>quos</strong></span> <span class='ocrx_word' id='word_1_773' title='bbox 3239 4613 3516 4666; x_wconf 91' lang='lat' dir='ltr'><strong>amamus;</strong></span> 
     </span>
    </p>
   </div>
   <div class='ocr_carea' id='block_1_110' title="bbox 1931 4687 3522 4760">
    <p class='ocr_par' dir='ltr' id='par_1_110' title="bbox 1931 4687 3522 4760">
     <span class='ocr_line' id='line_1_111' title="bbox 1931 4687 3522 4760; baseline 0 -16"><span class='ocrx_word' id='word_1_774' title='bbox 1931 4703 2034 4744; x_wconf 92' lang='lat' dir='ltr'><strong>nec</strong></span> <span class='ocrx_word' id='word_1_775' title='bbox 2061 4688 2262 4758; x_wconf 90' lang='lat' dir='ltr'><strong>aliquid</strong></span> <span class='ocrx_word' id='word_1_776' title='bbox 2290 4689 2356 4744; x_wconf 91' lang='lat' dir='ltr'><strong>de</strong></span> <span class='ocrx_word' id='word_1_777' title='bbox 2387 4689 2582 4743; x_wconf 89' lang='lat' dir='ltr'><strong>talibus</strong></span> <span class='ocrx_word' id='word_1_778' title='bbox 2637 4687 2915 4744; x_wconf 89' lang='lat' dir='ltr'><strong>sinistrum</strong></span> <span class='ocrx_word' id='word_1_779' title='bbox 2958 4688 3193 4758; x_wconf 91' lang='lat' dir='ltr'><strong>patimur</strong></span> <span class='ocrx_word' id='word_1_780' title='bbox 3246 4689 3371 4755; x_wconf 91' lang='lat' dir='ltr'><strong>dici,</strong></span> <span class='ocrx_word' id='word_1_781' title='bbox 3422 4705 3522 4760; x_wconf 89' lang='lat' dir='ltr'><strong>per</strong></span> 
     </span>
    </p>
   </div>
   <div class='ocr_carea' id='block_1_111' title="bbox 1925 4779 3371 4852">
    <p class='ocr_par' dir='ltr' id='par_1_111' title="bbox 1925 4779 3371 4852">
     <span class='ocr_line' id='line_1_112' title="bbox 1925 4779 3371 4852; baseline 0.001 -18"><span class='ocrx_word' id='word_1_782' title='bbox 1925 4794 2062 4852; x_wconf 90' lang='lat' dir='ltr'><strong>quos</strong></span> <span class='ocrx_word' id='word_1_783' title='bbox 2083 4780 2315 4836; x_wconf 88' lang='lat' dir='ltr'><strong>aliorum</strong></span> <span class='ocrx_word' id='word_1_784' title='bbox 2342 4794 2523 4836; x_wconf 92' lang='lat' dir='ltr'><strong>mores</strong></span> <span class='ocrx_word' id='word_1_785' title='bbox 2560 4787 2815 4850; x_wconf 89' lang='lat' dir='ltr'><strong>putamus</strong></span> <span class='ocrx_word' id='word_1_786' title='bbox 2842 4793 2962 4836; x_wconf 87' lang='lat' dir='ltr'><strong>esse</strong></span> <span class='ocrx_word' id='word_1_787' title='bbox 3001 4779 3371 4851; x_wconf 85' lang='lat' dir='ltr'><strong>corrigendos.</strong></span> 
     </span>
    </p>
   </div>
   <div class='ocr_carea' id='block_1_112' title="bbox 2484 4909 2968 4970">
    <p class='ocr_par' dir='ltr' id='par_1_112' title="bbox 2484 4909 2968 4970">
     <span class='ocr_line' id='line_1_113' title="bbox 2484 4909 2968 4970; baseline 0.004 -4"><span class='ocrx_word' id='word_1_788' title='bbox 2484 4909 2815 4970; x_wconf 75' lang='lat' dir='ltr'><strong>EPISTOLA</strong></span> <span class='ocrx_word' id='word_1_789' title='bbox 2851 4911 2968 4969; x_wconf 80' lang='lat' dir='ltr'><strong>XV.</strong></span> 
     </span>
    </p>
   </div>
   <div class='ocr_carea' id='block_1_113' title="bbox 2225 5014 3228 5064">
    <p class='ocr_par' dir='ltr' id='par_1_113' title="bbox 2225 5014 3228 5064">
     <span class='ocr_line' id='line_1_114' title="bbox 2225 5014 3228 5064; baseline -0.004 -1"><span class='ocrx_word' id='word_1_790' title='bbox 2225 5022 2407 5064; x_wconf 72' lang='lat' dir='ltr'><strong>JOANNI</strong></span> <span class='ocrx_word' id='word_1_791' title='bbox 2447 5022 2594 5061; x_wconf 68' lang='grc' dir='ltr'><strong>ΡΔΡΛΕ</strong></span> <span class='ocrx_word' id='word_1_792' title='bbox 2626 5014 2654 5043; x_wconf 71' lang='grc'>⁸</span> <span class='ocrx_word' id='word_1_793' title='bbox 2692 5021 3059 5062; x_wconf 64' lang='grc' dir='ltr'><strong>Ατηλιλιιιουε</strong></span> <span class='ocrx_word' id='word_1_794' title='bbox 3099 5020 3228 5062; x_wconf 69' lang='lat' dir='ltr'><strong>REX.</strong></span> 
     </span>
    </p>
   </div>
   <div class='ocr_carea' id='block_1_114' title="bbox 1932 5100 3521 5173">
    <p class='ocr_par' dir='ltr' id='par_1_114' title="bbox 1932 5100 3521 5173">
     <span class='ocr_line' id='line_1_115' title="bbox 1932 5100 3521 5173; baseline 0 -16"><span class='ocrx_word' id='word_1_795' title='bbox 1932 5100 2156 5158; x_wconf 85' lang='lat' dir='ltr'><strong>Decreta</strong></span> <span class='ocrx_word' id='word_1_796' title='bbox 2193 5101 2487 5173; x_wconf 82' lang='lat' dir='ltr'><strong>promulgat</strong></span> <span class='ocrx_word' id='word_1_797' title='bbox 2532 5101 2874 5156; x_wconf 82' lang='lat' dir='ltr'><strong>saluberrima</strong></span> <span class='ocrx_word' id='word_1_798' title='bbox 2916 5103 2972 5155; x_wconf 86' lang='lat' dir='ltr'><strong>in</strong></span> <span class='ocrx_word' id='word_1_799' title='bbox 3014 5102 3326 5157; x_wconf 86' lang='lat' dir='ltr'><strong>simoniacos</strong></span> <span class='ocrx_word' id='word_1_800' title='bbox 3361 5101 3521 5173; x_wconf 74' lang='lat' dir='ltr'><strong>juxta</strong></span> 
     </span>
    </p>
   </div>
   <div class='ocr_carea' id='block_1_115' title="bbox 2359 5173 3093 5243">
    <p class='ocr_par' dir='ltr' id='par_1_115' title="bbox 2359 5173 3093 5243">
     <span class='ocr_line' id='line_1_116' title="bbox 2359 5173 3093 5243; baseline 0 -18"><span class='ocrx_word' id='word_1_801' title='bbox 2359 5174 2569 5243; x_wconf 85' lang='lat' dir='ltr'><strong>antiqua</strong></span> <span class='ocrx_word' id='word_1_802' title='bbox 2626 5173 3093 5228; x_wconf 84' lang='lat' dir='ltr'><strong>senatusconsulta.</strong></span> 
     </span>
    </p>
   </div>
   <div class='ocr_carea' id='block_1_116' title="bbox 2001 5262 3520 5336">
    <p class='ocr_par' dir='ltr' id='par_1_116' title="bbox 2001 5262 3520 5336">
     <span class='ocr_line' id='line_1_117' title="bbox 2001 5262 3520 5336; baseline 0.002 -16"><span class='ocrx_word' id='word_1_803' title='bbox 2001 5263 2060 5320; x_wconf 92' lang='lat' dir='ltr'><strong>Si</strong></span> <span class='ocrx_word' id='word_1_804' title='bbox 2075 5263 2312 5333; x_wconf 90' lang='lat' dir='ltr'><strong>antiquis</strong></span> <span class='ocrx_word' id='word_1_805' title='bbox 2329 5263 2659 5334; x_wconf 83' lang='lat' dir='ltr'><strong>principibus</strong></span> <span class='ocrx_word' id='word_1_806' title='bbox 2679 5263 2916 5320; x_wconf 90' lang='lat' dir='ltr'><strong>studium</strong></span> <span class='ocrx_word' id='word_1_807' title='bbox 2938 5262 3038 5319; x_wconf 85' lang='lat' dir='ltr'><strong>fuit</strong></span> <span class='ocrx_word' id='word_1_808' title='bbox 3057 5263 3202 5335; x_wconf 87' lang='lat' dir='ltr'><strong>leges</strong></span> <span class='ocrx_word' id='word_1_809' title='bbox 3212 5266 3520 5336; x_wconf 89' lang='lat' dir='ltr'><strong>exquirere,</strong></span> 
     </span>
    </p>
   </div>
   <div class='ocr_carea' id='block_1_117' title="bbox 1932 5355 3521 5428">
    <p class='ocr_par' dir='ltr' id='par_1_117' title="bbox 1932 5355 3521 5428">
     <span class='ocr_line' id='line_1_118' title="bbox 1932 5355 3521 5428; baseline 0 -14"><span class='ocrx_word' id='word_1_810' title='bbox 1932 5366 1992 5414; x_wconf 91' lang='lat' dir='ltr'><strong>ut</strong></span> <span class='ocrx_word' id='word_1_811' title='bbox 2018 5355 2246 5428; x_wconf 90' lang='lat' dir='ltr'><strong>subjecti</strong></span> <span class='ocrx_word' id='word_1_812' title='bbox 2269 5357 2453 5428; x_wconf 91' lang='lat' dir='ltr'><strong>populi</strong></span> <span class='ocrx_word' id='word_1_813' title='bbox 2495 5355 2800 5412; x_wconf 90' lang='lat' dir='ltr'><strong>delectabili</strong></span> <span class='ocrx_word' id='word_1_814' title='bbox 2841 5357 3226 5427; x_wconf 90' lang='lat' dir='ltr'><strong>tranquillitate</strong></span> <span class='ocrx_word' id='word_1_815' title='bbox 3272 5358 3521 5414; x_wconf 88' lang='lat' dir='ltr'><strong>frueren-</strong></span> 
     </span>
    </p>
   </div>
   <div class='ocr_carea' id='block_1_118' title="bbox 1932 5447 3523 5521">
    <p class='ocr_par' dir='ltr' id='par_1_118' title="bbox 1932 5447 3523 5521">
     <span class='ocr_line' id='line_1_119' title="bbox 1932 5447 3523 5521; baseline -0.001 -15"><span class='ocrx_word' id='word_1_816' title='bbox 1932 5459 2048 5518; x_wconf 91' lang='lat' dir='ltr'><strong>tur,</strong></span> <span class='ocrx_word' id='word_1_817' title='bbox 2079 5449 2248 5505; x_wconf 88' lang='lat' dir='ltr'><strong>multo</strong></span> <span class='ocrx_word' id='word_1_818' title='bbox 2276 5448 2619 5521; x_wconf 74' lang='lat' dir='ltr'><strong>praestantius</strong></span> <span class='ocrx_word' id='word_1_819' title='bbox 2647 5455 2731 5503; x_wconf 90' lang='lat' dir='ltr'><strong>est</strong></span> <span class='ocrx_word' id='word_1_820' title='bbox 2757 5447 2886 5502; x_wconf 86' lang='lat' dir='ltr'><strong>talia</strong></span> <span class='ocrx_word' id='word_1_821' title='bbox 2914 5447 3227 5514; x_wconf 85' lang='lat' dir='ltr'><strong>decernere,</strong></span> <span class='ocrx_word' id='word_1_822' title='bbox 3258 5466 3376 5521; x_wconf 69' lang='lat' dir='ltr'><strong>quae</strong></span> <span class='ocrx_word' id='word_1_823' title='bbox 3396 5466 3523 5521; x_wconf 82' lang='lat' dir='ltr'><strong>pos-</strong></span> 
     </span>
    </p>
   </div>
   <div class='ocr_carea' id='block_1_119' title="bbox 1932 5539 3524 5615">
    <p class='ocr_par' dir='ltr' id='par_1_119' title="bbox 1932 5539 3524 5615">
     <span class='ocr_line' id='line_1_120' title="bbox 1932 5539 3524 5615; baseline -0.001 -14"><span class='ocrx_word' id='word_1_824' title='bbox 1932 5551 2061 5601; x_wconf 88' lang='lat' dir='ltr'><strong>sunt</strong></span> <span class='ocrx_word' id='word_1_825' title='bbox 2087 5543 2256 5599; x_wconf 91' lang='lat' dir='ltr'><strong>sacris</strong></span> <span class='ocrx_word' id='word_1_826' title='bbox 2284 5541 2484 5615; x_wconf 87' lang='lat' dir='ltr'><strong>regulis</strong></span> <span class='ocrx_word' id='word_1_827' title='bbox 2510 5539 2821 5598; x_wconf 89' lang='lat' dir='ltr'><strong>convenire.</strong></span> <span class='ocrx_word' id='word_1_828' title='bbox 2869 5539 3065 5596; x_wconf 83' lang='lat' dir='ltr'><strong>Absint</strong></span> <span class='ocrx_word' id='word_1_829' title='bbox 3099 5542 3242 5598; x_wconf 91' lang='lat' dir='ltr'><strong>enim</strong></span> <span class='ocrx_word' id='word_1_830' title='bbox 3291 5541 3318 5584; x_wconf 71' lang='grc' dir='ltr'><strong><em>ιι</em></strong></span> <span class='ocrx_word' id='word_1_831' title='bbox 3345 5558 3378 5598; x_wconf 84' lang='lat' dir='ltr'><strong>a</strong></span> <span class='ocrx_word' id='word_1_832' title='bbox 3422 5558 3524 5599; x_wconf 87' lang='lat' dir='ltr'><strong>no-</strong></span> 
     </span>
    </p>
   </div>
   <div class='ocr_carea' id='block_1_120' title="bbox 1924 5701 3151 5774">
    <p class='ocr_par' dir='ltr' id='par_1_120' title="bbox 1924 5701 3151 5774">
     <span class='ocr_line' id='line_1_121' title="bbox 1924 5701 3151 5774; baseline -0.001 -15"><span class='ocrx_word' id='word_1_833' title='bbox 1924 5703 2101 5759; x_wconf 84' lang='lat' dir='ltr'><strong>nifacii</strong></span> <span class='ocrx_word' id='word_1_834' title='bbox 2123 5702 2188 5770; x_wconf 87' lang='lat' dir='ltr'><strong>ll,</strong></span> <span class='ocrx_word' id='word_1_835' title='bbox 2206 5702 2620 5774; x_wconf 82' lang='lat' dir='ltr'><strong>praedecessoris</strong></span> <span class='ocrx_word' id='word_1_836' title='bbox 2639 5701 2848 5758; x_wconf 88' lang='lat' dir='ltr'><strong>scilicet</strong></span> <span class='ocrx_word' id='word_1_837' title='bbox 2865 5702 2960 5756; x_wconf 93' lang='lat' dir='ltr'><strong>tui.</strong></span> <span class='ocrx_word' id='word_1_838' title='bbox 2988 5701 3151 5758; x_wconf 77' lang='lat' dir='ltr'><strong>Fonn.</strong></span> 
     </span>
    </p>
   </div>
   <div class='ocr_carea' id='block_1_121' title="bbox 2001 5773 3510 5847">
    <p class='ocr_par' dir='ltr' id='par_1_121' title="bbox 2001 5773 3510 5847">
     <span class='ocr_line' id='line_1_122' title="bbox 2001 5773 3510 5847; baseline 0.007 -20"><span class='ocrx_word' id='word_1_839' title='bbox 2001 5778 2026 5812; x_wconf 76' lang='grc' dir='ltr'><strong>ι)</strong></span> <span class='ocrx_word' id='word_1_840' title='bbox 2068 5774 2127 5829; x_wconf 90' lang='lat' dir='ltr'><strong>L.</strong></span> <span class='ocrx_word' id='word_1_841' title='bbox 2163 5773 2286 5847; x_wconf 78' lang='lat' dir='ltr'><strong>ult.,</strong></span> <span class='ocrx_word' id='word_1_842' title='bbox 2315 5775 2376 5829; x_wconf 86' lang='lat' dir='ltr'><strong>C.</strong></span> <span class='ocrx_word' id='word_1_843' title='bbox 2404 5774 2482 5828; x_wconf 86' lang='lat' dir='ltr'><strong>De</strong></span> <span class='ocrx_word' id='word_1_844' title='bbox 2512 5783 2676 5845; x_wconf 85' lang='lat' dir='ltr'><strong>pact.,</strong></span> <span class='ocrx_word' id='word_1_845' title='bbox 2701 5789 2885 5847; x_wconf 65' lang='lat' dir='ltr'><strong>supra,</strong></span> <span class='ocrx_word' id='word_1_846' title='bbox 2919 5774 3011 5847; x_wconf 73' lang='lat' dir='ltr'><strong>lib.</strong></span> <span class='ocrx_word' id='word_1_847' title='bbox 3044 5791 3098 5842; x_wconf 84' lang='grc' dir='ltr'><strong>ι,</strong></span> <span class='ocrx_word' id='word_1_848' title='bbox 3134 5775 3292 5847; x_wconf 84' lang='lat' dir='ltr'><strong>epist.</strong></span> <span class='ocrx_word' id='word_1_849' title='bbox 3323 5773 3386 5845; x_wconf 84' lang='lat'><strong>5;</strong></span> <span class='ocrx_word' id='word_1_850' title='bbox 3415 5776 3510 5836; x_wconf 77' lang='lat' dir='ltr'><strong>lib.</strong></span> 
     </span>
    </p>
   </div>
   <div class='ocr_carea' id='block_1_122' title="bbox 1925 5844 3100 5918">
    <p class='ocr_par' dir='ltr' id='par_1_122' title="bbox 1925 5844 3100 5918">
     <span class='ocr_line' id='line_1_123' title="bbox 1925 5844 3100 5918; baseline -0.004 -14"><span class='ocrx_word' id='word_1_851' title='bbox 1925 5863 1962 5904; x_wconf 79' lang='grc' dir='ltr'><strong>ιι</strong></span> <span class='ocrx_word' id='word_1_852' title='bbox 1985 5889 1998 5914; x_wconf 85' lang='grc'><strong><em>,</em></strong></span> <span class='ocrx_word' id='word_1_853' title='bbox 2033 5848 2189 5918; x_wconf 88' lang='lat' dir='ltr'><strong>epist.</strong></span> <span class='ocrx_word' id='word_1_854' title='bbox 2225 5846 2440 5915; x_wconf 80' lang='grc' dir='ltr'><strong>15;Ιὶι).</strong></span> <span class='ocrx_word' id='word_1_855' title='bbox 2474 5844 2594 5913; x_wconf 80' lang='lat' dir='ltr'><strong>vin,</strong></span> <span class='ocrx_word' id='word_1_856' title='bbox 2627 5845 2785 5917; x_wconf 86' lang='lat' dir='ltr'><strong>epist.</strong></span> <span class='ocrx_word' id='word_1_857' title='bbox 2814 5845 2902 5899; x_wconf 71' lang='lat'><strong>‘28.</strong></span> <span class='ocrx_word' id='word_1_858' title='bbox 2937 5844 3100 5902; x_wconf 59' lang='lat' dir='ltr'><strong>Fons.</strong></span> 
     </span>
    </p>
   </div>
   <div class='ocr_carea' id='block_1_123' title="bbox 2927 5997 3009 6062">
    <p class='ocr_par' dir='ltr' id='par_1_123' title="bbox 2927 5997 3009 6062">
     <span class='ocr_line' id='line_1_124' title="bbox 2927 5997 3009 6062; baseline 0.049 -4"><span class='ocrx_word' id='word_1_859' title='bbox 2927 5997 3009 6062; x_wconf 76' lang='grc'><strong>25</strong></span> 
     </span>
    </p>
   </div>
  </div>
