4006 6474
485 315 590 372 779

1725 311 1796 368 M.
1838 307 2110 368 AURELll
2149 305 2550 368 CASSIODORI

3625 331 3634 338 ι
3683 305 3798 372 τεο

393 453 398 458 -
453 437 600 502 Istro
619 393 825 486 saeculo
866 423 1126 480 damnosa
1163 421 1502 496 compendia.
1553 421 1686 477 Illud
1717 431 1926 478 tantum
1955 438 2082 480 vere
2112 429 2162 488 Α
2187 437 2348 494 quam
2380 421 2702 494 quingentos
2745 415 2948 484 solidos
2984 431 3045 478 se
3087 415 3472 488 distributuros
3515 433 3648 478 esse
3693 437 3798 480 eo—

445 513 454 534 ¹
487 534 770 596 possumus
789 517 996 572 lucrum
1023 515 1220 586 dicere,
1254 513 1399 587 quod
1427 521 1642 570 constat
1670 513 1848 576 divina
1877 514 2078 584 judicia

485 629 596 674 non
641 611 852 684 punire.
883 609 1066 682 Nuper
1089 608 1353 682 siquidem
1388 607 1454 663 ad
1495 623 1595 663 nos
1623 605 1874 662 defensor
1897 605 2082 661 Eccle-

485 707 578 763 siae
604 704 862 760 Romanae
891 699 1056 758 flebili
1079 700 1400 770 allegatione
1421 697 1688 770 pervenit,
1717 713 1842 754 cum
1864 705 2083 768 aposto-

486 801 602 856 licae
631 797 746 855 sedi
772 795 1050 868 peteretur
1075 793 1300 850 antistes
1327 791 1590 862 quosdam
1633 789 1837 844 nefaria
1875 787 2082 843 machi-

488 893 710 951 natione
737 889 1114 947 necessitatem
1141 887 1400 958 temporis
1434 893 1728 956 aucupatos
1757 885 1832 939 ita
1861 883 2086 938 faculta-

491 994 574 1042 tes
587 998 890 1056 pauperum
917 979 1146 1037 extortis
1169 977 1616 1050 promissionibus
1643 978 1974 1046 ingravassc,
2005 983 2084 1040 ut,

489 1075 638 1148 quod
666 1075 812 1132 dictu
867 1069 1016 1128 nefas
1063 1080 1165 1140 est,
1223 1071 1382 1126 etiam
1439 1086 1591 1126 sacra
1647 1085 1774 1124 vasa
1829 1067 2088 1139 emptioni

499 1169 660 1250 148
706 1167 934 1242 publica:
981 1165 1288 1221 viderentur
1337 1164 1600 1234 cxpOsita.
1657 1161 1774 1218 lloc
1824 1171 2088 1234 quantum

493 1261 596 1318 fuit
641 1259 860 1318 crudele
887 1257 1170 1326 committi,
1201 1267 1349 1313 tanto
1379 1256 1672 1328 gloriosum
1719 1263 1801 1310 est
1847 1255 2088 1310 adhibita

491 1353 696 1428 pietate
745 1353 999 1410 resecari.
1051 1351 1228 1420 Atque
1279 1349 1399 1404 ideo
1450 1349 1709 1404 sanctitas
1758 1355 1934 1406 vestra
1973 1357 2088 1402 sta-

492 1446 662 1502 tuisse
685 1461 784 1502 nos
807 1443 1057 1516 praesenti
1077 1439 1393 1498 deﬁnitione
1413 1449 1728 1512 cognoscat,
1756 1439 1900 1510 quod
1923 1439 2090 1496 etiam

495 1539 564 1595 ad
609 1541 888 1596 universos
927 1537 1262 1610 patriarchas
1317 1545 1479 1608 atque
1525 1533 1972 1606 metropolitanas
1998 1548 2090 1590 ec-

494 1632 685 1690 clesias
711 1631 961 1686 volumus
987 1629 1292 1700 pertinere,
1323 1635 1382 1682 ut
1412 1643 1442 1682 a
1486 1637 1512 1664 ει
1562 1636 1810 1698 tempore
1858 1627 2088 1684 sanctis-

493 1723 614 1782 simi
639 1738 790 1796 papae
817 1719 1100 1788 Bonifacii,
1127 1735 1248 1776 cum
1289 1719 1356 1776 de
1381 1719 1576 1776 talibus
1605 1719 1953 1790 prohibendis
1981 1719 2092 1772 suf-

2186 521 2468 585 gnoscant.
2497 511 2752 583 Reliquos
2781 511 3125 582 accipientes,
3181 523 3238 576 et
3277 513 3444 570 edicti
3475 516 3798 586 praesentis.

2186 614 2242 660 et
2265 603 2725 662 senatusconsulti
2753 619 2924 674 nuper
2971 604 3140 662 habiti
3193 621 3356 678 pruna
3407 607 3802 676 constringat,

2185 695 2282 752 sed
2309 703 2364 752 et
2411 695 2600 752 dantes
2647 710 2918 750 canonum
2958 696 3218 762 severitas
3265 706 3656 768 persequatur.
3687 699 3804 754 Vos

2188 794 2392 854 autem,
2422 783 2514 856 qui
2551 785 2980 856 patriarcharum
3011 788 3218 846 honore
3240 790 3466 860 reliquis
3491 791 3804 862 praesidetis

2189 877 2466 946 Ecclesiis,
2495 881 2752 949 quoniam
2807 879 2954 952 [Ac.,
3003 881 3184 952 quem]
3235 883 3556 940 constitutio
3613 893 3800 938 nostra

2188 972 2255 1028 ab
2283 972 2466 1028 illicita
2496 973 2856 1044 promissione
2883 973 3148 1040 liberavit,
3181 983 3350 1038 restat
3373 983 3432 1042 ut
3479 975 3634 1038 bona
3681 975 3800 1030 imi-

2189 1073 2368 1122 tantes
2415 1067 2686 1140 exempla,
2730 1067 2846 1124 sine
2893 1068 3074 1139 aliquo
3115 1067 3474 1126 Ecclesiarum
3505 1069 3804 1142 dispendio

2190 1161 2381 1232 dignos
2423 1159 2710 1232 majestate
2756 1161 3044 1234 pontiﬁces
3091 1160 3350 1218 offeratis.
3407 1161 3674 1232 iniquum
3723 1170 3806 1218 est

2190 1255 2332 1314 enim
2363 1263 2423 1310 ut
2451 1255 2630 1320 locum
2654 1255 2798 1328 apud
2825 1269 2920 1310 vos
2959 1253 3162 1314 habeat
3196 1254 3447 1322 ambitus,
3482 1269 3662 1326 quem
3703 1269 3802 1308 nos

2191 1345 2344 1404 laicis
2389 1347 2568 1402 divina
2620 1346 3058 1404 consideratione
3115 1345 3494 1418 perclusimus.
3545 1344 3802 1418 Quapro-

2191 1445 2310 1510 pter
2336 1437 2380 1492 si
2409 1439 2532 1509 quis
2560 1438 2872 1510 apostolicae
2918 1439 3208 1509 prmsulem
3251 1436 3534 1504 Ecclesiae,
3567 1438 3668 1492 vel
3707 1454 3800 1508 pa-

2193 1529 2555 1586 triarcharum
2602 1531 2938 1602 episcopum,
2968 1531 3083 1586 sive
3108 1545 3207 1600 per
3233 1545 3310 1596 se,
3337 1530 3452 1585 sive
3483 1545 3586 1598 per
3615 1545 3802 1600 paren-

2193 1633 2306 1692 tes,
2351 1631 2444 1677 aut
2490 1623 2840 1678 servientium
2877 1619 3248 1693 quascunque
3293 1636 3560 1692 personas
3623 1621 3800 1691 aliqua

2199 1714 2436 1784 suffragii
2459 1713 2754 1770 crediderit
2779 1715 3076 1771 ambitione
3101 1713 3534 1786 promendum
3559 1723 3614 1778 ε,
3639 1721 3700 1767 et
3727 1713 3800 1783 ip-

493 1818 675 1888 fragiis
731 1824 912 1888 patres
965 1813 1258 1884 conscripti
1301 1814 1769 1870 senatusconsulta
1797 1811 2092 1874 nobilitatis
2123 1821 2172 1890 B
2198 1819 2314 1860 sum
2343 1802 2573 1858 reddere
2602 1811 2826 1874 accepta
2863 1803 3171 1873 deﬁnimus,
3203 1813 3258 1860 et
3283 1803 3428 1874 quod
3453 1812 3540 1859 est
3569 1804 3798 1858 canoni-

492 1925 602 1966 suae
655 1923 922 1964 memores
951 1891 1350 1962 condiderunt:
1406 1903 1720 1976 Quicunque
1769 1904 1824 1958 in
1869 1903 2086 1973 episco‘

493 2011 624 2074 patu
644 1999 937 2056 obtinendo
967 1999 1080 2054 sive
1111 2012 1208 2068 per
1229 2013 1306 2066 se,
1339 1997 1454 2052 sive
1485 2013 1580 2068 per
1603 1997 1764 2052 aliam
1791 2007 2090 2066 quamcml-

493 2109 600 2164 que
627 2108 916 2165 personam
944 2089 1150 2162 aliquid
1179 2091 1490 2162 promisisse
1534 2089 1856 2156 declaratur,
1890 2097 1948 2144 ut
1994 2103 2089 2144 ex-

491 2185 769 2242 secrabilis
797 2191 1106 2240 contractus
1135 2183 1342 2238 cunctis
1364 2182 1566 2236 viribus
1587 2179 1855 2238 etfetetur.
1883 2179 1940 2236 Si
1969 2181 2090 2251 quis

494 2287 676 2334 autem
705 2279 758 2334 in
788 2280 894 2334 hoc
936 2277 1143 2334 scelere
1170 2274 1590 2346 deprehenditur
1629 2273 1794 2336 fuisse
1817 2281 2088 2340 versatus,

492 2370 694 2426 nullam
721 2367 1074 2439 relinquimus
1103 2381 1290 2422 vocem
1321 2383 1334 2420 :
1367 2365 1718 2420 verumetiam
1745 2365 1790 2420 si
1819 2373 1912 2420 aut
1933 2379 2088 2434 repe-

495 2459 732 2528 tendum,
757 2467 851 2516 aut
877 2451 1022 2530 Quod
1052 2467 1336 2530 acceptum
1359 2467 1442 2512 cst
1469 2473 1578 2514 non
1611 2455 1944 2512 reddendum
1967 2471 2088 2514 esse

493 2551 804 2618 crediderit,
835 2551 1102 2622 sacrilegii
1133 2567 1256 2616 rcus
1279 2551 1524 2624 protinus
1552 2550 1833 2614 habeatur,
1867 2561 2086 2620 accepta

490 2644 779 2700 restituens
789 2643 1365 2714 compulsionejudicis
1377 2643 1752 2714 competentis.
1768 2641 2084 2698 Justissimze

489 2734 942 2808 siquidemleges,
973 2743 1032 2790 ut
1059 2735 1215 2790 bonis
1242 2735 1512 2806 aperiunt,
1543 2734 1616 2788 ita
1647 2733 1908 2788 claudunt
1927 2733 2084 2788 malis

489 2827 732 2884 moribus
748 2807 1038 2888 actionem.
1068 2825 1335 2884 Praeterea
1363 2825 1620 2896 quidquid
1649 2826 1702 2880 in
1731 2825 1823 2880 illo
1865 2833 2086 2882 senatus

487 2924 762 2980 decretum
791 2931 875 2980 est
895 2922 1164 2988 consulto,
1195 2921 1534 2994 praecipimus
1559 2921 1613 2976 in
1643 2935 1738 2980 eos
1767 2919 1940 2976 modis
1969 2935 2085 2976 om-

488 3015 646 3070 nibus
673 3014 953 3084 custodiri,
984 3014 1076 3084 qui
1122 3030 1182 3074 sc
1235 3029 1454 3086 quoquo
1491 3012 1656 3070 modo
1709 3027 1807 3084 per
1841 3012 2082 3083 interpo-

487 3109 618 3172 sitas
663 3123 1014 3180 quascunque
1063 3123 1326 3178 personas
1357 3107 1382 3145 h
1427 3105 1670 3164 scelestis
1717 3107 2086 3162 contractibus

2193 1897 2294 1952 bus
2321 1903 2603 1966 statutum,
2657 1911 2788 1966 eum,
2829 1897 3002 1953 modis
3031 1897 3280 1962 omnibus
3328 1911 3448 1952 esse
3477 1911 3790 1968 passurum.

2193 1987 2250 2044 Si
2280 1989 2401 2058 quis
2451 2004 2580 2044 vero
2633 2004 2755 2060 qua:
2808 1989 3038 2060 dederit,
3072 1999 3168 2046 aut
3207 1989 3542 2062 promiserit,
3607 1989 3796 2044 eodem

2192 2081 2480 2150 superstite
2523 2081 2762 2136 timuerit
2791 2082 3086 2154 publicare,
3117 2083 3186 2137 ab
3228 2079 3556 2146 lmredibus,
3579 2081 3678 2136 vel
3707 2097 3794 2151 pro

2191 2176 2493 2231 haeredibus
2519 2177 2636 2246 ejus
2683 2174 2926 2232 Ecclesia
2957 2185 3186 2248 repetat,
3219 2175 3373 2246 cujus
3411 2173 3680 2244 suﬂragio
3709 2191 3792 2228 an-

2191 2269 2342 2336 tistes
2371 2269 2791 2340 deprehenditur
2817 2271 3112 2336 ordinatus,
3155 2281 3280 2326 nota
3321 2269 3562 2326 infamia:
3593 2271 3790 2324 nihilo-

2191 2362 2366 2424 minus
2391 2362 2710 2432 superstites
2737 2363 3003 2418 innrente.
3035 2361 3290 2430 Reliquos
3316 2375 3544 2431 quoque
3571 2360 3786 2416 ordines

2191 2455 2290 2510 sub
2329 2454 2519 2508 eadem
2568 2452 2682 2508 ﬁeri
2731 2454 3070 2509 districtione
3115 2454 3478 2526 prmeipimus.
3543 2453 3704 2519 Quod
3747 2453 3790 2508 si

2189 2547 2418 2602 forsitan
2461 2549 2664 2604 dolosa:
2709 2549 3124 2604 machinationis
3166 2549 3384 2604 invento
3435 2549 3792 2603 sacramentis

2187 2659 2418 2716 persona
2454 2643 2907 2700 intercedentibus
2929 2643 3358 2712 fucritobligata,
3383 2649 3444 2697 ut
3473 2643 3634 2696 salvo
3651 2650 3788 2696 statu

2189 2739 2381 2793 animm
2430 2737 2774 2793 commissam
2831 2737 3171 2806 iniquitatem
3225 2751 3404 2806 neque
3481 2735 3786 2806 approbare

2187 2833 2377 2902 possit,
2411 2847 2585 2902 neque
2617 2831 2812 2886 audeat
2842 2845 3120 2898 accusare,
3153 2829 3342 2884 damus
3371 2828 3654 2884 licentiam
3677 2827 3788 2897 qui-

2187 2923 2422 2979 buslibet
2447 2923 2690 2978 honestis
2719 2924 2964 2996 personis
2995 2923 3046 2977 in
3071 2922 3292 2992 singulis
3316 2921 3633 2992 quibusque
3661 2919 3786 2976 civi-

2188 3019 2388 3074 tatibus
2436 3017 2576 3088 apud
2603 3017 2817 3088 judiccs
2862 3026 3235 3090 competentes
3279 3015 3386 3072 hoc
3437 3015 3652 3071 crimen
3699 3013 3790 3068 de-

2189 3113 2358 3178 ferre;
2389 3123 2445 3168 et
2473 3112 2730 3182 quidquid
2763 3129 2830 3166 ex
2856 3127 2918 3168 ea
2959 3097 3199 3184 patuerit
3242 3111 3576 3182 probatione
3617 3109 3788 3164 recol-

484 3201 836 3262 miscuerunt.
871 3199 936 3264 Et
962 3201 1088 3270 quia
1120 3201 1302 3262 omnia
1345 3199 1546 3262 debent
1587 3200 1687 3254 sub
1716 3199 1928 3255 ratione
1969 3214 2085 3254 mo—
2115 3208 2160 3272 ρ
2190 3205 2304 3274 ligi,
2337 3211 2395 3258 ut
2424 3203 2490 3260 ad
2541 3205 2916 3276 probationem
2975 3203 3121 3278 [Alii,
3172 3189 3596 3276 approbatione]
3644 3203 3782 3258 inse-

485 3293 662 3348 derari
681 3331 695 3356 ,
729 3308 832 3358 nec
859 3301 1086 3364 possunt
1130 3293 1234 3364 dici
1260 3292 1404 3362 justa
1433 3307 1552 3362 quae
1579 3292 1748 3358 nimia,
1783 3303 1928 3360 sunt,
1959 3307 2084 3348 cum

486 3381 554 3436 de
575 3380 858 3450 apostolici
911 3382 1319 3436 consecratlone
1368 3380 1642 3451 pontiﬁcis
1691 3381 1922 3438 intentio
1975 3381 2087 3438 for-

489 3477 630 3524 tasse
659 3469 963 3540 pervenerit
993 3469 1132 3544 [Jun
1175 3469 1241 3524 V.
1275 3469 1357 3537 (3.,
1389 3469 1743 3542 provenerit],
1791 3479 1847 3538 et
1885 3471 1952 3526 ad
1996 3487 2086 3542 pa-

485 3562 675 3618 latium
702 3571 944 3616 nostrum
967 3563 1226 3631 producta
1255 3561 1414 3620 fuerit
1430 3562 1712 3618 altercatio
1733 3565 2080 3634 populorum,

486 3663 835 3726 suggerentes
863 3656 1020 3712 nobis
1059 3656 1198 3710 intra
1245 3656 1349 3712 tria
1397 3656 1562 3710 millia
1618 3655 1912 3712 solidorum
1961 3672 2086 3714 cum

489 3748 808 3804 collectione
836 3748 1146 3804 chartarum
1190 3765 1474 3806 censemus
1511 3731 1778 3820 accipere.
1813 3749 1858 3806 A
1889 3752 2085 3822 quibus

487 3853 667 3898 tamen
695 3842 874 3899 minus
895 3859 1085 3900 omnes
1114 3844 1337 3900 idoneos
1367 3843 1442 3898 rei
1466 3843 1634 3913 ipsius
1649 3845 2083 3902 consideratione

483 3950 849 4006 removemus,
898 3937 1024 4006 quia
1056 3936 1122 3990 de
1171 3935 1538 3992 ecclesiastico
1575 3951 1796 3990 munere
1825 3937 2081 4007 pauperi-

480 4027 584 4082 bus
611 4035 693 4083 est
719 4028 897 4100 potius
925 4027 1334 4084 consulendum.
1388 4027 1536 4082 Alios
1563 4042 1695 4083 vero
1723 4027 2077 4098 patriarchas,

481 4119 696 4188 quando
726 4120 780 4174 in
829 4121 1090 4178 comitatu
1137 4125 1326 4174 nostro
1378 4117 1446 4174 de
1495 4134 1682 4174 eorum
1735 4121 2075 4176 ordinatione

481 4219 766 4284 tractatur,
811 4213 864 4278 in
892 4215 1213 4286 supradictis
1251 4211 1650 4270 conditionibus
1680 4223 1840 4284 atque
1883 4229 2074 4284 perso-

480 4305 564 4360 nis
593 4307 730 4362 intra
753 4307 858 4364 duo
879 4307 1046 4376 millia
1073 4307 1368 4364 solidorum
1383 4305 1638 4378 iubemus
1663 4308 1986 4378 expendere.
2013 4307 2076 4362 In

480 4397 785 4456 civitatibus
809 4409 988 4462 autem
1019 4403 1130 4460 suis
1161 4401 1486 4460 tenuissimae
1513 4402 1657 4474 plebi
1693 4417 1806 4460 non
1842 4401 2074 4472 amplius

555 4609 580 4636 ⁸
607 4597 744 4652 Vide
773 4597 808 4652 Ι.
833 4599 920 4666 Pii,

479 4665 734 4744 γει-,(2αο
757 4665 953 4738 oportet
976 4665 1504 4744 episcopum-eligere,
1527 4665 1648 4744 cap.
1681 4671 2060 4744 9,7Platinamr;

475 4739 534 4862 illi
577 4738 818 4804 Canone,
875 4738 1013 4812 pag!
1047 4741 1114 4795 88
1135 4738 1156 4808 ;’
1200 4751 1254 4797 et
1303 4738 1667 4806 insomne,
1717 4743 1768 4808 5,
1825 4759 1926 4814 pag
1973 4738 2060 4800 7'5.

515 4826 674 4862 unur.

515 4826 674 4864 URET.

551 4883 574 4918 ιι
617 4879 1214 4953 Quarum__interventu,
1245 4881 1460 4952 fraudes
1505 4899 1647 4953 smpc
1695 4884 1846 4950 ﬁunt,
1880 4885 1917 4938 Ι.
1972 4884 2060 4952 18,

551 4899 574 4918 υ
617 4899 853 4948 gnarum
899 4899 1106 4938 Interve
1151 4899 1214 4944 tu
1245 4899 1460 4952 Irauues
1505 4899 1647 4953 smpc
1695 4899 1846 4950 nunt,
1881 4899 1917 4938 ι.
1972 4899 2060 4952 1δ,

477 4949 938 5026 [_Jeferre;l._4§,
985 4952 1052 5026 Ιῃ
1111 4899 1365 5025 gaudent.
1422 4957 1449 5026 §
1502 4954 1912 5026 Conductorhl.
1973 4955 2062 5022 46,

477 5021 825 5096 (Iohfer_t_ur,_§
877 5023 1030 5087 Quod
1079 5021 1376 5096 a'pmzside,
1409 5021 1478 5081 de
1495 5025 1620 5095 jure
1666 5027 1811 5092 ﬁsci;
1845 5021 1897 5080 'l.
1942 5043 2062 5094 un.,

475 5093 542 5166 de
571 5092 884 5166 mulieribus
907 5109 1028 5166 quae
1053 5111 1114 5166 se
1139 5092 1297 5166 prap.
1329 5113 1470 5154 serv.
1497 5092 1715 5165 'junx.;
1765 5097 1802 5152 l.
1853 5114 1946 5152 un.
1995 5092 2056 5152 CL

475 5161 554 5236 De
568 5171 723 5236 Acont.
768 5161 942 5236 jud.,'
971 5165 1008 5236 ι,
1041 5165 1093 5236 9,
1129 5161 1394 5236 Quamvis,
1418 5168 1486 5224 de
1515 5161 1628 5222 reb.
1657 5161 1811 5234 eor.;
1843 5166 2056 5230 Cicero,

473 5235 528 5288 in
556 5233 778 5306 Cluent.’
801 5235 867 5289 de
895 5233 1154 5294 Avilio'se
1180 5233 1418 5292 Asinium
1451 5237 1733 5294 simulante
1763 5257 1775 5290 :
1810 5239 1910 5304 Qui
1941 5253 2061 5306 sup-

471 5305 666 5376 posita,
720 5305 913 5375 inquit,
961 5325 1190 5377 persona
1242 5305 1430 5364 falsum
1491 5317 1870 5364 testamentum
1916 5305 2059 5362 obsi-

471 5377 740 5458 gnandum
795 5381 1030 5458 curavit;
1089 5380 1267 5435 novel.
1296 5380 1448 5458 _‘124,
1519 5386 1636 5458 περὶ
1705 5380 2058 5458 διξεαζομέείῳν.

472 5443 626 5513 Quod
654 5447 800 5502 enim
828 5443 1070 5522 plegiqde
1096 5467 1192 5521 per
1213 5467 1271 5522 se
1295 5452 1392 5522 ipsi
1421 5443 1692 5516 veren'tur,
1723 5451 1776 5504 id
1804 5443 1901 5520 per
1925 5449 2060 5504 alios

469 5531 579 5570 non
601 5525 855 5572 verentur
881 5518 1132 5592 efficere;
1163 5531 1221 5578 ut
1248 5518 1422 5590 Stolo,
1455 5523 1546 5592 qui
1577 5539 1698 5578 cum
1749 5518 1922 5588 legem
1967 5537 2057 5574 ro-

467 5590 950 5662 gasset,_nemquis
1002 5591 1284 5662 plusquam
1336 5593 1438 5646 500
1473 5590 1677 5662 _jugcra
1735 5593 2054 5661 possideret,

466 5659 744 5728 supposita
765 5657 858 5732 ﬁlii
885 5657 1206 5732 (mancipati
1231 5657 1665 5732 personafm'ille
1681 5657 1954 5732 possidere
1976 5657 2056 5716 in;

467 5735 659 5800 ventus
686 5729 990 5800 sua_ipsius
1027 5729 1146 5800 lege
1173 5729 1456 5787 damnatus
1483 5743 1585 5788 est.
1629 5729 1819 5796 varro,
1865 5731 1954 5786 lib.
2009 5749 2056 5798 ι,

471 5808 589 5877 εει).
623 5795 772 5877 2_,_de
797 5795 878 5860 ne
907 5795 1144 5877 rust_ic5_;
1192 5803 1256 5857 A.
1304 5802 1527 5870 Gellius,
1563 5803 1654 5859 lib.
1697 5795 1812 5869 xxr,
1835 5819 1954 5873 cap.
1987 5795 2043 5868 1;

463 5861 607 5941 .Plin.
643 5867 715 5921 lib
751 5883 896 5932 xvm,
929 5885 979 5924 c.
1010 5867 1064 5924 ὅ.
1095 5861 1264 5926 Folia.

953 4599 1292 4672 Quemquam,
1314 4600 1378 4657 C.
1409 4602 1665 4673 De'episc.
1689 4603 1930 4673 Aetatem,
1959 4617 2062 4658 no-
2089 4607 2145 4668 D

2186 3303 2412 3368 quentes
2443 3295 2761 3362 animemuz,
2789 3297 3002 3350 tertiam
3035 3304 3244 3366 partem
3283 3295 3546 3368 judicatze
3581 3295 3664 3350 rei
3693 3293 3780 3348 ille

2189 3387 2328 3458 |Ac.,
2363 3387 2526 3458 illius]
2547 3387 2832 3458 percipiat,
2859 3388 2950 3456 qui
2983 3387 3091 3443 tale
3118 3385 3327 3442 facinus
3358 3387 3592 3444 voluerit
3609 3385 3788 3456 publi-

2185 3493 2329 3534 care.
2377 3477 2602 3548 Reliqua
2633 3479 2761 3550 ipsis
2805 3477 3061 3536 Ecclesiis
3107 3479 3421 3552 proﬁciant,
3452 3493 3562 3550 quae
3589 3477 3786 3532 viden-

2189 3580 2274 3628 tur
2299 3579 2534 3638 extorta,
2563 3581 2656 3626 aut
2683 3573 2736 3628 in
2759 3573 2980 3629 fabricis
3023 3589 3236 3644 earum,
3265 3583 3358 3628 aut
3387 3573 3442 3628 in
3469 3571 3780 3626 ministeriis

2189 3663 2536 3720 nihilominus
2559 3666 2863 3736 profutura.
2907 3667 3076 3722 Decet
3123 3668 3266 3722 enim
3315 3665 3380 3720 ad
3429 3681 3561 3720 usus
3610 3663 3778 3718 bonos

2187 3767 2507 3814 convertere
2536 3775 2654 3830 quae
2683 3759 2854 3814 voluit
2893 3761 3219 3830 perversitas
3249 3759 3470 3816 inimica
3508 3758 3774 3813 fraudare.

2186 3849 2438 3916 Quiescat
2465 3853 2628 3921 igitur
2661 3853 3066 3920 malignantium
3114 3867 3280 3923 prava
3319 3851 3610 3922 cupiditas.
3665 3849 3778 3916 Quo

2185 3941 2410 3996 tendunt
2437 3943 2528 4010 qui
2560 3957 2590 3996 a
2617 3942 2764 4000 fonte
2807 3943 3056 4012 przeclusi
3095 3944 3262 4014 sunt}
3304 3941 3604 3998 Recolatur
3633 3950 3690 3996 et
3717 3939 3780 3994 ti-

2185 4043 2397 4090 meatur
2421 4035 2656 4090 Simonis
2681 4035 2826 4104 justa
2870 4035 3166 4104 damnatio,
3199 4035 3290 4106 qui
3340 4033 3632 4090 emendum
3663 4049 3776 4090 cre-

2185 4125 2318 4180 didit
2371 4127 2532 4180 totius
2581 4125 2844 4194 largitatis
2893 4125 3206 4182 Auctorcm.
3249 4123 3413 4180 Orate
3471 4124 3634 4194 igitur
3683 4137 3778 4192 pro

2183 4217 2359 4282 nobis,
2392 4219 2564 4274 edicta
2591 4225 2778 4274 nostra
2808 4219 3192 4286 custodientes,
3221 4219 3349 4287 quia
3373 4215 3572 4271 divinis
3603 4217 3778 4270 nosci-

2185 4310 2251 4366 tis
2293 4311 2585 4366 convenire
2625 4309 2916 4382 mysteriis.
2949 4309 3056 4366 Sed
3099 4325 3208 4381 quo
3261 4308 3472 4364 facilius
3519 4307 3778 4380 principis

2180 4410 2369 4460 votum
2409 4403 2786 4460 universorum
2825 4403 3094 4460 mentibus
3124 4403 3452 4471 innotescat,
3483 4403 3593 4458 hoc
3619 4417 3772 4459 sena-

2244 4613 2265 4643 ο
2305 4601 2660 4676 Iustinianus,
2695 4621 2817 4664 cum
2845 4604 3266 4676 sinesullragio,
3303 4602 3374 4676 id
3414 4611 3498 4660 est
3541 4606 3768 4676 pecunia

2167 4690 2232 4746 ac
2263 4675 2528 4742 sordibus,
2565 4679 2906 4746 magistratus
2952 4673 3177 4730 deferri
3199 4673 3561 4746 prohiberen'
3589 4677 3762 4730 novel.

2167 4745 2220 4810 8,
2270 4747 2582 4814 gravissime
2621 4745 2817 4817 adjecit
2861 4745 3302 4802 nundinationem
3353 4747 3764 4814 magistratuum

2168 4817 2410 4874 omnium
2462 4820 2730 4888 scelerum
2779 4819 2984 4874 fontem
3034 4833 3172 4884 esse,
3217 4817 3518 4888 iniquitatis
3569 4819 3766 4888 princi-

2167 4889 2312 4957 pium
2340 4903 2408 4967 _ac
2455 4887 3026 4967 ὓιιθιμηάργυροᾏογξίν
3057 4891 3147 4952 τὰς
3197 4887 3374 4965 ἀρχὰς
3419 4887 3602 4967 πάφὲέ
3653 4893 3764 4967 έᾳῖί

2168 4962 2776 5036 πονηρίας-πρῡοίμιὸνλὲε
2807 4962 2892 5036 ὶᾳὶ
2915 4965 3077 5036 πέρδιξ
3104 4962 3358 5036 {quanto
3388 4963 3566 5029 magis
3595 4962 3762 5014 ambi-

2170 5035 2280 5082 tum
2299 5031 2642 5096 largitionum
2674 5041 2727 5089 et
2748 5032 2934 5087 sordes
2958 5031 3450 5088 ecclesiasticorum
3479 5046 3760 5087 munerum

2168 5114 2235 5172 ex
2287 5102 2714 5159 sacerdotiorum
2771 5103 3062 5160 collatione
3128 5101 3314 5172 fugere
3366 5116 3596 5158 necesse
3645 5103 3756 5156 est!

2169 5169 2466 5230 Concilium
2516 5175 2962 5236 Chalcedonense
3014 5191 3027 5226 :
3083 5172 3146 5234 εἴ
3192 5169 3272 5236 Et;
3333 5173 3614 5236 ἐπίσκοπος
3677 5177 3758 5230 ἐπὶ

2170 5248 2412 5330 χρήμασρ
2457 5251 2779 5330 ζειροτονίαγ
2810 5250 3086 5330 ποιήᾳατὲ,
3119 5249 3218 5328 ,καὶ
3257 5249 3346 5330 sig.
3370 5251 3566 5327 apo":ng
3613 5253 3758 5302 xani-

2168 5315 2320 5391 γάγεχ
2343 5321 2434 5372 τήν
2457 5315 2684 5391 ὅπρατον
2704 5323 2876 5391 χάριν,
2903 5323 3004 5370 etc.
3032 5315 3148 5391 Qui
3163 5316 3336 5391 pretio
3358 5315 3610 5391 gratiam.
3639 5331 3756 5386 qua:

2167 5380 2324 5472 vei'Ldi
2357 5380 2557 5472 nequit,
2590 5380 2913 5472 vendiderit,
2959 5380 3080 5472 etcf.
3223 5387 3286 5440 Si
3309 5380 3428 5472 (piis.
3441 5380 3752 5472 episcopus,

2164 5469 2210 5526 _e.
2246 5455 2580 5524 Sanctorum,
2611 5460 2676 5526 i;
2724 5476 2772 5518 c.
2805 5459 2890 5512 Ea;
2931 5459 3130 5523 multis,
3159 5460 3214 5526 1,
3237 5472 3292 5526 q.
3323 5455 3380 5512 3.
3412 5455 3566 5514 lianc
3595 5455 3756 5512 vena-

2161 5524 2572 5602 litatemﬁctiam
2625 5524 2946 5602 Anthemius
2993 5524 3328 5602 detestatur,
3363 5529 3401 5584 l.
3459 5529 3532 5602 Si
3577 5544 3752 5602 quem.

2159 5595 2416 5670 q_uam,_C.
2451 5601 2528 5654 De
2551 5604 2710 5670 cpisc.
2739 5611 2787 5656 et
2819 5601 2943 5654 cier.
2992 5599 3220 5653 Exstant
3249 5593 3309 5652 et
3347 5593 3660 5670 [munificum
3683 5597 3749 5653 de

2157 5667 2386 5740 simonia
2417 5667 2832 5732 constitutiones
2863 5671 2954 5726 lib.
3001 5687 3031 5724 v.
3080 5667 3360 5726 DecrctalJ
3393 5669 3748 5740 Eodempeg-

2157 5737 2294 5860 gnct
2339 5753 2569 5810 sequens
2599 5731 2893 5808 Athalarici
2951 5741 3018 5798 ad
3061 5741 3408 5810 Salvantium,
3439 5741 3598 5814 epist.
3622 5731 3742 5796 Ἰῢ.

2201 5823 2322 5860 onN.

2201 5823 2322 5862 ORN.
