4006 6508
191 371 312 432 781-

1461 359 1822 419 VARIABUM
1859 358 2062 418 LIBER
2099 355 2192 416 IX.

3361 352 3462 406 78“)

186 481 284 548 tui,
310 480 422 538 hoc
443 476 658 552 populis
685 491 782 549 per
799 475 1108 550 praefectum
1135 472 1296 534 Urbis
1320 474 1660 546 praecipimus
1685 474 1768 529 in.-
1799 483 1846 538 Α
1943 472 2329 561 deﬁgebantur;
2364 477 2414 523 at
2441 469 2690 539 permittit
2737 470 2813 524 eis
2858 474 2916 561 ut
2960 483 3016 525 σο
3051 467 3210 539 justi:
3264 468 3463 539 legibus

188 573 401 640 timari;
434 580 496 628 ut
519 571 842 640 generalitas
883 578 1142 641 agnoscat
1185 584 1286 625 nos
1339 567 1464 628 illos
1504 567 1774 638 persequi,

185 661 279 732 qui
321 658 596 731 majestati
624 660 815 715 divinae
851 661 1031 730 potius
1057 659 1366 714 videremur
1405 656 1634 714 adversi.
1669 656 1778 711 Vos

186 767 411 823 quoque
439 752 546 808 hoc
569 752 832 808 universis
860 767 996 823 quos
1025 752 1134 806 Deo
1176 751 1412 824 propitio
1452 751 1636 819 regitis
1663 751 1780 820 opi-

187 846 368 916 scopis
407 846 704 916 intimate;
729 862 903 918 neque
943 847 1016 904 sit
1052 846 1258 906 alienus
1284 861 1318 902 a
1339 845 1525 918 culpa,
1550 845 1642 915 qui
1681 859 1779 914 po-

190 939 292 996 tuit
331 952 637 1012 agnoscere
663 940 975 998 constituta.

732 1069 1067 1128 EPISTOLA
1115 1069 1256 1128 XVI.

186 1181 488 1223 SALVANTIO
516 1181 638 1224 VIRO
659 1181 924 1232 ILLUSTRI,
959 1181 1246 1222 PREFECTO
1275 1179 1441 1233 ΗΠΒΙῆ
1486 1179 1780 1220 LTHALARI-

873 1253 969 1295 CUS
998 1254 1121 1294 REI.

188 1353 340 1407 lubet
368 1364 428 1407 ut
455 1353 681 1408 edictum
707 1369 857 1406 suum
883 1361 936 1406 et
965 1351 1411 1407 senatusconsulta
1439 1351 1503 1404 de
1526 1347 1783 1419 abigendo

222 1426 492 1479 .st’monia
542 1423 731 1479 tabulis
782 1425 1090 1479 marmoreis
1156 1423 1494 1489 incidantur,
1549 1429 1600 1474 et
1662 1428 1783 1472 ante

261 1498 458 1550 atrium
482 1495 712 1550 basilica:
739 1496 911 1550 sancti
936 1494 1084 1548 Petri
1104 1494 1442 1548 collocentur.

268 1608 434 1680 ιω
461 1607 628 1664 Grata
654 1622 744 1668 res
785 1616 869 1664 est
894 1615 1094 1666 cuncta
1129 1604 1412 1677 profutura
1437 1602 1677 1672 vulgare,
1726 1611 1787 1658 ut

189 1702 448 1770 generale
495 1698 590 1760 ﬁat
625 1699 904 1769 gaudium,
959 1698 1110 1768 quod.
1144 1698 1326 1767 potuit
1364 1710 1486 1752 esse
1522 1694 1786 1751 votivum.

189 1793 408 1864 Alioqui
454 1793 696 1850 usionis
730 1807 896 1850 causa
920 1791 1159 1846 noscitur
1190 1787 1305 1862 [Gn
1351 1795 1402 1842 et
1441 1786 1585 1858 Cuj.,
1611 1785 1788 1842 uaci-

193 1885 332 1956 tur],
359 1887 409 1940 si
434 1884 692 1944 beneﬁcia
719 1885 900 1956 potius
920 1883 1256 1940 occulantur.
1287 1880 1498 1938 Dudum
1521 1877 1787 1948 siquidem
1815 1869 1868 1932 Β

191 1988 417 2045 senatus
447 1978 810 2048 amplissimus
835 1993 867 2033 a
903 1975 1192 2048 spiciidore
1220 1990 1318 2032 suo
1357 1975 1580 2044 cupiens
1606 1987 1791 2030 macu-

190 2069 300 2124 lam
341 2068 656 2127 foedissimae
697 2067 1022 2137 suspicionis
1063 2065 1342 2130 abradere,
1394 2063 1622 2135 provida
1665 2061 1792 2120 deli-

189 2159 482 2215 beratione
507 2159 790 2217 constituit
825 2165 887 2214 ut
923 2158 979 2212 in
1005 2155 1304 2216 beatissimi
1326 2169 1477 2225 papae
1505 2168 1791 2210 consecra-

192 2253 348 2308 tione
415 2252 592 2308 nullus
651 2268 712 2310 se
762 2251 1104 2310 abominabili
1150 2249 1439 2322 cupiditate
1494 2248 1788 2320 pollueret,

191 2360 356 2415 pmna
396 2344 561 2399 etiam
591 2344 902 2409 constituta,
941 2344 1032 2414 qui
1077 2342 1203 2397 talia
1232 2355 1560 2414 praesumere
1610 2345 1786 2398 tenta-

192 2438 364 2494 visset
394 2455 408 2490 :
438 2453 547 2494 non
590 2436 805 2505 injuria,
847 2436 973 2506 quia
1011 2445 1135 2490 tunc
1175 2433 1334 2490 electi
1371 2448 1501 2490 vere
1537 2432 1792 2488 meritum

195 2529 476 2599 quaeritur,
520 2544 643 2584 cum
669 2528 900 2600 pecunia
930 2543 1042 2586 non
1069 2533 1300 2584 amatur.
1344 2524 1500 2596 Quod
1543 2540 1640 2580 nos
1671 2523 1788 2579 lau-

198 2617 417 2682 dantes,
443 2628 496 2674 et
516 2625 775 2688 augentes
797 2619 1095 2682 inventum,
1121 2617 1188 2671 ad
1208 2617 1575 2672 beatissimum
1597 2630 1792 2686 papam

198 2709 501 2767 direximus
537 2699 849 2778 censtituta,
898 2725 1017 2780 qua:
1047 2709 1128 2763 his
1157 2716 1281 2762 ante
1315 2708 1424 2762 lata
1453 2704 1790 2776 praefulgent,

200 2811 260 2856 ut
299 2803 369 2857 ab
420 2803 703 2858 honestate
742 2803 942 2858 sanctae
972 2799 1224 2854 Ecclesia:
1267 2797 1523 2870 profanus
1563 2796 1795 2854 ambitus

201 2894 499 2950 auferatur.
546 2904 572 2932 ι
601 2893 717 2949 Hoc
740 2909 838 2948 vos
865 2892 932 2946 ad
961 2892 1205 2946 notitiam
1236 2897 1454 2944 senatus
1485 2897 1542 2945 et
1567 2886 1797 2942 Romani

200 2986 394 3056 populi
456 2985 707 3042 voluums
754 2984 874 3040 sine
928 2983 1109 3054 aliqua
1162 2981 1420 3036 dilatione
1476 2980 1796 3050 perducere,

201 3086 478 3148 quatenus
530 3085 847 3132 cunctorum
909 3073 1102 3146 ﬁgatur
1151 3072 1301 3128 cordi
1351 3071 1495 3141 quod
1553 3071 1797 3140 cupimus

203 3170 456 3226 omnium
497 3167 680 3223 studio
709 3168 989 3224 custodiri.
1033 3167 1231 3222 Verum
1275 3174 1335 3220 ut
1371 3161 1666 3234 principale
1703 3162 1797 3217 be-

206 3260 467 3316 neﬁcium
507 3266 561 3314 et
601 3259 954 3331 praesentibus
989 3259 1196 3314 haereat
1233 3256 1458 3324 sacculis,
1493 3263 1548 3310 et
1585 3253 1795 3323 futuris,
1827 3255 1876 3320 ο

207 3361 324 3408 tam
375 3351 600 3407 deﬁnita
646 3359 832 3408 nostra
885 3366 1044 3422 quam
1098 3347 1562 3406 senatusconsulta
1607 3347 1800 3402 tabulis

210 3448 535 3503 marmoreis
591 3446 931 3518 praecipimus
985 3446 1240 3501 decenter
1286 3433 1493 3513 'incidi,
1561 3453 1616 3499 et
1676 3451 1802 3500 ante

214 3540 412 3595 atrium
439 3541 586 3596 beati
615 3538 760 3596 Petri
788 3539 1020 3611 apostoli
1047 3540 1099 3597 in
1132 3539 1501 3595 testimonium
1527 3538 1802 3610 publicum

213 3633 472 3688 collocari
496 3632 547 3686 ι’.
578 3632 781 3703 Dignus
809 3633 954 3688 enim
980 3633 1128 3688 locus
1167 3641 1267 3700 est,
1313 3632 1403 3701 qui
1434 3637 1488 3686 et
1516 3630 1804 3700 gloriosam

213 3725 523 3789 mercedem
563 3733 830 3791 nostram,
869 3734 923 3779 et
963 3731 1186 3779 senatus
1216 3723 1532 3794 amplissimi
1563 3722 1804 3778 laudabi—

217 3817 283 3870 lia
311 3817 534 3873 decreta
559 3818 856 3873 contineat.
895 3816 954 3874 in
982 3832 1146 3888 quam
1172 3832 1286 3872 rem
1316 3816 1462 3872 illum
1491 3814 1802 3881 direximus,

216 3921 322 3975 quo
385 3908 658 3964 redeunte
719 3924 1007 3964 noscamus
1067 3909 1286 3979 impleta
1352 3922 1468 3980 quae
1525 3906 1802 3977 jussimus.

219 3999 490 4057 incertum
534 4003 676 4057 enim
718 4003 930 4058 videtur
976 4001 1181 4058 habere
1221 4001 1362 4072 quod
1405 4001 1670 4073 prmcipit,
1721 4002 1808 4057 cui

220 4107 398 4149 rerum
443 4093 669 4150 effectus
697 4093 899 4150 tardius
936 4095 1243 4152 innotescit.

745 4227 1081 4288 EPISTOLA
1116 4228 1276 4288 XVII.

224 4354 516 4398 SALVLNTIO
547 4355 682 4399 me
711 4355 990 4410 ILLBSTRI,
1030 4355 1322 4397 PRE-FEC'EO
1358 4355 1523 4407 URBIS’,
1567 4355 1808 4396 ATHA‘LA-

849 4427 1002 4472 MCUS
1027 4429 1153 4472 REX.

231 4524 475 4581 Περεῖ-κίε
514 4524 778 4580 utltberet
821 4523 1101 4595 quosdam,
1150 4523 1346 4577 nobiles
1391 4522 1671 4595 Romanos,
1724 4523 1810 4593 qui

299 4615 390 4666 pro
437 4598 551 4652 sola
593 4594 862 4654 seditionis
917 4602 1114 4651 exortae
1155 4596 1442 4665 suspicione
1489 4594 1544 4648 in
1608 4609 1811 4648 carcere

307 4804 331 4830 ε
363 4792 465 4847 Hic
489 4793 665 4846 obiter
693 4791 1158 4847 animadversione
1206 4790 1365 4860 digna
1394 4790 1530 4844 duco
1561 4789 1703 4858 quod
1730 4805 1816 4845 se-

238 4863 638 4924 namseonsulta
678 4865 744 4917 ad
788 4863 1192 4917 diuturnitatem
1259 4859 1573 4914 marmoreis
1624 4861 1819 4915 tabulis

240 4933 395 4989 incidi
423 4933 583 5001 jussit
608 4933 963 4999 Athalaricus,
997 4942 1056 4987 ut
1080 4933 1210 4986 olim
1228 4931 1405 4998 aereis,
1431 4932 1467 4984 l.
1499 4930 1555 4998 ‘2,
1583 4931 1652 4986 de
1678 4933 1812 5000 orig.

238 5002 341 5069 jur.
367 5005 524 5058 Plato
552 5005 603 5059 in
635 5003 814 5058 Minoe
835 5005 1001 5059 refert
1027 5003 1214 5058 Talum
1236 5016 1417 5068 regem
1447 5001 1622 5056 Cretae
1652 5018 1820 5073 pagos

241 5076 529 5144 quotannis
553 5075 866 5130 lustrantem
894 5076 1040 5143 leges
1065 5074 1228 5132 terreis
1258 5073 1454 5129 tabulis
1477 5074 1688 5128 ctelatas
1716 5074 1820 5128 cir-

244 5146 568 5210 cumtulisse,
585 5147 814 5215 indeque
827 5145 976 5201 Erei
996 5159 1191 5200 nomen
1206 5145 1256 5200 ei
1269 5144 1517 5208 inditum,
1535 5149 1582 5198 ἐν
1601 5146 1822 5216 χαλκοῖς-

245 5221 580 5292 γρᾳμματίοις
624 5218 788 5292 ire?
857 5221 1236 5292 γεγραμμένης
1299 5219 1418 5292 φὺς
1461 5218 1659 5288 νόμονςν
1702 5216 1822 5292 ,ὅθεν

290 5285 468 5350 altech
498 5285 983 5350 ἐκλήθηΪΑΙιρίιιιὶὶ,
1014 5285 1164 5354 quod
1188 5286 1240 5339 in
1269 5285 1416 5340 edito
1443 5294 1500 5340 et
1516 5285 1822 5355 conspicuo

250 5308 468 5409 ﬁcum:
498 5308 692 5348 εκληυη.
725 5308 983 5350 ωιθῐιιιιι,
1014 5308 1164 5354 quou‘
1191 5308 1240 5339 111
1269 5308 1416 5340 BONA)
1443 5308 1500 5340 ει
1529 5308 1822 5355 ϐοηδνωιιυ

269 5373 386 5424 oco,
435 5373 636 5428 nempe
656 5359 795 5412 atrio
823 5358 966 5411 beati
994 5357 1137 5410 Petri
1166 5357 1523 5428 collocentur,
1555 5372 1671 5428 quo
1705 5357 1822 5410 cui-

252 5442 351 5500 que
380 5427 619 5500 pateant,
656 5437 715 5484 et
739 5429 806 5482 de
833 5430 994 5499 plano
1039 5429 1302 5500 legantur.
1335 5427 1424 5481 Sic
1465 5428 1604 5500 idem
1646 5427 1822 5500 Plato,

253 5497 342 5553 lib.
380 5497 417 5555 it
454 5501 521 5555 de
558 5497 1112 5569 Legibus,iprtccipit
1151 5513 1327 5550 rerum
1370 5499 1638 5552 venalium
1681 5498 1828 5566 leges

255 5572 426 5628 medio
455 5572 511 5626 in
538 5569 656 5625 foro
693 5573 953 5627 columna
973 5569 1133 5637 attigi,
1351 5571 1398 5622 ἐν
1424 5572 1582 5637 στήλῃ
1616 5572 1820 5625 τενέντα

255 5651 341 5701 τῆς
363 5648 535 5717 ἀρχῆς
555 5645 760 5717 νόμιμα.
785 5631 1156 5717 Demostheni,
1191 5639 1418 5717 Philipp.
1453 5641 1505 5705 3,
1537 5631 1819 5717 ὗράμματα

255 5721 351 5770 τῶν
366 5711 622 5789 π’ρᾶιόνωῦ
640 5711 736 5769 re?»
753 5717 1006 5788 ὑμετέρων
1029 5711 1308 5767 δεικνύωνᾶ
1333 5711 1815 5789 ἐκεῖνοιλεὰτέθὶντο,

258 5781 530 5862 εἰςρξήλῇν
559 5788 756 5862 χσςᾎκῆγ
782 5781 1070 5862 ἧράτξᾳντες
1097 5784 1479 5862 θὶς-ἀκρόπολιν.
1509 5781 1742 5862 FORNER.

329 5855 352 5892 ιι
391 5852 570 5926 Leges
583 5852 713 5910 olim
745 5852 801 5910 in'
816 5852 974 5910 'atriis
1001 5852 1614 5926 ecclesim'locabantur,
1660 5852 1822 5921 Cujas

261 5923 314 5980 in
339 5926 428 5983 lib.
455 5923 686 5994 tFeud.,
712 5927 794 5981 tit.
821 5926 918 5993 '17;
942 5935 995 5980 et
1018 5925 1108 5979 lib.
1134 5941 1188 5979 Ill
1216 5923 1391 5992 Cupit.
1419 5923 1540 5979 Car.
1567 5924 1818 5994 Mag.,tit.

1950 542 2229 603 vindicent,

1949 633 2009 689 Si
2036 633 2308 704 principes
2332 631 2536 699 antiqui
2562 631 2758 685 muenia
2788 631 3028 686 Romana
3059 632 3112 685 in
3139 631 3462 701 populorum

1883 727 2224 798 exquisivere
2265 723 2535 790 laetitiam,
2590 736 2657 776 ne
2699 723 2844 777 cives
2887 721 2992 784 illis
3039 724 3232 777 merito
3285 722 3462 790 singu-

1885 818 2026 872 lares
2085 814 2282 886 aliquid
2330 829 2616 870 commune
2669 828 2795 868 cum
2836 813 3046 868 caeteris
3099 812 3464 882 possiderent,

1881 911 2031 965 nefas
2073 916 2154 964 est
2181 909 2320 963 inter
2351 915 2432 962 tot
2470 921 2649 962 rerum
2673 904 2909 975 jucunda
2939 920 3034 960 eos
3061 905 3280 972 longam
3306 905 3467 960 susti-

1883 1016 2012 1056 nere
2041 999 2308 1055 tristitiam
2327 1041 2343 1069 ,
2384 999 2508 1068 quia
2538 995 2826 1054 exsultatio
2861 994 3090 1050 civitatis
3119 993 3260 1049 illius
3300 1007 3463 1064 gene-

1882 1093 1994 1148 rale
2025 1102 2207 1148 votum
2237 1101 2351 1156 est;
2397 1091 2523 1144 dum
2552 1104 2773 1146 necesse
2806 1095 2891 1144 est
2938 1087 3110 1142 laetari
3137 1086 3364 1155 reliqua,
3421 1086 3465 1140 si

1883 1186 2067 1240 mundi
2088 1191 2250 1254 caput
2275 1183 2508 1254 gaudere
2531 1182 2811 1253 proveniat
2828 1191 2872 1233 ε.
2888 1179 3186 1250 Apostolici
3206 1176 3467 1248 siquidem

1882 1292 2034 1348 papae
2058 1275 2280 1331 Joannis
2306 1284 2363 1330 et
2390 1290 2675 1345 procerum
2715 1281 3028 1333 nostrorum
3071 1271 3342 1328 relatione
3367 1283 3464 1324 co-

1886 1371 2167 1439 gnovimus
2209 1368 2356 1424 illum
2385 1376 2443 1422 et
2483 1368 2629 1422 illum
2672 1366 2950 1422 Romanos
2993 1381 3092 1435 pro
3138 1364 3257 1421 sola
3294 1362 3474 1432 suspi-

1889 1463 2045 1518 cione
2065 1460 2346 1516 seditionis
2368 1467 2476 1514 tam
2497 1459 2669 1527 longa:
2691 1457 2945 1514 custodia:
2970 1471 3127 1526 poma
3147 1461 3470 1521 maceratos,

1889 1561 1949 1608 ut
1996 1559 2193 1608 cuncta
2237 1551 2426 1608 civitas
2485 1564 2776 1608 utoerorem
2833 1547 2901 1604 de
2947 1548 3158 1604 illorum
3219 1546 3477 1604 continua
3571 1565 3576 1582 η

1890 1643 2196 1700 calamitate
2225 1641 2588 1708 contraxerit,
2632 1650 2690 1697 ut
2717 1641 2796 1696 eis
2824 1655 2923 1696 nec
2951 1639 3156 1696 dierum
3185 1639 3470 1706 festivitas,
3563 1713 3568 1717 ἱ

1888 1749 1991 1791 nec
2011 1735 2115 1790 ulla
2142 1737 2283 1806 (quae
2309 1733 2452 1804 apud
2475 1748 2575 1789 nos
2598 1732 2751 1806 [Ms.,
2780 1729 3016 1803 vestros]
3041 1738 3124 1788 est
3144 1731 3470 1801 gratissima)

1891 1824 2124 1880 nominis
2154 1825 2236 1880 sui
2266 1823 2495 1892 dignitas
2523 1822 2848 1879 subveniret.
2901 1819 3056 1888 Quod
3083 1821 3240 1876 nobis
3263 1835 3364 1891 pro
3391 1819 3478 1875 sui

1892 1915 2020 1971 facti
2045 1916 2342 1974 acerbitate
2381 1914 2684 1985 displicuit,
2719 1923 2780 1969 ut
2805 1914 2898 1984 qui
2925 1914 2982 1968 in
3003 1913 3210 1982 judicio
3248 1911 3482 1968 convicti

1892 2007 2112 2064 minime
2140 2006 2400 2073 feruntur,
2447 2007 2626 2062 debita
2657 2005 2814 2062 malis
2864 2013 3132 2062 tormenta
3175 2003 3476 2059 cruciatus-

1893 2113 2000 2168 que
2029 2099 2368 2170 pertulerint.
2417 2096 2486 2152 Et
2526 2097 2646 2154 ideo
2675 2098 3098 2166 magnitudinem
3136 2104 3284 2154 tuam
3319 2095 3505 2164 jussis,

1894 2191 2247 2262 praesentibus
2274 2191 2646 2258 admonemus,
2678 2197 2738 2246 ut
2760 2204 3082 2261 quocunque
3110 2188 3216 2248 loci
3242 2186 3482 2260 reperire

1897 2283 2136 2354 potueris
2177 2299 2294 2353 eos,
2335 2283 2618 2338 absolvere
2657 2297 2766 2338 non
2793 2283 3041 2338 moreris.
3091 2279 3240 2347 Quos
3267 2277 3487 2336 etiamsi

1897 2375 2074 2446 aliquo
2105 2383 2262 2431 reatu
2301 2375 2574 2432 involutos
2604 2391 2722 2430 esse
2752 2375 3038 2444 claruerit,
3078 2372 3484 2429 intercessioni-

1895 2467 1996 2522 bus
2016 2466 2337 2538 supradictis
2359 2481 2454 2522 eos
2470 2466 2582 2536 jam
2602 2483 2632 2520 a
2655 2475 2803 2522 metu
2819 2466 3018 2523 liberos
3039 2480 3158 2522 esse
3179 2479 3481 2522 censemus.

1898 2553 1952 2610 Si
1974 2571 2104 2611 vero
2133 2556 2448 2614 innocentes
2470 2572 2528 2613 se
2551 2566 2816 2613 tormenta
2842 2557 3158 2618 sustinuisse
3186 2555 3483 2621 confidunt,

1899 2647 2088 2703 damus
2139 2648 2372 2717 querelis
2419 2663 2608 2704 eorum
2667 2649 2892 2704 liberam
2947 2664 3168 2714 vocem,
3220 2657 3279 2703 ut
3328 2647 3498 2716 justis-

1896 2734 2113 2808 legibus
2139 2740 2420 2795 vindicent
2458 2739 2604 2809 quod
2647 2741 2843 2812 iniquis
2867 2734 3084 2796 ausibus
3112 2741 3448 2811 pertulerunt
3472 2759 3484 2792 :

1897 2832 2022 2904 quia
2048 2833 2297 2888 nolumus
2324 2832 2638 2888 innocentes
2666 2848 2697 2887 a
2722 2834 2988 2902 judicibus
3028 2833 3288 2903 deprimi,
3339 2847 3480 2902 quos

1901 2924 1968 2980 ad
1999 2939 2185 2979 eorum
2213 2924 2460 2994 praesidia
2483 2935 2694 2982 constat
2725 2926 2944 2980 elevari.
2977 2925 3320 2980 Revocentur
3346 2941 3487 2979 nunc

1901 3017 1971 3072 ad
2012 3017 2251 3071 laetitiam
2291 3017 2573 3088 pristinam
2617 3018 2878 3085 Romani;
2928 3035 3030 3075 nec
3070 3019 3226 3075 nobis
3268 3019 3492 3076 credant

1905 3109 2124 3180 placere
2152 3126 2332 3181 posse,
2377 3111 2478 3165 nisi
2506 3111 2600 3181 qui
2629 3126 2724 3167 eos
2762 3113 2966 3181 eligunt
2993 3113 3236 3168 modesta
3265 3112 3491 3181 aequali-

1903 3211 2015 3258 tate
2056 3210 2310 3260 tractare.
2357 3202 2663 3272 intelligant
2703 3213 2960 3274 parentes
2999 3213 3214 3261 nostros
3261 3219 3359 3275 pro
3398 3219 3493 3259 sua

1907 3293 2089 3365 quiete
2118 3293 2388 3348 laboriosa
2416 3293 2644 3350 subiisse
2671 3295 2930 3369 pericula,
2977 3312 3077 3350 nos
3105 3303 3280 3352 autem
3314 3295 3494 3351 multis

1907 3384 2157 3455 expensis
2186 3399 2348 3454 agere
2392 3392 2452 3440 ut
2492 3384 2568 3440 illi
2606 3384 2838 3440 debeant
2873 3387 3090 3456 garrula
3132 3385 3492 3441 exsultatione

1907 3474 2161 3548 gaudere.
2212 3475 2345 3532 Nam
2373 3482 2428 3530 et
2457 3475 2502 3532 si
2529 3475 2659 3546 quid
2684 3475 2866 3547 inique
2895 3477 2981 3534 vel
3012 3478 3206 3533 acerbe
3235 3477 3500 3533 hactenus

1905 3565 2270 3638 pertulerunt,
2324 3581 2434 3624 non
2489 3566 2714 3624 credant
2757 3581 2789 3624 a
2842 3577 3029 3626 nostra
3073 3569 3486 3626 mansuetudine

1909 3659 2308 3730 negligendum,
2356 3659 2448 3729 qui
2477 3675 2578 3716 nec
2607 3661 2763 3718 nobis
2799 3661 2910 3716 otia
2937 3662 3146 3726 damus,
3194 3668 3254 3716 ut
3279 3661 3356 3721 illi
3402 3677 3491 3718 se-

1910 3765 2038 3805 cura
2088 3765 2222 3821 pace
2271 3765 2334 3807 ac
2380 3751 2667 3822 tranquilla
2704 3751 2887 3807 laetitia
2933 3751 3326 3823 perfruantur:
3381 3753 3491 3808 cito

1910 3842 2146 3898 sentiant
2173 3841 2296 3911 quia
2329 3858 2429 3900 nos
2459 3858 2640 3898 amare
2668 3858 2778 3898 non
2805 3858 3092 3914 possumus
3124 3858 3260 3909 quos
3290 3841 3365 3895 illi
3395 3856 3494 3910 pro

1911 3934 2021 3992 suis
2072 3934 2379 3989 excessibus
2425 3934 2768 3989 horruerunt.
2819 3932 2953 3987 Nam
2998 3947 3228 4003 quorum
3269 3930 3496 4000 gratiam

1912 4028 2203 4098 impetrare
2224 4035 2474 4100 possunt,
2499 4027 2722 4097 quisuis
2741 4026 2948 4082 civibus
2973 4025 3259 4094 displicere
3281 4037 3466 4078 merue
3481 4055 3500 4066 -

1912 4129 2076 4188 runt;
2130 4128 2185 4176 et
2227 4121 2352 4176 dum
2393 4128 2606 4191 tempus
2650 4119 2964 4174 habuissent
3014 4117 3217 4172 amoris
3263 4115 3497 4185 publici,

1915 4225 2142 4284 egerunt
2197 4214 2344 4269 unde
2393 4214 2536 4282 juste
2589 4212 2819 4270 debeant
2871 4210 3143 4268 exsecrari
3198 4208 3338 4284 [Με.
3394 4209 3501 4275 Δ..

1915 4305 2182 4378 exsecari]
2210 4307 2234 4360 ‘l

2617 4416 2796 4473 XVIII.

2311 4521 2543 4562 EDICTUM
2580 4522 2901 4562 NTHALARICI
2939 4520 3109 4563 REGIS.

1926 4604 1974 4656 Ἰ.
2005 4600 2198 4656 Contra
2245 4617 2540 4671 pervasares
2573 4600 2820 4656 bonorum
2847 4601 3155 4658 alienorum.
3204 4601 3258 4655 ‘2.
3308 4601 3506 4658 Contra
3563 4659 3565 4662 .

1921 4801 2208 4866 Quomodo.
2243 4798 2332 4854 Sic
2359 4805 2538 4854 rector
2570 4796 2844 4854 Ecclesiae.
2889 4797 3023 4854 Vide
3051 4798 3248 4854 novell.
3284 4801 3314 4852 8
3344 4796 3509 4854 Justi-

1921 4872 2086 4935 niani,
2119 4871 2169 4923 in
2203 4869 2321 4924 fine.
2354 4868 2546 4923 lenm.

1997 4954 2016 4982 ο
2043 4941 2433 5005 Thcodoretus,
2459 4940 2511 4993 in
2535 4937 2761 5010 Epistol.
2786 4938 2851 4993 ad
2875 4938 3103 4993 Roman.
3129 4939 3204 4993 ait
3225 4938 3504 5010 magistra-

1924 5023 2009 5087 tus
2039 5011 2372 5084 publicanos,
2399 5018 2454 5065 et
2477 5009 2594 5072 τούξ
2623 5013 3012 5087 exornabant:
3035 5015 3128 5087 τὰς
3147 5010 3391 5087 χάριτα-ί,
3413 5009 3507 5062 ll‘i-

1924 5033 2009 5069 lUS
2039 5033 2372 5084 puuucanus,
2399 5033 2454 5065 ει
2477 5033 2594 5072 τους
2623 5033 3012 5083 exornas/curat:
3035 5033 3128 5069 τας
3147 5033 3391 5133 {expirat}
3415 5033 3506 5062 11⁷1·

1922 5086 2177 5140 butorum
2209 5089 2512 5146 exactores,
2547 5082 2940 5151 provinciarum
2973 5080 3150 5151 prmsit
3171 5095 3227 5134 es
3271 5094 3300 5131 a
3333 5079 3506 5132 Roma

1928 5169 2172 5219 manare,
2216 5161 2274 5205 ut
2315 5167 2434 5222 quae
2483 5150 2666 5206 Remus
2717 5150 2871 5218 fiant,
2925 5150 3171 5222 omnibus
3220 5157 3513 5222 notaesse

1927 5225 2178 5280 debeant.
2211 5219 2346 5278 Hinc
2386 5221 2738 5284 Justinianus,
2789 5223 2841 5275 in
2888 5220 3198 5290 praefatione
3229 5219 3512 5273 Pandectis

1925 5296 2164 5366 praefixa,
2196 5293 2269 5366 de
2297 5294 2651 5366 conceptione
2682 5289 3018 5366 Digestorum
3040 5333 3061 5366 ,_
3085 5289 3512 5366 traditronsue-

1930 5359 2173 5419 iudinem
2196 5363 2452 5418 Romanae
2469 5359 2626 5418 'urbis
2655 5359 2984 5431 sequendam
3015 5361 3081 5414 ab
3109 5360 3357 5413 omnibus
3382 5359 3515 5414 civi-

1930 5438 2147 5499 tatibus,
2199 5434 2324 5504 qltia
2369 5435 2537 5490 Roma
2583 5443 2743 5503 caput
2787 5433 2930 5486 orbis
2960 5439 3258 5504 terrarum,
3304 5433 3514 5499 ἐπιτομὴ

1929 5518 2019 5569 τῆς
2063 5502 2375 5577 οἰκουμένης,
2407 5514 2464 5560 ut
2507 5502 2692 5560 scribit
2719 5504 3005 5577 Athenaeus
3031 5502 3214 5577 :_or;b_is
3246 5516 3515 5577 compep—
3580 5503 3582 5506 ’

1928 5578 2095 5644 dium,
2139 5571 2522 5632 etcommunis
2552 5577 2789 5629 omnium
2823 5572 3014 5640 patria,
3046 5573 3083 5625 ι.
3113 5571 3203 5636 5'5,
3241 5571 3422 5636 Romo,
3453 5571 3511 5623 D.

1925 5649 2006 5701 Ad
2045 5643 2338 5718 munirip.:
2376 5647 2632 5700 Romanm
2680 5655 2854 5698 tamen
2902 5643 3132 5695 civitatis
3182 5644 3252 5718 ita
3302 5644 3514 5718 demum

1927 5722 2074 5786 sequi
2107 5712 2339 5788 oportet,
2368 5720 2413 5772 si
2445 5734 2550 5772 non
2580 5719 2648 5771 sit
2675 5722 2984 5785 corruptum
3010 5712 3435 5788 egemplnm._Et
3458 5720 3518 5766 ut

1928 5784 2202 5856 eleganter
2222 5788 2515 5843 Proculus:
2536 5788 2648 5840 Non
2675 5795 2783 5838 tam
2807 5784 3306 5856 spectandumquid
3331 5784 3514 5838 Romae

1930 5853 2123 5913 factum
2154 5860 2245 5924 sit,
2293 5873 2452 5928 quam
2479 5857 2622 5927 quod
2665 5857 2778 5912 fieri
2806 5853 3021 5926 debeat,
3051 5855 3086 5909 ι.
3121 5853 3209 5922 12,
3239 5854 3346 5912 Sed
3373 5857 3510 5919 licet,

1930 5930 1990 5984 D.
2016 5929 2094 5985 De
2123 5931 2255 6000 o/ﬁc.
2287 5931 2496 5999 praes-id.
2529 5929 2689 5985 Fons.
