3998 6344
477 302 583 359 785

1706 305 1779 362 Μ.
1819 299 2098 361 AURELII
2132 302 2533 365 CASSIODORI

3645 318 3761 379 ’184

546 420 820 496 afﬁgentes
837 418 1011 474 titulos
1025 419 1234 475 nomine
1249 420 1471 496 publica.
1494 418 1551 496 1’3.
1570 420 1768 496 Contra
1781 421 2067 496 obtinentes
2098 423 2153 484 Α
2173 430 2433 491 quantum
2460 429 2817 495 praesumptor
2841 424 3108 495 potuisset
3134 424 3327 496 addici,
3358 426 3415 484 in
3442 432 3759 490 auctoribus

547 491 733 563 callide
754 499 802 544 et
838 507 1071 563 peruerse
1108 493 1414 545 sententiam
1443 492 1753 563 prinfipum.
1782 493 1836 546 4.
1865 492 2059 546 Contra

545 560 845 616 dividentes
866 560 1035 615 aliena
1068 560 1512 616 matrimonia.
1546 560 1737 618 Contra
1766 563 2058 617 adulteros.

546 629 599 704 εἰ.
646 631 837 704 Contra
882 648 968 686 eos
1009 634 1094 704 qui
1138 632 1334 687 duabus
1376 634 1626 688 uxoribus
1659 634 2058 704 copulabanlur.

545 701 597 757 7.
641 700 834 757 Contra
875 700 1268 757 concubinarios
1312 712 1359 757 et
1390 700 1730 758 concubinas.
1770 705 1840 763 8.,
1865 703 2063 757 Contra

543 789 629 828 eos
659 774 746 845 qui
775 783 969 845 terrore
996 774 1303 829 donationes
1331 772 1726 845 extorquebant.
1754 773 1819 845 79.
1870 774 2063 829 Contra

543 844 829 914 maleﬁcos.
874 843 961 897 10.
1014 845 1208 899 Contra
1252 843 1559 899 homicidas.
1610 845 1693 898 ll.
1738 844 1932 899 Contra
1976 861 2062 898 eos

543 916 631 984 qui
673 915 730 967 in
772 931 879 986 una
925 930 1084 986 causa
1112 916 1348 986 secundo
1401 933 1433 969 a
1472 916 1735 986 judicibus
1781 916 2063 969 ordinariis

543 983 1046 1055 provocabanttii.
1094 985 1287 1040 Contra
1314 983 1589 1041 violatores
1627 987 1913 1042 edictorum
1956 995 2064 1039 tant

543 1054 706 1125 ipsius
735 1071 889 1126 quam
916 1054 1239 1110 Theoderici.

559 1148 719 1220 150
766 1146 995 1203 Provide
1042 1148 1281 1204 decrevit
1324 1149 1615 1221 antiquitas
1658 1149 2064 1204 universitatem

475 1230 670 1287 edictis
697 1229 1039 1299 generalibus
1068 1230 1373 1297 admoneri,
1428 1245 1527 1301 per
1570 1245 1689 1302 quae
1718 1239 1774 1285 et
1810 1230 2066 1285 delictum

474 1335 637 1377 omne
664 1319 969 1388 corrigitur,
1012 1328 1068 1375 et
1106 1320 1416 1376 excedentis
1455 1321 1778 1377 verecundia
1808 1337 1917 1376 non
1945 1335 2069 1390 gra-

476 1422 650 1468 vatur.
703 1410 897 1466 Cuncti
936 1410 1079 1466 enim
1119 1410 1220 1467 sibi
1255 1411 1524 1466 aestimant
1550 1412 1685 1479 dici,
1731 1412 1822 1467 ubi
1864 1412 2068 1466 nullum

474 1513 694 1561 constat
720 1504 952 1576 exponi;
984 1512 1041 1559 et
1067 1503 1256 1559 similis
1284 1504 1344 1559 fit
1372 1505 1676 1574 innocenti,
1706 1519 1866 1575 quem
1895 1504 2070 1559 conti-

474 1597 616 1666 gerit
641 1596 741 1652 sub
769 1596 1148 1652 communione
1173 1595 1411 1667 purgari.
1461 1594 1599 1652 Hinc
1636 1603 1693 1652 et
1722 1604 1907 1651 nostra
1940 1610 2069 1651 vere

479 1689 654 1759 pietas
681 1688 999 1756 custoditur,
1033 1688 1159 1744 dum
1186 1687 1377 1744 feriato
1402 1688 1580 1759 gladio
1607 1689 1846 1744 nascitur
1870 1697 2066 1753 metus,

476 1791 534 1838 et
555 1780 804 1852 provenit
822 1781 940 1837 sine
959 1796 1153 1836 cruore
1172 1782 1461 1837 correctio.
1488 1780 1905 1837 Commovemur
1924 1782 2069 1838 enim

477 1871 714 1941 placati;
761 1872 1033 1927 minamur
1073 1872 1273 1939 otiosi;
1322 1881 1378 1927 et
1422 1873 1719 1928 clementer
1766 1873 2064 1940 irascimur,

479 1963 697 2033 quando
731 1964 860 2020 vitia
888 1964 1005 2019 sola
1034 1964 1369 2021 damnamus.
1422 1964 1523 2020 Diu
1549 1973 1631 2021 est
1658 1964 1803 2034 quod
1830 1966 2071 2021 diverso-

479 2070 599 2110 rum
642 2056 878 2125 querela:
906 2057 1107 2112 nostris
1135 2057 1353 2112 auribus
1377 2057 1583 2112 crebris
1611 2057 2070 2113 susurrationibus

482 2147 837 2214 insonarunt,
900 2149 1163 2218 quosdam
1210 2150 1469 2206 civilitate
1513 2150 1769 2221 despecta
1818 2149 2073 2207 atiectare

479 2240 667 2295 vivere
687 2239 921 2295 belluina
944 2240 1179 2307 saevitia;
1205 2241 1334 2296 dum
1355 2242 1586 2311 regressi
1605 2242 1671 2296 ad
1692 2253 1903 2311 agreste
1924 2244 2076 2314 prin-

480 2337 712 2407 cipium,
759 2338 849 2408 jus
889 2338 1183 2394 humanum
1212 2339 1313 2395 sibi
1354 2340 1626 2395 aestimant
1652 2340 1890 2397 feraliter
1916 2334 2071 2399 odio-

481 2442 621 2482 sum.
654 2428 805 2495 Quos
827 2444 972 2485 nunc
992 2438 1117 2500 apte
1133 2429 1495 2500 judicavimus
1517 2434 1983 2503 comprimendos;
2015 2444 2075 2491 ut

482 2534 552 2576 eo
573 2528 818 2591 tempore
844 2521 1061 2576 inimica
1086 2522 1241 2578 bonis
1265 2524 1508 2581 moribus
1530 2525 1755 2579 crimina
1784 2541 2076 2595 persequa-

481 2630 622 2682 mur,
672 2628 780 2685 quo
810 2616 1057 2672 hostibus
1082 2618 1392 2688 reipublicae
1420 2618 1601 2674 divina
1626 2620 1825 2675 virtute
1864 2620 2074 2676 resisti-

479 2722 621 2762 mus.
660 2704 953 2779 Utrumque
989 2709 1207 2778 quidem
1236 2710 1489 2776 noxium,
1535 2720 1826 2781 utrumque
1867 2712 2077 2781 pellen-

479 2798 648 2866 dum;
693 2799 789 2855 sed
833 2808 985 2856 tanto
1032 2801 1249 2871 gravius
1300 2810 1613 2869 grassantur
1663 2804 1813 2870 vitia,
1872 2812 2077 2873 quanto

482 2890 652 2960 magis
680 2890 979 2961 probantur
1022 2892 1253 2947 interna.
1288 2890 1466 2947 Unum
1494 2894 1760 2949 recumbit
1786 2895 1842 2949 in
1879 2895 2073 2951 altero.

481 2984 715 3043 Facilius
740 2987 938 3058 quippe
967 2987 1307 3043 inimicorum
1346 2988 1492 3046 acies
1532 2989 1749 3059 cadunt,
1798 2991 1845 3047 si
1887 3000 2101 3047 nostro

482 3091 599 3134 aevo
628 3077 825 3134 delicta
852 3079 1217 3136 subducimus.

556 3169 607 3223 1.
641 3169 876 3226 Primum
921 3172 1160 3228 humano
1201 3175 1387 3242 generi
1432 3174 1650 3231 noxiam
1697 3176 2072 3247 pervasionem
2101 3207 2148 3271 Ο

486 3261 609 3332 (sub
636 3276 743 3331 qua
771 3278 873 3318 nec
901 3263 1005 3318 dici
1034 3272 1215 3333 potest
1243 3265 1491 3333 civilitas,
1523 3281 1624 3321 nec
1669 3266 1888 3338 haberi)
1919 3283 2076 3323 seve-

484 3354 647 3408 ritate
695 3354 895 3425 legum,
950 3363 1005 3409 et
1058 3363 1242 3411 nostra
1298 3356 1665 3428 indignatione
1711 3359 2072 3414 damnamus:

484 3452 786 3501 statuentes
814 3454 874 3500 ut
901 3446 1108 3501 sanctio
1136 3446 1245 3501 divi
1282 3447 1642 3503 Valentiniani
1670 3450 1951 3505 adversum
1981 3466 2077 3507 eos

484 3534 577 3589 diu
602 3535 834 3605 pessime
862 3537 1112 3605 neglecta
1141 3545 1450 3607 consurgat,
1480 3547 1505 3575 ι
1525 3539 1618 3607 qui
1646 3538 1843 3609 praedia
1872 3540 2076 3595 urbana

484 3625 572 3679 vel
612 3626 833 3693 rustica,
881 3626 1138 3697 despecto
1173 3625 1312 3695 juris
1359 3628 1569 3699 ordine,
1619 3644 1717 3699 per
1743 3645 1802 3685 se
1842 3646 2077 3700 suosque

484 3720 943 3789 praesumpserint,
968 3721 1192 3791 expulso
1207 3736 1540 3791 possessore,
1562 3723 1827 3779 violenter
1842 3725 2073 3793 intrare;

486 3829 586 3869 nec
633 3812 832 3883 aliquid
860 3812 926 3868 de
956 3812 1073 3882 ejus
1101 3813 1436 3869 districtione
1477 3815 1787 3870 detestabili
1827 3816 2076 3871 volumus

486 3905 886 3976 temperatione
913 3905 1147 3975 mitigari
1181 3924 1193 3959 :
1228 3907 1449 3977 insuper
1494 3906 1750 3963 addentes
1778 3915 1838 3963 ut
1866 3909 1911 3963 si
1956 3909 2077 3978 quis

486 3996 842 4065 ingenuorum
872 3997 939 4051 ad
968 3996 1403 4052 satisfaciendum
1432 3998 1535 4067 legi
1562 4000 1805 4070 superius
1844 3999 2077 4055 deﬁnitae

480 4086 708 4143 idoneus
738 4103 847 4144 non
875 4087 1121 4156 habetur,
1172 4088 1562 4159 deportationis
1606 4092 1854 4161 protinus
1896 4093 2072 4161 subja-

480 4187 601 4234 ceat
629 4179 820 4235 ultioni
846 4197 859 4232 :
885 4179 1011 4249 quia
1041 4180 1161 4251 plus
1186 4180 1372 4236 debuit
1396 4182 1641 4251 cogitare
1681 4182 1803 4253 jura
1833 4183 2071 4254 publica,

480 4270 574 4340 qui
616 4286 676 4326 se
706 4280 934 4327 noverat
970 4271 1099 4327 alibi
1123 4288 1235 4328 non
1262 4288 1424 4343 posse
1464 4274 1734 4330 sustinere
1759 4273 2071 4330 vindictam.

478 4359 700 4418 Judices
718 4364 881 4433 igitur
902 4372 1297 4435 competentes,
1329 4365 1396 4419 ad
1422 4379 1560 4435 quos
1580 4372 1763 4436 potest
1783 4365 2074 4421 admissum

478 4453 685 4510 facinus
707 4455 997 4525 pertinere,
1022 4456 1089 4525 si,
1110 4456 1413 4513 invasorem
1432 4472 1556 4513 cum
1570 4458 1777 4527 possint
1797 4472 2072 4525 amovere,

477 4544 798 4615 pertulerint
828 4552 1022 4601 tenere
1060 4554 1405 4617 praesumpta,
1456 4554 1513 4603 et
1538 4546 1721 4618 adepti
1748 4548 1942 4617 singuli
1970 4549 2070 4605 bo-

2168 520 2345 569 tamen
2368 512 2621 570 facinoris
2640 516 2976 572 manentibus
2999 519 3324 576 constitutis.
3379 520 3537 588 Quod
3562 524 3609 579 si
3636 528 3760 596 quis

2167 602 2222 658 in
2252 611 2457 658 tantam
2488 612 2731 674 raptatus
2760 608 3079 676 amentiam,
3110 611 3388 681 tyrannico
3417 613 3611 682 spiritu
3649 614 3760 685 juri

2167 694 2381 765 publico
2403 710 2596 764 parere
2618 696 2929 766 neglexerit,
2958 700 3269 773 viribusque
3290 714 3596 774 praepotens
3617 706 3760 779 [Ac.,

2166 784 2534 857 praeposteris]
2564 784 2818 842 destinati
2866 788 3029 844 oflicii
3079 794 3344 862 spreverit
3389 795 3722 865 paucitatem
3742 839 3761 865 ,

2167 874 2437 932 relatione
2461 876 2658 946 judicis
2696 879 2895 937 nostris
2921 881 3139 938 auribus
3180 884 3434 941 notabilis
3461 886 3762 958 iugantur,

2169 974 2228 1021 ut
2274 967 2477 1023 indulta
2523 972 2873 1029 exsecutione
2920 973 3185 1044 sajonum,
3239 976 3503 1033 ultionem
3551 981 3761 1036 sentiat

2167 1058 2365 1128 vigoris
2395 1060 2561 1131 regii,
2592 1064 2685 1133 qui
2712 1064 2935 1121 obedire
2967 1066 3142 1122 noluit
3168 1069 3455 1138 cognitori.

2241 1170 2302 1225 2.
2333 1169 2401 1226 Et
2426 1172 2552 1242 quia
2582 1176 2807 1231 summis
2850 1177 3181 1249 principibus
3220 1178 3355 1249 juris
3379 1182 3763 1239 communione

2168 1264 2454 1321 vivendum
2483 1276 2585 1334 est,
2629 1269 2675 1323 si
2704 1270 2844 1340 quis,
2881 1269 2905 1307 ι’
2937 1270 3115 1339 legum
3146 1272 3335 1328 ordine
3374 1276 3761 1345 praetermisso,

2171 1355 2390 1411 nomine
2416 1358 2632 1427 publico
2662 1359 2847 1415 titulos
2877 1361 3279 1431 praesumpserit
3305 1362 3543 1431 affigere,
3573 1365 3629 1418 in
3653 1373 3763 1418 tan-

2172 1453 2285 1503 tum
2314 1449 2608 1519 possidenti
2635 1449 2728 1505 ﬁat
2755 1451 3041 1519 obnoxius,
3074 1460 3331 1523 quantum
3360 1455 3567 1509 sanctio
3596 1470 3761 1525 supc-

2171 1540 2282 1596 rius
2329 1552 2628 1598 memorata
2675 1552 2922 1599 testatur.
2975 1544 3167 1601 Merito
3210 1545 3353 1600 enim
3394 1555 3451 1602 et
3494 1548 3761 1616 sacrilegii

2170 1648 2331 1705 ptena
2360 1636 2689 1706 percellitur,
2743 1639 2834 1708 qui
2862 1638 3048 1708 iniquo
3091 1650 3113 1678 ο
3148 1639 3479 1709 pervasionis
3523 1642 3762 1710 pondere

2172 1740 2334 1781 ausus
2361 1734 2444 1782 est
2471 1727 2806 1797 majestatem
2838 1728 2971 1799 regii
3001 1729 3233 1784 nominis
3277 1729 3579 1799 ingravare.
3629 1729 3761 1784 Litis

2099 1821 2147 1882 B
2172 1836 2387 1891 quoque
2433 1837 2700 1893 expensas
2733 1822 2935 1892 judicio
2981 1835 3264 1893 superatus
3306 1823 3591 1880 exsolvat:
3617 1824 3761 1891 quod

2171 1913 2298 1968 hinc
2317 1914 2514 1969 dantur
2542 1914 2778 1969 fomenta
2804 1914 3137 1970 detestabilis
3161 1914 3321 1983 jurgii
3339 1953 3355 1980 ,
3385 1929 3510 1969 cum
3530 1914 3759 1983 improbi

2172 2006 2463 2061 vincuntur
2512 2006 2700 2074 illaesi;
2752 2023 2853 2063 nec
2879 2008 3027 2063 dolet
3062 2009 3510 2065 calumniantibus
3538 2007 3761 2079 pudoris

2172 2099 2449 2169 damnum,
2478 2099 2525 2154 si
2550 2100 2821 2155 evaserint
2843 2099 3121 2171 diSpendia
3145 2099 3480 2156 facultatum.

2245 2212 2296 2267 3.
2329 2209 2386 2266 Si
2424 2212 2542 2280 quis
2569 2220 2752 2269 autem
2779 2212 2846 2268 de
2887 2214 3085 2270 nostris
3112 2213 3327 2269 scriniis
3352 2213 3557 2283 aliquid
3586 2213 3760 2270 credi-

2174 2302 2312 2359 derit
2334 2304 2777 2373 promovendum,
2807 2306 3113 2362 adversario
3135 2323 3251 2370 suo,
3265 2308 3526 2377 quantum
3542 2307 3610 2361 ad
3631 2322 3760 2362 cau-

2175 2410 2289 2450 sam
2324 2396 2442 2465 ejus
2470 2398 2727 2467 pertinet,
2770 2398 2837 2454 de
2866 2408 3153 2455 consecuta
3180 2399 3312 2475 [Με.
3353 2410 3408 2455 et
3448 2400 3576 2467 Ac.,
3626 2415 3760 2455 con-

2179 2485 2354 2558 sueta]
2380 2488 2522 2544 serie
2543 2490 2846 2560 jussionum
2874 2491 3007 2546 nihil
3035 2492 3263 2547 aestimet
3290 2493 3757 2564 supprimendum:

2176 2581 2234 2637 ni
2273 2581 2481 2652 fecerit,
2527 2593 2713 2641 careat
2746 2586 3080 2657 impetratis;
3111 2589 3197 2644 vel
3242 2589 3287 2643 si
3325 2589 3545 2658 aliquod
3587 2606 3657 2645 ex
3697 2605 3760 2645 eo

2177 2690 2338 2746 agere
2376 2680 2696 2745 tentaverit,
2745 2680 3091 2738 nihilominus
3136 2682 3402 2738 habeatur
3448 2681 3756 2747 infirmum;

2175 2770 2301 2837 quia
2341 2768 2463 2824 illos
2491 2770 2637 2825 solos
2664 2770 2910 2826 volumus
2940 2773 3018 2827 uti
3046 2771 3322 2829 beneﬁciis
3359 2774 3594 2840 nostris,
3628 2788 3759 2843 quos

2176 2874 2286 2915 non
2328 2861 2700 2930 cognoscimus
2727 2862 2946 2918 studere
2972 2864 3238 2920 versutiis.

2247 2975 2301 3029 4.
2354 2975 2455 3043 Qui
2502 2978 2751 3033 suasione
2800 2978 3084 3049 plectenda
3132 2978 3477 3035 matrimonia
3526 2979 3762 3036 dividere

2177 3066 2366 3122 nititur
2394 3068 2777 3138 aliena,ipsius
2793 3068 3099 3140 conjugium
3127 3070 3389 3127 habeatur
3416 3071 3681 3137 illicitum;
3705 3079 3763 3125 ut

2179 3161 2348 3230 magis
2376 3162 2664 3231 contigisse
2684 3164 2881 3218 sentiat
2906 3164 3024 3229 sibi,
3056 3164 3199 3233 quod
3226 3164 3278 3218 in
3294 3166 3475 3220 altero
3504 3167 3764 3236 malignus

2177 3267 2435 3308 exercere
2464 3255 2709 3308 tentavit.
2752 3254 2809 3309 Si
2840 3271 2969 3309 vero
3000 3271 3100 3325 pro
3128 3255 3600 3325 conjunctionibus
3628 3259 3759 3312 cha-

2176 3345 2338 3399 ritate
2407 3345 2648 3415 privatur
2671 3372 2701 3409 ,-
2742 3344 2980 3400 futurum
3037 3346 3436 3401 matrimonium
3496 3347 3572 3401 illi
3634 3347 3763 3415 jure

2178 3435 2506 3504 denegamus
2549 3452 2563 3488 :
2609 3435 2734 3505 quia
2776 3451 2885 3490 non
2936 3444 3175 3491 meretur
3207 3436 3397 3506 jugalis
3439 3439 3765 3491 reverentiae

2177 3527 2397 3598 praemia
2433 3529 2707 3596 consequi,
2740 3526 2833 3595 qui
2872 3528 2923 3581 in
2952 3527 3175 3596 genialis
3233 3530 3337 3584 tori
3382 3543 3542 3583 ausus
3568 3539 3658 3584 est
3683 3528 3767 3583 di-

2180 3610 2666 3687 visione‘grassari.
2719 3618 2823 3674 Sed
2855 3634 2923 3674 ne
2953 3619 3162 3688 aliquos
3189 3619 3348 3690 hujus
3373 3620 3596 3676 sceleris
3641 3635 3765 3675 reos

2178 3710 2313 3765 ultio
2354 3719 2537 3766 nostra
2576 3710 2940 3780 derelinquat,
2991 3710 3114 3766 illos
3141 3727 3277 3781 quos
3317 3725 3442 3781 spes
3469 3727 3577 3765 non
3606 3711 3765 3765 habet

2179 3803 2463 3873 praasentis
2484 3801 2748 3871 conjugii,
2776 3803 2864 3858 vel
2889 3802 3084 3869 futuri,
3118 3804 3163 3857 si
3185 3802 3311 3873 quid
3334 3803 3387 3857 in
3410 3803 3617 3856 alienos
3643 3804 3731 3857 tha
3748 3831 3763 3842 -

2179 3892 2352 3948 lamos
2390 3893 2577 3947 dolosa
2608 3893 3008 3948 machinatione
3050 3892 3512 3963 praesumpserint,
3544 3891 3764 3946 faculta-

2179 3992 2291 4038 tum
2321 4000 2539 4039 suarum
2581 3985 2758 4039 media
2789 3985 3041 4055 portione
3088 3962 3386 4055 privEntur,
3440 3985 3623 4039 statim
3653 3982 3763 4039 ﬁsci

2174 4074 2384 4143 juribus
2431 4075 2763 4145 applicanda.
2797 4076 2853 4130 Si
2896 4092 3024 4133 vero
3046 4078 3369 4148 prohibente
3413 4080 3673 4150 pauperie
3710 4079 3762 4132 in

2179 4168 2482 4241 aliquorum
2510 4171 2807 4226 substantia
2831 4173 3099 4242 nequierit
3121 4171 3409 4240 vindicari,
3439 4188 3599 4242 pcena
3626 4172 3765 4227 rele-

2178 4273 2372 4334 gentur
2402 4265 2606 4320 exsilii:
2633 4280 2721 4335 ne,
2751 4265 2896 4336 quod
2917 4265 3064 4320 dictu
3092 4263 3243 4321 nefas
3269 4276 3373 4334 est,
3389 4265 3514 4320 ideo
3542 4266 3762 4320 videan-

2179 4364 2267 4411 tur
2291 4358 2765 4413 comminationem
2788 4358 2925 4428 juris
2945 4358 3144 4428 publici
3168 4357 3422 4426 evadere,
3466 4360 3595 4429 quia
3625 4360 3764 4415 vilis-

2178 4447 2324 4503 sima:
2380 4456 2677 4505 noscuntur
2732 4449 3012 4519 subjacere
3060 4448 3308 4505 fortunae.
3359 4447 3465 4505 Sed
3534 4450 3653 4505 haec
3697 4450 3761 4504 de

2179 4545 2622 4600 sollicitatoribus
2649 4545 2871 4601 affectus
2899 4544 3063 4599 alieni
3094 4544 3267 4615 pietas
3292 4553 3478 4600 nostra
3502 4543 3757 4599 decrevit.

477 4596 615 4693 bore
640 4635 938 4707 priventur,
969 4645 1026 4693 et
1053 4596 1186 4695 fisco
1214 4596 1799 4694 nostrottantumrfiant
1823 4596 2065 4707 obnoxii,
2096 4596 2152 4657 Β
2244 4635 2300 4691 5.
2331 4634 2596 4693 Caeterum
2626 4638 2681 4692 in
2705 4637 2962 4693 adulteris
2984 4596 3161 4693 toturm
3181 4637 3576 4695 districtissime
3614 4637 3761 4693 volu-

548 4801 576 4832 ι
602 4791 739 4868 Yide
767 4793 912 4868 l._Si
940 4797 1053 4867 quis
1079 4798 1136 4853 in
1164 4803 1383 4852 tantam.
1412 4791 1547 4849 Cod.
1576 4791 1786 4849 Theod.
1829 4792 1910 4851 De
1936 4796 2003 4863 vi,
2037 4795 2067 4868 ᾗ

476 4862 567 4920 68.
592 4861 696 4920 Gn.
728 4873 785 4920 et
812 4863 934 4922 Cm.

544 4936 571 4974 δ
598 4935 778 4992 Solius
806 4936 920 4993 ﬁsci
950 4945 1033 4994 est
1060 4937 1248 4993 titulos
1292 4935 1481 4991 alienis
1512 4933 1725 5005 praediis
1754 4935 2064 5006 imponere;

472 5021 576 5062 nec
614 5006 741 5063 licet
786 5009 1018 5078 privato,
1048 5008 1274 5078 velsuis
1320 5007 1483 5078 rebus
1520 5006 1906 5075 potentiorum,
1936 5009 2068 5063 alie-

477 5078 631 5133 nisve
657 5077 908 5149 proprios
946 5087 1041 5133 aut
1067 5077 1311 5147 publicos
1339 5077 1618 5149 imponere
1643 5078 1847 5143 titulos,
1881 5078 2068 5148 impri-

477 5163 627 5203 mere
653 5147 826 5219 sign’a,
866 5150 1194 5219 suSpendere
1219 5148 1365 5216 regia
1397 5147 1531 5213 vela,
1573 5149 1703 5215 sive,
1736 5157 1794 5203 ut
1834 5147 2066 5205 Ambro-

473 5219 586 5275 sius
618 5219 896 5290 loquitur,
937 5218 1173 5275 cortinas
1195 5219 1428 5290 regias:
1489 5234 1595 5287 qua
1643 5218 1709 5274 de
1744 5228 2067 5290 reﬂexstant

472 5289 630 5344 multi
656 5289 761 5345 loci
783 5291 838 5344 in
852 5289 1088 5345 Novellis
1115 5297 1170 5343 et
1190 5289 1241 5343 in
1258 5289 1455 5345 Codice
1472 5306 1486 5355 ;
1509 5289 1800 5359 quinetiam
1817 5289 2065 5346 Ecclesiae

470 5360 750 5431 titulorum
799 5361 1069 5431 impositio
1107 5359 1444 5415 interdicitur
1489 5361 1695 5431 synodo
1735 5377 1763 5414 a
1804 5359 2064 5430 Gregorio

466 5428 714 5502 Mauricii
758 5428 984 5500 Augusti
1015 5442 1253 5502 tempore
1282 5431 1460 5485 habita
1486 5448 1498 5483 :
1520 5428 1561 5484 'a
1595 5430 1725 5502 ﬁsco
1755 5428 2063 5499 igitur—solo

464 5500 588 5569 jure
628 5501 999 5571 imponuntur,
1029 5500 1276 5557 videlicet
1317 5510 1534 5565 testato,
1566 5501 1807 5571 publicis,
1822 5503 2062 5569 personis

468 5570 827 5643 praesentibus
840 5581 896 5627 et
915 5574 1143 5628 solemni
1166 5573 1300 5643 juris
1317 5573 1505 5626 ordine
1525 5570 2062 5643 servato.AGregorius

470 5641 636 5719 etiam
657 5644 715 5719 in
740 5643 972 5719 quadam
1000 5641 1226 5719 epistola
1252 5644 1493 5719 queritur
1521 5641 1596 5719 de
1626 5641 1900 5719 Stephano
1926 5658 2062 5710 quo-

471 5709 596 5782 dam
622 5709 953 5782 chartulario
976 5752 991 5777 ,
1022 5709 1166 5782 quod
1194 5709 1412 5767 noinine
1443 5711 1553 5782 ﬁsci
1584 5712 1702 5763 loca
1728 5709 2061 5782 Singulorum

472 5776 780 5851 invaderet,
792 5796 860 5851 ac
890 5776 1075 5837 titulos
1104 5786 1405 5851 imponeret
1434 5780 1635 5851 indicta
1666 5776 1846 5836 causa.
1869 5780 2058 5840 Bnoss.

553 5856 577 5884 ι
602 5845 924 5918 Pervaderc,
947 5868 1128 5921 supra,
1157 5845 1255 5909 lib.
1282 5868 1317 5919 ι,
1346 5852 1505 5921 epist.
1540 5848 1629 5918 l5,
1654 5857 1708 5906 ct
1737 5851 1869 5907 alias
1896 5867 2056 5924 saepe.

2172 4793 2512 4850 Pervasionis
2539 4795 2698 4860 actio,
2731 4794 2770 4849 l.
2800 4792 2914 4863 5,1.
2947 4794 3001 4860 6,
3033 4795 3095 4850 C.
3129 4793 3333 4849 Theod.
3366 4793 3448 4848 De
3465 4795 3684 4848 denunt.
3712 4802 3761 4847 et

2169 4867 2293 4920 edit.
2345 4868 2578 4935 rescript.
2634 4864 2841 4920 Novell.
2891 4864 3160 4935 Valentin.
3190 4864 3277 4932 i2,
3303 4864 3386 4935 _de
3430 4866 3600 4934 episc.
3634 4865 3757 4919 aud.

2170 4935 2316 4991 ldem
2369 4933 2621 4991 mendum
2670 4950 2737 4991 ex
2784 4950 2905 5004 cap.
2961 4934 3032 4989 25
3087 4935 3181 4990 lib.
3220 4951 3255 4990 v
3299 4933 3757 5005 Etymologiarum

2168 5006 2379 5078 pridem
2433 5008 2836 5068 snstuleramus,
2867 5007 3009 5078 quod
3055 5014 3236 5060 tamen
3285 5006 3339 5060 in
3388 5007 3760 5078 recentissima

2169 5076 2404 5157 editione
2432 5078 2741 5157 repetitum,
2756 5077 3056 5157 persuasio,
3083 5090 3182 5145 pro
3204 5078 3470 5157 pervasio,
3497 5076 3759 5157 scripturn

2170 5150 2420 5204 vidimus.
2447 5145 2587 5215 Quid
2626 5145 2774 5215 quod
2800 5154 2854 5200 et
2896 5145 3320 5215 aliisiauctorum
3350 5145 3499 5200 libris
3525 5145 3763 5201 insidet?

2169 5218 2462 5285 Vitruvius,
2513 5218 2607 5273 lib.
2645 5214 2724 5288 ix,
2767 5231 2883 5288 cap.
2923 5216 2975 5281 4,
3010 5214 3100 5271 ﬁn.
3138 5234 3151 5268 :
3206 5216 3438 5288 Singulis
3481 5216 3759 5288 mensibus

2166 5292 2249 5347 sol
2276 5292 2426 5358 signa
2477 5286 2809 5358 persuadens
2838 5286 2979 5356 (pro,
3021 5287 3526 5358 pervadens)auget
3572 5287 3759 5358 etimi-

2166 5362 2283 5417 nuit
2311 5355 2520 5415 dierum
2549 5367 2605 5415 et
2624 5355 2876 5413 horarum
2917 5358 3110 5427 spatia.
3141 5355 3761 5427 SalvianusMassilien-

2166 5433 2240 5487 sis
2268 5432 2568 5501 episcopus,
2596 5430 2687 5484 lib.
2719 5444 2770 5484 tv
2795 5427 2864 5482 de
2893 5426 3253 5501 Providentia,
3302 5428 3391 5482 ubi
3421 5426 3654 5481 divitum
3678 5442 3753 5481 ra-

2205 5498 2319 5557 inas
2364 5498 2642 5570 increpat,
2692 5498 3125 5570 persuasionibus
3172 5507 3565 5570 praepotentum
3592 5537 3608 5559 ,
3653 5506 3758 5570 etc.

2205 5519 2319 5557 mas
2364 5519 2608 5570 Increpat
2628 5539 2642 5564 ,
2692 5519 3125 5568 ρθτδιιειδιυηιυυδ
3173 5519 3565 5567 ριωροιθιιιιιω
3592 5537 3608 5559 ι,
3653 5519 3758 5552 εις.

2165 5519 2437 5643 fdemque,
2469 5572 2642 5643 libsv,
2670 5570 2751 5624 bis
2778 5569 2970 5625 eodem
2999 5569 3167 5643 verbo
3194 5570 3334 5643 citra
3365 5568 3623 5643 mendum
3656 5569 3760 5622 uti—

2165 5653 2272 5707 tur,
2305 5637 2680 5713 pervasoribus
2729 5639 3255 5713 et‘pervasionibus.‘
3293 5637 3489 5693 Euseb.
3541 5651 3762 5713 quoque

2165 5708 2492 5778 Emissenus,
2516 5712 2705 5767 homil.
2738 5708 2832 5780 li,
2856 5711 2924 5766 de
2948 5708 3154 5765 Pascha
3178 5727 3191 5764 :
3223 5708 3578 5765 Pervasorem
3604 5709 3763 5763 dere-

2166 5784 2378 5910 }i‘nquit,
2410 5791 2655 5840 remanet
2695 5782 2887 5855 praedae
2913 5781 3191 5852 deceptus,
3219 5788 3274 5838 et
3298 5789 3487 5852 raptor
3513 5780 3757 5837 orbatus.

2210 5870 2333 5909 orm.
3240 5898 3269 5909 ..
3746 5902 3755 5909 .

2210 5870 2333 5909 ORN.
3240 5898 3269 5909 ,.
