4006 6452
181 339 317 398 785

1555 345 1912 406 VARIARUM
1949 348 2156 408 LIBER
2190 352 2285 411 1X.

3437 361 3546 421 786

185 471 332 550 mus
367 458 691 528 custodiri,
721 460 982 534 quidquid
1008 461 1169 520 divali
1209 461 1389 535 potuit
1414 464 1844 522 commonitione
1871 466 1925 528 Α
1945 466 2158 524 ratione
2185 467 2424 542 ﬁrmata,
2467 478 2524 528 et
2548 472 2756 531 usualia
2796 475 2919 547 jura
2963 478 3198 550 publica,
3250 480 3353 540 sub
3394 489 3547 545 omni

187 549 481 608 decerni.

272 639 337 696 6.
378 640 527 701 Uno
552 651 797 718 tempore
819 647 1026 706 duabus
1047 663 1210 705 nemo
1235 648 1520 719 copuletur
1544 647 1841 705 uxoribus:

189 733 338 805 quia
362 749 436 792 se
460 737 687 794 noverit
707 754 888 797 rerum
906 757 1124 797 suarum
1145 740 1440 798 amissione
1468 741 1841 812 plectendum.

190 826 351 881 Nam
386 836 501 883 aut
533 829 700 887 libido
729 840 831 900 est,
861 842 916 889 et
943 841 1092 890 recte
1118 833 1318 904 perfrui
1345 849 1454 890 non
1479 833 1674 888 sinitur
1699 850 1713 887 :
1745 840 1843 888 aut

193 919 539 990 cupiditas,
560 931 618 979 et
637 923 760 993 jure
787 924 1030 981 nuditate
1051 924 1354 980 damnatur.

280 1014 338 1069 7.
379 1013 449 1071 Si
485 1019 616 1086 quis
642 1026 824 1074 autem
849 1019 1119 1091 superﬂua
1149 1020 1400 1090 turpique
1427 1018 1680 1089 cupidine
1710 1033 1847 1075 con-

189 1102 389 1175 jugali
449 1106 758 1164 honestate
805 1107 1088 1180 despecta,
1144 1111 1213 1165 ad
1256 1108 1576 1165 concubina:
1620 1108 1847 1178 elegerit

195 1196 416 1253 venire
449 1199 818 1269 complexus:
843 1202 886 1256 si
916 1200 1148 1272 ingenua
1179 1200 1367 1268 fuerit,
1407 1201 1538 1272 jugo
1567 1201 1846 1258 servitutis

199 1303 339 1345 cum
377 1289 527 1347 ﬁliis
553 1292 666 1349 suis
689 1292 865 1348 modis
889 1293 1140 1350 omnibus
1168 1293 1450 1349 addicatur
1472 1295 1658 1360 uxori;
1689 1301 1750 1348 ut
1770 1293 1846 1350 illi

199 1396 268 1438 se
297 1398 416 1453 per
449 1383 691 1440 honesta
716 1385 918 1454 judicia
947 1386 1147 1442 sentiat
1171 1385 1351 1453 subdi,
1373 1386 1460 1442 cui
1483 1401 1582 1456 per
1605 1384 1847 1441 illicitam

205 1472 370 1546 με..
424 1476 763 1548 pollicitum]
807 1477 1083 1532 libidinem
1127 1478 1355 1534 credidit
1399 1492 1558 1549 posse
1584 1477 1844 1548 prteponi.

203 1566 384 1635 Quod
409 1569 464 1624 si
499 1569 568 1625 ad
598 1571 704 1626 tale
732 1570 995 1640 ﬂagitium
1024 1572 1220 1628 ancilla
1257 1572 1586 1642 pervenerit,
1620 1580 1847 1642 excepta

201 1674 389 1729 poena
437 1663 744 1730 sanguinis,
786 1662 1072 1717 matronali
1100 1662 1378 1732 subjaceat
1423 1662 1647 1729 ultioni;
1675 1669 1738 1717 ut
1777 1661 1846 1716 il-

206 1751 326 1806 lam
357 1753 617 1824 patiatur
637 1752 896 1824 judicem,
937 1769 1101 1824 quam
1121 1752 1414 1810 formidare
1441 1753 1718 1809 debuisset
1743 1751 1842 1808 ab-

207 1850 475 1897 sentem.

289 1935 354 1990 8.
408 1935 754 1992 Donationes
795 1934 996 1991 nullius
1043 1942 1221 1990 terror
1267 1942 1634 2004 extorqueat:
1665 1933 1847 1990 nullus

208 2030 532 2099 acquirere
572 2044 670 2100 per
717 2026 993 2094 fraudem,
1017 2026 1105 2082 vel
1135 2025 1523 2082 exsecrabilem
1571 2024 1847 2081 lasciviam

207 2123 614 2193 concupiscat.
649 2121 777 2177 Sola
799 2121 942 2176 enim
964 2121 1223 2176 honestas
1252 2120 1447 2176 merito
1467 2121 1614 2190 capit
1641 2120 1845 2175 lucrum

208 2212 288 2270 de
313 2215 565 2284 legibus.
588 2214 648 2270 In
670 2214 1048 2284 allegationem
1073 2214 1385 2284 justissimae
1406 2213 1670 2283 largitatis
1700 2213 1846 2269 illam

211 2306 634 2361 districtionem
676 2305 926 2361 volumus
953 2305 1241 2369 custodiri,
1287 2320 1450 2375 quam
1482 2320 1581 2374 pro
1615 2305 1846 2361 veritate

211 2397 477 2453 sollicite
503 2397 690 2470 legalis
715 2399 895 2454 sanxit
922 2398 1234 2467 antiquitas.
1284 2396 1375 2454 Sic
1417 2397 1593 2465 enim,
1639 2405 1697 2452 ut
1727 2398 1843 2468 ipsa

213 2503 492 2565 testatur,
541 2504 599 2550 et
642 2494 818 2550 fraudi
858 2510 968 2550 non
1013 2495 1218 2566 patebit
1257 2494 1493 2564 occasio,
1527 2502 1582 2550 et
1628 2493 1844 2550 veritati

214 2587 410 2656 major
461 2587 658 2642 crescit
694 2588 1009 2642 auctoritas.
1062 2585 1277 2656 Alioqui
1332 2587 1464 2641 nulli
1505 2587 1844 2656 praecipimus

215 2677 405 2732 videri
431 2676 666 2742 firmum,
689 2677 836 2747 quod
860 2678 975 2747 ipse
995 2678 1265 2743 conditor,
1290 2693 1398 2732 non
1420 2677 1695 2748 implendo
1717 2692 1841 2748 quae

213 2769 380 2839 leges
410 2768 501 2823 vel
521 2767 644 2837 jura
671 2767 1014 2839 praecipiunt,
1046 2769 1172 2823 fecit
1196 2768 1480 2822 incertum.

294 2861 332 2917 9
365 2860 649 2917 Maleficos
687 2875 903 2930 quoque
927 2870 974 2925 λ,
1005 2861 1092 2914 vel
1118 2875 1214 2915 eos
1253 2861 1346 2929 qui
1373 2860 1441 2914 ab
1471 2874 1659 2915 eorum
1690 2858 1841 2914 nefa-

215 2952 321 3008 riis
353 2952 568 3007 artibus
608 2951 810 3021 aliquid
837 2950 1167 3007 crediderint
1203 2950 1606 3020 expetendum,
1661 2951 1840 3020 legum

215 3043 501 3099 severitas
527 3045 842 3114 insequatur
875 3063 888 3097 :
922 3046 1048 3115 quia
1076 3045 1298 3114 impium
1327 3051 1410 3100 est
1441 3059 1540 3099 nos
1570 3042 1676 3099 illis
1720 3059 1843 3100 esse

215 3135 514 3199 remissos,
546 3151 683 3204 quos
705 3136 940 3192 cmlestis
963 3136 1138 3207 pietas
1161 3151 1267 3191 non
1297 3136 1504 3206 patitur
1523 3135 1837 3206 impunitos.

1947 576 2232 619 censemus
2259 563 2610 621 districtionis
2637 567 2835 625 robore
2878 572 3173 642 custodiri;
3221 588 3342 645 quae
3391 584 3548 638 tanto

1948 655 2243 713 munimine
2269 670 2331 711 se
2368 664 2573 725 tegunt,
2618 667 2677 714 ut
2714 667 2899 716 nostra
2941 679 3160 734 quoque
3183 653 3546 736 jurisjurandi

1949 750 2359 820 interpositione
2396 751 2694 821 cingantur.
2745 752 2883 821 Quid
2932 771 3032 826 per
3082 757 3252 814 multa
3283 759 3546 817 discurri-

1947 842 2104 896 mus?
2131 841 2334 912 Legum
2360 843 2562 900 usualis
2589 845 2794 914 regula,
2826 855 2884 902 et
2907 858 3301 921 praeceptorum
3329 861 3547 911 nostro-

1946 949 2067 991 rum
2095 935 2333 1006 probitas
2361 936 2562 1008 ubique
2588 945 2834 994 servetur
2853 938 2905 993 ι».

2428 1067 2760 1126 EPISTOLA
2796 1069 2942 1127 XIX.

2149 1177 2375 1218 SENATUI
2413 1178 2560 1218 URBIS
2596 1179 2757 1219 ROIE
2795 1179 3170 1222 ATRALARICUS
3207 1181 3333 1222 REI.

1949 1252 2146 1330 Scribit
2172 1271 2227 1319 se
2248 1254 2473 1330 edictum
2502 1255 2771 1310 duodecim
2794 1257 3022 1330 capitum
3042 1257 3297 1330 edidisse;
3327 1267 3377 1313 et
3397 1257 3550 1330 jubet

2017 1337 2074 1403 ut
2093 1326 2148 1379 in
2165 1335 2350 1403 seriam
2373 1327 2630 1403 recitetur,
2652 1335 2700 1380 et
2723 1343 2756 1379 a
2776 1329 3021 1399 prwfecto
3039 1327 3194 1384 Urbis
3214 1347 3307 1401 per
3329 1326 3548 1403 triginta

2020 1397 2130 1450 dies
2157 1397 2284 1451 locis
2314 1395 2652 1451 celeberrimis
2681 1395 3019 1468 proponatur.

1968 1491 1972 1495 ’
2021 1487 2394 1544 Laudabilium
2438 1488 2742 1558 jussionum
2771 1505 2964 1546 causas
3000 1490 3318 1562 plerumque
3344 1492 3552 1564 prtebet

1948 1581 2320 1651 vituperabilis
2367 1596 2632 1637 excessus.
2683 1581 2911 1651 alienus,
2943 1591 3000 1638 et
3051 1585 3190 1640 miro
3237 1587 3400 1642 modo
3427 1601 3548 1643 mo-

1948 1682 2133 1729 menta
2155 1673 2376 1744 justitite
2397 1674 2464 1729 de
2493 1673 2789 1744 iniquitatis
2817 1676 3104 1731 occasione
3129 1685 3439 1733 nascuntur.
3463 1677 3550 1736 Si-

1947 1767 2023 1822 let
2052 1768 2196 1822 enim
2242 1767 2487 1838 aequitas,
2525 1768 2572 1823 si
2594 1768 2751 1839 culpa
2783 1785 2892 1825 non
2917 1768 3246 1826 vociferetur
3274 1771 3547 1840 admissa;

1873 1875 1922 1935 Β
1949 1867 2006 1915 et
2031 1857 2279 1913 feriatum
2328 1859 2556 1928 quiescit
2602 1859 2858 1931 principis
2907 1860 3203 1929 ingenium,
3256 1861 3402 1932 quod
3438 1876 3552 1917 non

1951 1952 2113 2008 fuerit
2134 1953 2315 2023 aliqua
2345 1954 2564 2024 querela
2584 1962 2958 2034 provocatum.
2981 1953 3442 2024 Conquerentium
3471 1954 3548 2010 si-

1951 2045 2168 2116 quidem
2197 2046 2420 2101 vocibus
2441 2046 2639 2114 adacti,
2662 2055 2718 2102 et
2745 2046 3106 2116 frequentium
3135 2047 3459 2118 populorum
3481 2045 3550 2102 de

1950 2139 2114 2196 rebus
2138 2139 2457 2209 quibusdam
2511 2139 2949 2210 interpellatione
2985 2139 3323 2203 commoniti,
3357 2153 3552 2195 neces-

1949 2231 2091 2287 saria
2143 2231 2383 2301 quaedam
2414 2230 2673 2285 Romanae
2701 2231 2869 2300 quieti
2896 2230 3111 2286 edictali
3147 2236 3549 2300 programmate

1948 2322 2231 2378 duodecim
2252 2322 2536 2392 capitibus,
2553 2322 2692 2377 sicut
2709 2321 2797 2392 jus
2818 2321 2976 2377 civile
2997 2322 3192 2390 legitur
3217 2320 3544 2388 institutum,

1948 2417 2006 2472 in
2026 2431 2202 2471 aevum
2229 2416 2492 2472 servanda
2516 2415 2937 2486 conscripsimus
2961 2433 2975 2468 :
3002 2429 3123 2485 qua:
3153 2413 3425 2470 custodita
3453 2427 3545 2468 re-

1947 2509 2156 2564 siduum
2191 2508 2278 2577 jus
2308 2523 2417 2563 non
2467 2507 2786 2576 debilitare,
2843 2507 2938 2562 sed
2978 2506 3160 2576 potius
3189 2504 3548 2560 corroborare

1946 2601 2249 2656 videantur.
2297 2610 2319 2638 ο
2351 2599 2476 2655 Haec
2504 2601 2558 2654 in
2583 2607 2757 2655 cretus
2788 2599 2954 2654 vestri
2982 2598 3272 2668 splendore
3315 2596 3548 2652 reciten-
3577 2587 3580 2590 ’

1949 2701 2056 2759 tur,
2089 2701 2144 2749 et
2173 2708 2271 2764 per
2314 2693 2532 2762 triginta
2557 2692 2672 2748 dies
2697 2691 2722 2728 ἀ
2747 2690 3033 2762 praefectus
3066 2691 3222 2747 Urbis
3242 2691 3377 2745 locis
3403 2688 3547 2746 cele-

1949 2787 2200 2843 berrimis
2224 2786 2386 2841 faciat
2413 2785 2641 2841 solemni
2671 2800 2824 2840 more
2867 2783 3118 2854 praponi,
3150 2790 3211 2837 ut
3253 2789 3439 2838 nostra
3467 2780 3546 2837 ci-

1948 2881 2154 2936 vilitate
2176 2879 2473 2949 recognita,
2492 2894 2616 2949 spes
2643 2878 2965 2934 truculentis
2985 2877 3224 2933 moribus
3244 2874 3539 2932 auferatur.

1948 2972 2082 3028 Nam
2112 2987 2219 3042 qua
2248 2971 2589 3044 confidentia
2618 2978 2903 3042 protervus
2933 2976 3174 3024 assumat
3217 2969 3359 3038 quod
3390 2968 3544 3039 prin-

1948 3069 2083 3139 cipis
2110 3069 2390 3136 agnoverit
2425 3068 2708 3124 damnasse
2737 3067 3116 3123 clementiam?
3151 3064 3360 3122 Redeat
3387 3080 3544 3122 amor

1946 3162 2198 3218 omnibus
2247 3160 2561 3231 disciplinae,
2591 3175 2690 3230 per
2734 3174 2895 3229 quam
2924 3167 2980 3215 et
3009 3172 3174 3230 parva
3203 3156 3541 3223 coalescunt,

219 3226 424 3294 Qualis
451 3229 596 3285 θηίῖη
622 3228 844 3286 {abuius
872 3238 977 3301 es"
1013 3229 1331 3287 creatorem
1359 3231 1483 3286 νίίθθ
1511 3231 1837 3302 relinquere»
1869 3265 1912 3324 ο
1945 3259 2001 3308 et
2051 3253 2263 3323 potiora
2293 3226 2609 3308 servantur.—
2646 3226 2774 3307 Ideo
2799 3250 2945 3306 enim
2995 3226 3264 3306 exercitus
3304 3254 3542 3315 nostros,

217 3331 277 3380 et
317 3326 479 3394 sequi
517 3327 700 3397 potius
741 3328 931 3382 mortis
975 3328 1288 3383 auctorem?
1332 3325 1530 3396 Turpis
1570 3334 1728 3381 actus
1770 3341 1838 3382 ex

221 3424 350 3473 toto
380 3417 454 3472 sit
481 3432 512 3472 a
536 3417 808 3486 judicibus
838 3418 1064 3473 alienus.
1123 3417 1296 3473 Nemo
1331 3417 1495 3472 faciat
1523 3416 1667 3487 quod
1712 3415 1837 3486 jura

223 3509 600 3566 condemnant
631 3527 647 3564 :
678 3512 804 3581 quia
855 3510 1116 3568 decretali
1163 3526 1325 3582 pinna
1366 3511 1639 3582 plectendi
1679 3517 1833 3578 sunt,

223 3604 322 3673 qui
366 3618 427 3660 se
455 3604 745 3676 prohibitis
773 3605 1086 3660 excessibus
1114 3605 1464 3660 miscuerunt.
1516 3602 1651 3670 Quid
1692 3604 1834 3659 enim

224 3693 282 3748 in
324 3695 450 3751 aliis
479 3695 767 3763 damnent,
819 3697 862 3751 si
921 3696 1022 3768 ipsi
1066 3711 1128 3752 se
1173 3697 1460 3752 inhonesta
1508 3696 1834 3764 contagione

157 3854 162 3858 ι
227 3787 680 3844 commaculent‘!
727 3787 813 3844 Sit
837 3788 1003 3845 etiam
1029 3788 1130 3845 sub
1170 3787 1428 3846 divitibus
1469 3795 1586 3844 tuta
1627 3787 1833 3845 medio-

228 3877 414 3934 critas.

301 3967 391 4023 10.
427 3967 474 4022 Α
496 3969 656 4026 caedis
686 3977 1018 4043 temperetur
1037 3969 1268 4026 insania.
1315 3971 1450 4025 Nam
1481 3971 1827 4042 praesumptio

228 4073 486 4116 manuum
530 4071 684 4118 actus
733 4065 996 4134 probatur
1023 4079 1145 4120 esse
1171 4063 1438 4119 bellorum
1461 4105 1477 4132 ,
1509 4063 1745 4118 maxime
1774 4063 1830 4119 in

229 4151 306 4206 eis
353 4168 498 4225 quos
553 4154 798 4210 tuitionis
826 4164 1028 4214 nostrae
1064 4158 1240 4212 munit
1280 4155 1593 4210 auctoritas.
1626 4153 1684 4210 Si
1712 4153 1834 4224 quis

228 4255 410 4299 autem
435 4252 626 4301 contra
645 4245 827 4304 facere
847 4248 1093 4320 improba
1132 4247 1553 4321 praesumptione
1577 4252 1824 4302 tentave-

231 4335 321 4404 rit,
352 4337 591 4394 violator
619 4349 820 4395 nostrae
843 4340 1105 4410 jussionis
1132 4341 1418 4395 habeatur.

297 4428 385 4484 ll.
446 4430 728 4502 Appellari
757 4447 790 4487 a
839 4432 1085 4502 subjecto
1126 4431 1400 4502 judicibus
1440 4429 1730 4486 ordinariis
1772 4429 1828 4485 in

227 4532 328 4573 una
354 4533 524 4575 causa
552 4521 794 4577 secundo
823 4539 931 4578 non
963 4523 1199 4593 patimur
1225 4540 1242 4577 :
1273 4538 1344 4578 ne
1382 4521 1526 4591 quod
1553 4521 1622 4575 ad
1647 4535 1825 4576 reme-

226 4605 367 4666 dium
406 4620 684 4682 repertum
711 4620 794 4668 est
823 4614 1152 4683 innocentis,
1183 4614 1393 4686 asylum
1427 4612 1826 4682 quodammodo

224 4699 474 4758 videatur
501 4720 623 4761 esse
664 4706 990 4764 criminosis.
1033 4707 1090 4763 Si
1121 4706 1242 4778 quis
1269 4721 1401 4763 vero
1427 4706 1597 4762 vetita
1626 4705 1826 4763 iterare

227 4796 532 4860 tentaverit,
564 4797 782 4868 negotio
809 4799 1053 4870 privatus
1081 4797 1359 4854 abscedat.

293 4883 378 4939 t2.
427 4884 538 4942 Sed
583 4904 673 4958 ne,
723 4905 894 4961 pauca
937 4897 1240 4961 tangentes,
1293 4889 1502 4960 reliqua
1543 4887 1824 4946 credamur

229 4974 460 5031 noluisse
505 4978 731 5050 servari,
791 4981 946 5053 151
992 4980 1175 5036 omnia
1223 4979 1401 5036 edicta
1451 4987 1560 5034 tam
1610 4987 1819 5050 nostra,

227 5079 382 5134 quam
410 5067 596 5124 domni
643 5071 729 5127 avi
756 5074 952 5140 nostri,
992 5087 1114 5144 quae
1142 5079 1268 5130 sunt
1292 5072 1588 5130 venerabili
1615 5072 1819 5129 delibe-

289 5209 316 5241 ι
347 5200 769 5279 Constantinus:
800 5207 996 5264 Caeteri
1043 5225 1181 5279 quos
1206 5209 1480 5265 maleﬁcos
1509 5209 1578 5265 ob
1609 5208 1816 5265 facino-

226 5285 336 5354 rum
367 5276 788 5354 magnitudinem
810 5280 1000 5354 vulgus
1021 5276 1274 5354 appellat,
1298 5279 1416 5354 l.A5_,
1442 5280 1503 5354 C_.
1532 5280 1609 5334 De
1631 5281 1809 5354 malef.

226 5350 270 5396 et
293 5347 567 5420 gnat/zeum,
590 5348 657 5403 de
677 5351 869 5419 quibus
890 5347 1028 5405 libro
1054 5347 1128 5420 iv,
1159 5347 1314 5420 epiSt.
1341 5350 1429 5406 22.
1463 5350 1628 5406 Fons.

293 5413 484 5487 {Vide
510 5413 717 5474 Novell.
752 5420 959 5476 Theod.
1005 5413 1144 5475 titul.
1190 5413 1279 5486 Μ,
1311 5420 1396 5476 Ne
1443 5421 1672 5487 duciani,
1705 5430 1810 5479 etc.

229 5480 602 5612 [iustiniani
636 5489 837 5560 lnstit.,
887 5491 1028 5546 titul.
1073 5492 1141 5548 de
1167 5480 1326 5562 poena
1357 5499 1564 5549 temere
1592 5480 1808 5563 litigan-

359 5597 374 5611 ο
438 5575 604 5612 ΙῘΒΕΤ.

254 5571 374 5611 tum.
404 5571 604 5616 JURBT.

271 5638 312 5707 ᾖ
331 5627 638 5707 Superioris
665 5632 827 5689 edicti
853 5633 908 5689 in
937 5633 1505 5707 senaturecitatio,ex
1535 5634 1697 5691 Rom.
1720 5637 1807 5692 in-

225 5702 422 5768 stituto,
452 5716 561 5772 quo
596 5703 741 5772 leges
794 5713 849 5759 et
878 5706 1290 5762 constitutiones
1331 5706 1718 5772 imperatorum
1751 5708 1806 5763 in

226 5780 406 5845 senatu
421 5774 672 5845 recitatae
712 5774 1186 5842 conﬁrmabantur,
1218 5777 1255 5831 l.
1287 5775 1343 5845 8,
1380 5777 1711 5843 Humanum,
1740 5778 1802 5835 C.

1939 3346 2162 3417 juvante
2218 3347 2362 3415 Deo,
2407 3346 2610 3403 crebris
2666 3345 3094 3417 expeditionibus
3135 3353 3545 3400 commonemus

1943 3439 2082 3514 [Gr.,
2123 3440 2240 3512 Cuj.
2274 3449 2322 3494 et
2352 3439 2487 3510 Ga.,
2531 3437 2995 3510 commovemus],
3028 3445 3089 3494 ut
3131 3435 3544 3493 universitatem

1939 3532 2302 3602 compositam
2331 3531 2516 3586 vivere
2541 3530 2748 3599 legibus
2773 3529 3089 3585 sentiamus.
3122 3525 3398 3582 Reddatur
3426 3525 3541 3580 haec.

1940 3626 2124 3681 animo
2161 3634 2350 3681 nostro
2377 3625 2695 3681 vicissitudo
2725 3623 3069 3695 prremiorum
3094 3639 3111 3690 ;
3140 3628 3202 3676 ut
3237 3633 3399 3690 quem
3424 3617 3538 3673 rei-

1938 3720 2168 3792 publicae
2199 3719 2518 3775 utilitatibus
2574 3716 2899 3787 cognoscitis
2945 3721 3288 3786 occupatum,
3321 3708 3539 3767 rarissi-

1936 3828 2027 3869 ma
2074 3814 2420 3884 querelarum
2469 3811 2707 3868 editione
2754 3809 2908 3885 [Ed.,
2956 3804 3216 3878 editione]
3269 3803 3536 3876 pulsetur.

1937 3906 2181 3964 Teneant
2205 3908 2414 3978 judices
2452 3907 2718 3976 legitimas
2764 3904 3163 3960 districtiones:
3197 3905 3384 3955 votum
3433 3894 3537 3952 fte-

1935 4000 2168 4056 dissimae
2187 4001 2360 4056 venali
2369 4000 2491 4055 tatis
2503 4000 2761 4070 abjiciant
2774 4007 2798 4036 ο
2807 4039 2820 4052 .
2838 3995 3013 4052 Metus
3027 3999 3220 4051 cuncta
3232 3987 3535 4060 componit,

1935 4092 1981 4148 si
2005 4107 2132 4150 reus
2160 4094 2365 4148 crimen
2392 4092 2447 4148 in
2468 4091 2745 4161 judicante
2776 4104 2884 4145 non
2915 4086 3138 4143 invenit.

2495 4242 2825 4299 EPISTULA
2860 4241 2979 4297 XX.

1933 4355 2000 4393 AD
2031 4351 2319 4393 UNIVERSOS
2356 4351 2567 4391 JUDICES
2591 4351 2981 4392 PROVINCIARUM
3009 4344 3379 4391 ATRALARICUS
3399 4346 3528 4387 REX.

1933 4429 2118 4486 Sancit
2143 4438 2199 4483 ut
2220 4429 2444 4500 edictum
2464 4445 2612 4482 suum
2639 4446 2730 4500 per
2753 4429 2966 4500 triginta
2989 4428 3100 4482 dies
3119 4428 3176 4482 in
3197 4424 3528 4481 conventibus

2261 4498 2483 4572 publicis
2512 4498 2654 4555 more
2681 4498 2898 4554 solenini
2927 4500 3186 4554 recitatur.

2005 4614 2140 4672 Cum
2187 4629 2286 4670 vos
2315 4613 2606 4685 provinciis
2652 4613 2872 4682 nostris,
2920 4611 3144 4683 juvante
3181 4609 3318 4675 Deo,
3349 4622 3532 4664 annua

1932 4710 2280 4783 reparatione
2321 4717 2668 4782 praestemus;
2715 4725 2818 4766 nec
2841 4708 3019 4765 desint
3041 4706 3246 4778 judicia
3274 4719 3377 4779 per
3402 4705 3527 4761 uni-

1933 4819 2120 4860 versos
2157 4803 2292 4859 fines
2319 4802 2483 4858 Italiae
2529 4802 2839 4868 distributa,
2869 4800 3220 4871 intelligimus
3248 4799 3316 4856 de
3343 4797 3528 4868 inopia

1925 4895 2148 4967 justitiae
2201 4897 2416 4967 copiam
2469 4895 2655 4950 venire
2695 4909 3000 4951 causarum.
3043 4893 3212 4965 Culpa
3257 4890 3526 4962 siquidem

1930 4996 2122 5043 vestrae
2165 4988 2424 5058 probatur
2453 5002 2573 5044 esse
2617 4986 2975 5058 negligentiae,
3033 4984 3248 5055 quoties
3275 4995 3307 5036 a
3366 4980 3524 5038 nobis

1927 5088 2193 5148 coguntur
2222 5079 2468 5135 homines
2494 5078 2674 5147 legum
2700 5077 2963 5134 beneficia
2989 5074 3286 5148 postulare.
3325 5070 3348 5111 ί
3385 5069 3523 5128 Nam

1991 5207 2019 5246 (ι
2052 5207 2290 5277 Triginta
2318 5205 2506 5263 diebus
2547 5206 2820 5278 proposita
2859 5202 3168 5278 pendebant
3196 5198 3392 5278 edicta,
3421 5213 3520 5278 seu

1918 5277 2064 5350 leges
2086 5269 2406 5350 principum,
2435 5269 2677 5350 utre'pist'.
2725 5269 3346 5350 sequenti._Exemplum
3372 5269 3519 5343 apud

1916 5343 2231 5422 Josephum,
2262 5343 2466 5419 Antiq.,
2501 5343 2592 5422 lib.
2620 5365 2734 5422 xu,
2767 5343 2885 5422 cap.
2913 5343 2962 5399 5.
2989 5343 3136 5422 Jun._
3177 5420 3183 5422 Α
3262 5419 3270 5422 Α
3493 5411 3497 5416 ν

1994 5432 2018 5459 °
2039 5413 2244 5495 Sordes
2272 5413 2693 5495 nummariorum
2715 5413 2957 5495 judicum
2987 5413 3516 5495 magistratuumque

1915 5493 2000 5549 his
2028 5493 2270 5548 formulis
2293 5493 2529 5564 graviter
2556 5507 2586 5564 a
2608 5485 2939 5564 Cassiodpro
2984 5485 3305 5564 identidern__
3323 5485 3511 5564 exagi-

1915 5572 2057 5621 tatas
2087 5553 2322 5633 legimus
2341 5562 2803 5634 apud_l’hilonem
2827 5556 3091 5627 Judaeum,
3122 5555 3190 5612 de
3217 5553 3397 5611 oﬁicio
3421 5553 3511 5624 ju-

1913 5636 2047 5692 dicis
2075 5631 2452 5690 disserentem.
2481 5631 2650 5687 FORN.

1990 5709 2009 5749 τ
2054 5705 2314 5760 Romanis
2362 5701 2775 5773 imperatoribus
2819 5699 3322 5773 semperumaximae
3365 5710 3510 5773 cura:

1907 5777 2007 5832 fuit
2026 5793 2093 5833 ne
2120 5778 2390 5844 litigantes
2416 5767 2470 5827 in
2497 5772 2797 5842 longinquis
2823 5767 3104 5844 auditoriis
3130 5767 3510 5844 consectandil

227 5835 287 5921 de
304 5839 516 5920 legibus
535 5853 590 5899 et
614 5848 1090 5921 senatusconsulu,
1134 5835 1296 5921 quem
1314 5835 1524 5908 morem
1544 5865 1646 5909 nos
1670 5835 1806 5909 alias
1906 5835 2235 5904 vexarentur
2261 5844 2562 5921 sumptibus
2577 5835 2640 5921 _ét
2665 5835 2870 5899 labore.
2911 5841 3100 5921 lioqu
3134 5839 3344 5921 ξἐξεξιτὲ
3363 5852 3506 5921 ,νοεῖ

228 5904 390 5968 fusius
401 5927 752 5984 exponemus.
784 5916 953 5974 Fons.

1905 5935 2026 5979 sum
2050 5933 2172 5990 quae
2189 5908 2748 5985 scribit'Justinianus,
2775 5915 2972 5974 novell.
3006 5908 3097 5984 l7,
3131 5911 3160 5984 §
3192 5911 3255 5970 Si
3283 5908 3416 5978 tibi;
3445 5913 3508 5965 et
