3998 6344
423 202 528 262 79!

1670 205 1740 261 Μ.
1780 199 2060 261 AURELII
2097 152 2498 263 CASSIODORI

3611 214 3747 272 79!

419 321 630 382 artibus
653 319 963 387 enutritam,
977 318 1314 390 juventutem
1341 296 1554 391 quoque
1576 319 1739 375 armis
1759 317 2020 386 exercuit,
2049 316 2100 377 Α
2128 319 2297 385 gratia
2327 320 2640 378 custodiret.
2684 319 2819 378 Nam
2844 337 3005 395 quem
3034 323 3126 382 ille
3151 325 3326 383 virum
3351 333 3448 383 aut
3472 330 3743 387 exerciti.

418 418 659 475 formans
682 415 919 470 animum
948 411 1162 479 litteris,
1184 412 1426 468 membra
1454 414 1775 484 gymnasiis:
1804 412 2023 467 tradens

420 507 610 563 amicis
632 506 891 563 exhibere
911 505 1293 571 constantiam,
1317 504 1550 561 dominis
1572 505 1758 572 ﬁdem;
1792 512 1848 560 et
1867 503 2023 573 quid-

419 598 547 668 quid
576 598 629 653 in
660 598 754 652 illo
781 597 898 653 viro
947 598 1119 666 gratia
1146 597 1325 652 divina
1354 599 1640 668 concessit,
1666 599 1870 669 integra
1899 613 2024 669 per—

417 672 653 747 fectione
692 690 1069 746 transmissum
1099 705 1289 746 cernas
1331 690 1386 744 in
1414 689 1926 759 posterosaJactent
1963 702 2023 744 se

419 787 509 841 alii
539 787 881 857 possessione
911 786 1186 857 locupleti,
1211 800 1584 854 summumque
1605 792 1795 855 putent
1822 785 2023 839 bonum

415 880 563 935 solas
601 895 720 935 esse
767 879 999 934 divitias.
1029 878 1088 933 In
1135 878 1238 934 hac
1278 887 1456 934 autem
1488 877 1649 933 domo
1680 892 1787 932 non
1814 884 2023 931 tantum

415 972 777 1045 patrimoniis,
801 972 894 1028 sed
938 981 992 1027 et
1036 971 1323 1027 virtutibus
1353 972 1530 1026 aditur
1570 970 1875 1025 hmreditas.
1906 968 2022 1025 Hoc

418 1073 505 1122 est
548 1063 791 1136 profecto
823 1066 965 1136 quod
995 1080 1123 1120 vere
1152 1066 1346 1121 divites
1391 1065 1539 1133 facit,
1573 1064 1788 1134 quando
1820 1064 2022 1119 nullum

421 1158 615 1213 melius
644 1166 825 1228 potest
854 1173 973 1214 esse
996 1159 1408 1228 compendium,
1439 1173 1599 1227 quam
1626 1157 1871 1212 laudibus
1893 1172 2021 1211 suc-

421 1249 652 1305 cessisse
683 1250 966 1319 majorum.
1017 1251 1311 1305 Probatum
1341 1260 1424 1305 est
1470 1252 1633 1306 etiam
1668 1251 1720 1305 in
1767 1264 1833 1305 eo
1862 1249 2019 1305 bonis

419 1342 882 1412 dispensatoribus
912 1342 984 1396 nil
1013 1342 1221 1397 deesse.
1250 1343 1429 1398 Alieni
1467 1343 1769 1408 continens,
1802 1342 2020 1412 propria

418 1435 517 1489 sub
540 1436 909 1491 moderatione
929 1436 1275 1502 distribuens,
1311 1445 1366 1491 et
1395 1436 1648 1491 inusitata
1678 1437 1834 1491 laude
1858 1436 2024 1491 mira-

420 1530 563 1599 bilis,
592 1530 721 1584 nulli
769 1530 947 1598 gravis
1004 1537 1085 1585 tot
1133 1530 1358 1599 protulit
1402 1531 1734 1585 consulares.
1776 1529 2025 1600 Recipiat

417 1624 534 1678 hrec
564 1623 784 1677 audiens
814 1620 1044 1677 fructum
1086 1622 1380 1689 bonorum;
1414 1629 1673 1691 agnoscat
1714 1640 1773 1678 se
1819 1638 2022 1694 praeco-

2125 410 2225 466 bus
2254 413 2549 483 przcﬁcicns
2575 430 2696 469 cum
2716 415 2944 471 victoria
2965 432 3073 473 non
3102 419 3339 490 recepit;
3371 427 3461 475 aut
3481 422 3741 491 judicem

2127 504 2346 572 cingens
2378 503 2504 578 [Ms.
2532 503 2659 561 Niv.
2690 512 2739 560 et
2769 504 2944 574 Gam.,
2968 521 3207 577 ungens;
3230 508 3347 563 Jur.
3381 526 3399 563 :
3424 511 3585 582 forte,
3618 528 3741 567 au-

2127 594 2444 668 gens],non
2494 596 2850 667 justissimum
2900 599 3308 670 comprobavit?
3336 598 3472 655 Cum
3525 600 3739 657 futuris

2126 689 2287 745 rebus
2325 705 2450 745 eum
2489 690 2738 746 crederes
2790 691 2993 747 habere
3042 700 3363 759 tractatum;
3397 706 3518 747 nam
3575 692 3736 763 quod

2126 784 2460 855 concepisset
2480 786 2709 851 animus,
2740 784 3003 840 reddebat
3030 801 3245 856 semper
3270 784 3522 851 eﬁ’ectus;
3547 784 3735 841 mimo

2126 890 2231 945 que
2259 876 2537 946 sapientiae
2563 876 2743 931 studio
2770 892 2878 930 non
2917 876 3149 931 habebat
3181 876 3416 944 dubium,
3452 876 3602 947 quod
3630 891 3736 933 νοω

2126 970 2323 1027 raciter
2368 970 2695 1041 praevidebat
2748 985 2867 1025 esse
2911 976 3217 1025 venturum.
3272 969 3511 1041 Denique
3552 986 3623 1025 ex
3672 978 3736 1027 te

2124 1064 2356 1135 probare
2411 1078 2694 1134 possumus
2746 1062 3001 1118 eximium
3056 1062 3311 1132 principis
3338 1062 3674 1117 institutum
3714 1080 3731 1115 :

2125 1173 2285 1229 quem
2330 1158 2643 1229 primzevum
2698 1157 2963 1227 recipiens
3013 1155 3080 1211 ad
3128 1156 3410 1225 quaestoris
3462 1156 3732 1223 ofﬁcium,

2125 1267 2252 1307 mox
2272 1252 2474 1321 reperit
2498 1251 2829 1307 conscientia
2858 1249 3161 1320 praeditum,
3185 1257 3241 1304 et
3259 1250 3435 1319 legum
3462 1250 3733 1305 eruditio-

2126 1362 2194 1401 ne
2222 1354 2511 1401 maturum.
2536 1345 2702 1401 Fuisti
2735 1344 2985 1399 nimirum
3007 1360 3215 1399 summa
3238 1352 3539 1413 temporum
3574 1343 3727 1409 laus;

2125 1447 2186 1493 ut
2212 1438 2360 1493 illum
2399 1439 2476 1493 sic
2504 1437 2570 1492 ad
2594 1437 2774 1492 omnia
2818 1436 3112 1492 sollicitum
3156 1428 3417 1491 inoﬁ‘ensa
3466 1434 3731 1490 redderes

2124 1531 2473 1586 famulatione
2501 1546 2773 1593 securum,
2802 1531 2927 1583 dum
2958 1530 3156 1584 molem
3188 1536 3393 1583 tantam
3413 1528 3616 1595 regalis
3645 1529 3731 1581 in-

2123 1623 2267 1693 genii
2297 1622 2556 1677 facundiae
2587 1630 2689 1675 tua:
2717 1620 2921 1675 viribus
2944 1620 3255 1675 sustineres.
3283 1617 3359 1672 Te
3384 1619 3437 1672 in
3469 1617 3729 1673 dictatio-

417 1730 541 1770 nem
574 1715 772 1771 habere
801 1730 959 1785 quem
992 1714 1291 1782 dominum,
1323 1722 1377 1769 et
1398 1716 1537 1769 inter
1559 1723 1639 1770 tot
1670 1714 1869 1769 lumina
1896 1729 2023 1785 pro-
2057 1723 2096 1781 Β
2127 1717 2283 1772 nibus
2311 1731 2604 1780 ammnum,
2636 1723 2688 1770 te
2717 1716 2783 1769 ad
2804 1713 3065 1783 justitiam
3114 1711 3366 1781 rigidum,
3396 1719 3450 1765 te
3477 1710 3665 1764 habuit
3694 1725 3729 1765 a

415 1824 600 1864 cerum
630 1810 971 1878 singulariter
999 1808 1162 1864 fuisse
1190 1808 1486 1863 laudatum.
1531 1809 1665 1863 Nam
1694 1809 1737 1863 si
1769 1808 2013 1864 homines

417 1911 576 1959 ornat
596 1905 765 1960 semel
787 1904 1059 1975 accepisse
1087 1903 1400 1973 palmatam,
1428 1902 1555 1973 quid
1600 1902 1690 1957 ille
1716 1900 2013 1958 censendus

384 2014 385 2017 ‘
415 2005 516 2057 est,
550 1998 639 2065 qui
673 2005 752 2050 tot
780 2005 1017 2050 meretur
1048 1996 1101 2049 in
1135 1995 1253 2052 ﬁliis
1275 1995 1621 2050 consulatus?
1652 1994 1716 2048 Et
1747 1994 1886 2060 ideo,
1919 2010 2015 2064 pa-

415 2093 525 2141 tres
554 2087 877 2155 conscripti,
911 2086 1182 2139 alumnum
1225 2095 1458 2140 vestrum
1507 2084 1787 2139 Paulinum
1831 2085 2014 2139 laurea

416 2179 573 2254 [lib.,
607 2178 791 2249 aurea]
830 2180 1091 2249 dignitate
1124 2181 1413 2247 vestimus;
1463 2188 1523 2235 ut
1567 2179 1825 2249 juventus
1877 2179 2012 2248 ejus,

414 2286 536 2341 quae
567 2272 731 2339 fulget
758 2271 985 2340 meritis,
1009 2271 1192 2326 trabea
1215 2285 1431 2340 quoque
1460 2270 1803 2340 resplendeat
1831 2271 2014 2325 trium-

416 2361 584 2432 phali.
609 2360 762 2416 Hunc
790 2362 1051 2416 honorem
1082 2362 1368 2417 Deciorum
1388 2362 1545 2435 154
1564 2362 1764 2417 familia
1788 2378 1896 2418 non
1923 2364 2016 2418 mi-

413 2462 585 2522 ratur,
600 2455 725 2526 quia
754 2471 945 2512 eorum
969 2456 1285 2529 plemsunt
1312 2459 1448 2513 atria
1478 2457 1710 2514 fascibus
1738 2460 2009 2515 laureatis.

415 2548 547 2603 Aliis
598 2566 719 2604 rara
756 2550 987 2619 dignitas
1008 2551 1109 2607 ista
1135 2553 1417 2624 contingit,
1448 2552 1504 2608 in
1534 2551 1639 2609 hoc
1668 2552 1896 2609 decursu
1918 2568 2014 2624 ge-

413 2640 561 2695 neris
591 2656 731 2711 pene
760 2644 997 2698 nascitur
1034 2645 1352 2700 consularis.
1404 2646 1605 2701 Favete
1637 2660 1798 2715 ergo,
1831 2655 2015 2719 patres

414 2734 741 2804 conscripti,
774 2736 971 2791 nostris
1009 2738 1344 2805 muneribus,
1370 2746 1427 2795 et
1451 2749 1638 2797 vestro
1668 2741 2016 2800 nihilominus

412 2825 725 2881 candidato.
753 2827 886 2881 Nam
916 2828 1039 2884 licet
1079 2832 1461 2901 nuncupemini
1490 2833 1739 2889 omnibus
1781 2847 2014 2903 genera-

411 2916 536 2972 liter
566 2926 767 2989 patres,
800 2920 921 2975 huic
942 2921 1105 2976 etiam
1135 2923 1265 2979 estis
1308 2924 1617 2994 specialiter
1642 2932 1698 2979 et
1737 2933 2013 2996 parentes.

410 3010 617 3068 Nomen
648 3024 884 3070 vestrum
911 3033 941 3071 a
980 3032 1123 3073 cura:
1160 3018 1513 3074 similitudine
1553 3019 1852 3075 derivatum
1884 3018 2018 3075 ﬁde-

2116 1810 2501 1881 cupiditatibus
2530 1810 2783 1863 alienum.
2820 1805 3088 1861 Beneﬁcia
3135 1805 3331 1876 quippe
3361 1804 3528 1874 ipsius
3580 1803 3726 1857 nulla

2115 1902 2461 1959 abominabili
2508 1901 2779 1955 taxatione
2819 1899 3086 1953 vendebas
3113 1897 3174 1963 b;
3207 1906 3266 1951 ut
3297 1897 3472 1951 honor
3514 1896 3615 1950 tibi
3657 1895 3728 1949 ad

2110 1998 2385 2071 .opinionis
2407 1998 2618 2051 divitias
2647 1995 2954 2067 proliceret,
2982 1993 3106 2047 dum
3131 1992 3351 2046 minime
3381 1991 3556 2061 pretio
3590 1988 3725 2045 sub-

2110 2091 2339 2162 jaceret.
2384 2090 2520 2147 Hinc
2549 2099 2635 2146 est
2670 2089 2813 2161 quod
2846 2087 3111 2142 videbaris
3138 2085 3443 2157 tequissimo
3487 2084 3721 2152 principi

2114 2188 2349 2257 gloriosa
2377 2185 2668 2240 dilectione
2689 2183 2947 2251 sociatus,
2980 2183 3106 2251 quia
3138 2196 3259 2236 eras
3288 2196 3318 2234 a
3355 2180 3499 2233 vitiis
3522 2179 3723 2249 proba-

2113 2281 2209 2336 bili
2238 2280 2667 2351 seqnestratione
2703 2276 2923 2331 divisus.
2958 2272 3413 2346 interpellantinm
3436 2280 3488 2326 te
3514 2270 3723 2341 ponde-

2114 2374 2262 2428 ribus
2287 2370 2715 2442 sapientissimus
2754 2366 2954 2421 arbitcr
2981 2364 3276 2429 onerabat;
3304 2370 3628 2429 tantumque
3657 2360 3724 2414 de

2115 2465 2278 2521 animi
2312 2466 2388 2519 tui
2415 2465 2629 2532 cognita
2657 2460 3048 2530 disceptatione
3078 2456 3434 2527 pra-sumpsit,
3461 2464 3521 2509 ut
3550 2456 3603 2509 in
3629 2454 3725 2509 be-

2117 2557 2294 2612 neficii
2324 2556 2501 2613 locum
2534 2562 2679 2609 tuum
2707 2559 2989 2623 prtestaret
3016 2547 3368 2603 aestuantibus
3396 2546 3516 2601 sine
3544 2546 3724 2615 aliqua

2119 2649 2464 2706 cunctatione
2500 2645 2777 2717 judicium.
2815 2642 3038 2710 Quoties
3067 2640 3157 2696 ille
3179 2650 3232 2694 te
3261 2638 3561 2709 grandaevis
3592 2653 3720 2707 pro-

2119 2743 2333 2800 ceribus
2363 2740 2667 2811 imputavit,
2698 2738 2826 2792 dum
2850 2751 2958 2791 non
2984 2732 3297 2791 sufﬁcerent
3322 2731 3388 2785 ad
3420 2729 3721 2803 primordia

2118 2844 2234 2903 tua,
2255 2850 2392 2906 quos
2420 2840 2566 2887 tanta
2612 2830 2922 2899 longacvitas
2966 2826 3141 2882 aetatis
3188 2823 3564 2879 instruxerat?
3594 2820 3722 2875 Erat

2118 2929 2279 3001 plane
2312 2925 2457 2997 quod
2494 2926 2546 2979 in
2598 2934 2651 2978 te
2697 2922 3011 2993 przedicaret
3062 2919 3315 2974 eximium
3368 2918 3608 2971 animum
3656 2913 3718 2969 ad

2120 3017 2477 3092 promerenda
2504 3015 2765 3072 beneﬁcia
2796 3013 3056 3084 patulum,
3089 3020 3145 3067 et
3191 3019 3379 3066 contra
3412 3009 3542 3063 vitia
3572 3007 3721 3079 cupi-

410 3102 613 3161 lissima
656 3123 834 3161 rerum
887 3108 1246 3178 appellatione
1288 3110 1426 3183 [Ac.,
1459 3108 1841 3181 applicatione]
1884 3125 2014 3165 con—
2043 3129 2087 3192 C
2120 3116 2300 3171 ditatis
2329 3114 2701 3169 obstructum:
2733 3109 2857 3163 dum
2900 3107 3084 3162 nescio
3123 3122 3230 3176 quo
3268 3114 3430 3175 pacto
3478 3119 3604 3159 rara
3640 3109 3720 3158 est

411 3198 591 3253 ﬁrmat
623 3217 635 3252 :
669 3217 778 3255 non
811 3210 833 3237 ιι
866 3201 1189 3257 translatitia
1236 3203 1527 3259 usitatione
1569 3203 1858 3269 vocabuli,
1912 3205 2008 3260 sed

414 3288 622 3343 honora
649 3298 797 3346 sorte
824 3293 1101 3348 nascendi.
1123 3293 1330 3349 Cedant
1350 3294 1502 3351 vobis
1530 3295 1670 3351 hanc
1694 3295 2011 3352 felicitatem

412 3379 604 3435 Divina
634 3391 983 3452 perpetuam;
1018 3391 1074 3438 ut
1118 3384 1266 3440 lice’
1291 3386 1517 3454 gratiam
1544 3386 1809 3456 prmstetis
1837 3389 2012 3443 exoti-

411 3471 511 3540 cis,
546 3474 696 3542 prole
721 3483 898 3529 vestra
924 3475 1160 3531 vivacius
1188 3477 1487 3546 gaudeatis.

937 3607 1271 3665 EPISTOLA
1321 3609 1509 3668 XXIV.

485 3713 747 3755 SENATORI
778 3717 1070 3758 PREFECTO
1100 3720 1383 3760 PRETORIO
1413 3719 1778 3762 ATHALARICUS
1806 3705 1936 3762 REX.

411 3790 697 3847 Enumerat
718 3796 1002 3868 dignitates
1030 3814 1157 3868 quas
1180 3797 1521 3853 Cassiodorus
1552 3816 1750 3854 summa
1773 3816 1888 3854 cum
1913 3801 2010 3856 ho-

483 3882 610 3940 nore
637 3877 684 3919 et
714 3867 1010 3940 integritate
1045 3867 1143 3922 sub
1191 3869 1508 3925 Theoderico
1550 3872 1761 3940 ipsoque
1787 3871 2012 3926 Athala-

483 3938 591 3989 rico
633 3949 881 4006 gesserat.
920 3937 1047 3992 Tum
1098 3941 1173 3993 illi
1219 3943 1421 3995 eximiis
1462 3937 1701 3995 laudibus
1751 3944 2012 3998 cumulato

482 4010 849 4078 prwfecturam
879 4013 1247 4080 prwtorianam
1278 4014 1497 4083 confert.

481 4120 537 4177 Si
572 4131 626 4177 te
664 4124 913 4179 voluntas
945 4132 1131 4179 nostra
1161 4125 1336 4179 adhuc
1362 4125 1621 4181 latentem
1650 4134 1742 4183 aut
1783 4126 2015 4183 inhono-

408 4231 528 4270 rum
559 4215 782 4272 forsitan
824 4215 1145 4281 invenisset,
1179 4216 1535 4286 gauderemus
1583 4218 1801 4289 quidem
1829 4234 2013 4289 reper-

410 4315 554 4373 tum;
587 4308 679 4361 sed
709 4308 847 4362 bene
871 4308 1239 4364 dubitaremus
1262 4310 1670 4382 acturum,quia
1699 4325 1822 4382 spes
1843 4312 2013 4379 magis

410 4415 574 4471 quam
606 4398 811 4456 fructus
842 4402 893 4455 in
917 4418 1060 4457 novo
1096 4411 1200 4458 est.
1232 4403 1339 4458 Sed
1368 4420 1492 4459 cum
1516 4404 1699 4459 domni
1730 4404 1816 4460 avi
1842 4405 2013 4461 nostri

409 4490 706 4546 innumeris
732 4494 1075 4561 provectibus
1096 4496 1612 4565 magnoquejudicio
1635 4497 1899 4566 glorieris,
1928 4498 2012 4552 in-

411 4581 743 4637 conveniens
775 4598 863 4638 res
903 4592 987 4638 est
1025 4584 1399 4655 disceptationi
1433 4588 1683 4653 subdere,
1717 4603 1877 4658 quem
1918 4589 2007 4644 vix

408 4689 698 4745 possumus
726 4675 824 4730 sub
853 4676 1208 4732 admiratione
1255 4679 1568 4748 praedicare.
1622 4680 1781 4735 Tanti
1811 4682 2009 4753 quippe

407 4782 521 4823 non
550 4768 926 4835 examinanda,
959 4768 1054 4824 sed
1092 4771 1397 4825 veneranda
1428 4774 1696 4829 sententia
1726 4783 1806 4829 est
1838 4794 1850 4829 :
1882 4775 2007 4843 quia

409 4878 519 4919 non
568 4872 751 4935 potest
776 4866 843 4921 de
872 4864 1027 4921 factis
1056 4866 1171 4936 ejus
1200 4868 1419 4936 ambigi,
1438 4882 1560 4922 cum
1590 4874 1643 4921 et
1671 4883 1771 4921 nos
1801 4868 1867 4922 ab
1894 4867 2010 4937 ipso

411 4969 805 5025 cognoscamur
827 4959 1020 5025 electi;
1052 4960 1143 5027 qui
1183 4958 1377 5013 divina:
1398 4957 1773 5028 supplicationi
1796 4972 2013 5027 semper

408 5046 688 5114 assiduus,
713 5049 892 5119 exegit
930 5050 1138 5105 meritis
1178 5056 1237 5104 ut
1280 5048 1370 5103 illa
1398 5048 1604 5105 faceret
1632 5064 1752 5119 qum
1780 5063 2014 5119 superna

483 5236 513 5266 ι
536 5226 938 5284 Translatitiam
967 5224 1631 5292 usitationem,vulgarem
1655 5233 2012 5291 etassuetam,

407 5306 465 5355 et
485 5267 1301 5369 αυὶέῗἱῖὲὲἶὲὲῖἔὶηξξξεεὶῗὲὶ
1323 5267 1534 5369 inani]?
1549 5267 1641 5352 lib.
1657 5267 1933 5369 ἲῗιῖξῖἐιῷῗ
1946 5294 1987 5369 ξ
1997 5267 2010 5369 ξ

407 5365 816 5427 Translatitium
845 5370 898 5424 in
933 5366 1171 5440 ngypto
1201 5376 1302 5422 est.
1337 5365 1452 5423 Lib.
1475 5385 1656 5440 xxvii,
1689 5386 1808 5439 cap.
1843 5367 1878 5420 2
1912 5385 1925 5420 :
1957 5366 2013 5421 Si

406 5457 599 5498 mensa
630 5442 770 5497 adsit
797 5440 1000 5495 nullum
1048 5439 1276 5507 ponere,
1319 5439 1697 5495 translatitium
1745 5440 2006 5503 videmus,

406 5513 574 5569 etiam
604 5512 730 5581 quia
767 5511 965 5565 multas
986 5511 1276 5578 religiones
1304 5508 1878 5581 polleremanil‘estum
1905 5516 2008 5581 es_t.

405 5582 504 5639 Sic
557 5577 721 5636 etiam
769 5581 938 5636 nostri
978 5577 1369 5651 jurisconStilti,
1421 5583 1458 5635 l.
1483 5578 1570 5649 55,
1600 5581 1659 5635 Si
1686 5577 2009 5651 patroni,_D.

410 5652 951 5707 Adsenatusconsnlt.
988 5650 1297 5705 Trebellian.
1332 5651 1438 5705 Sed
1480 5667 1582 5705 nec
1619 5649 1749 5704 illud
1781 5649 2012 5703 transla-

409 5721 541 5775 titie
569 5721 926 5790 omittendum
973 5728 1073 5790 est.
1100 5719 1162 5790 L.
1185 5722 1234 5786 l,
1260 5721 1322 5775 D.
1354 5720 1433 5774 De
1462 5722 1570 5790 jur.
1623 5730 1855 5789 patron.:
1895 5718 2014 5790 Non

400 5789 995 5869 ,translatitiqcxsequi
1033 5789 1194 5845 debet
1221 5791 1258 5846 ι.
1291 5790 1351 5858 1,
1387 5788 1558 5847 ῡζΛά
1580 5788 2012 5845 senatusconsulti

2040 4538 2094 4597 D

2117 3209 2174 3264 in
2204 3206 2508 3262 hominibus
2532 3219 2723 3258 manus
2751 3202 2953 3267 clausa,
2979 3208 3035 3255 et
3060 3209 3244 3269 aperta
3266 3198 3493 3267 justitia.
3520 3196 3719 3251 Venia-

2114 3314 2236 3353 mus
2263 3296 2328 3351 ad
2359 3294 2716 3364 magisteriam
2751 3291 3096 3361 dignitatem,
3122 3305 3285 3360 quam
3336 3305 3440 3345 non
3471 3288 3720 3358 pecuniae

2115 3389 2376 3459 dignitate
2405 3398 2454 3455 ο,
2477 3385 2572 3441 sed
2600 3400 2810 3439 morum
2840 3384 3079 3439 nosceris
3096 3380 3346 3452 suffragio
3366 3388 3715 3448 consecutus,

2116 3496 2224 3551 quo
2262 3478 2384 3535 loco
2416 3478 2622 3549 positus
2650 3492 2866 3547 semper
2910 3476 3271 3547 qumstoribus
3311 3472 3523 3527 affuisti.
3576 3471 3719 3527 Nam

2116 3587 2239 3628 cum
2268 3587 2405 3642 opus
2428 3580 2576 3627 esset
2602 3570 2817 3639 eloquio
2843 3568 3126 3635 defmcalo,
3156 3584 3319 3624 causa
3346 3578 3439 3623 tuo
3470 3567 3719 3637 protinus

2117 3663 2437 3719 credebatur
2478 3662 2715 3732 ingenio.
2758 3660 3069 3731 Exigebaris
3114 3677 3145 3716 a
3197 3662 3428 3729 benigno
3472 3660 3719 3732 principe

2115 3756 2260 3826 quod
2286 3770 2346 3813 se
2376 3755 2472 3811 tibi
2498 3762 2726 3810 noverat
2755 3754 2976 3808 minime
3003 3753 3338 3808 commisisse
3364 3770 3379 3819 ;
3403 3760 3459 3807 et
3485 3751 3717 3821 quadam

2115 3848 2288 3917 gratia
2310 3846 2662 3917 prtejudiciali
2681 3845 2912 3901 vacabat
2941 3845 3077 3899 alios
3108 3844 3356 3900 laborare
3388 3841 3520 3917 [υς.
3553 3842 3647 3897 Gr.
3669 3850 3718 3897 et

2115 3939 2259 4014 Cuj.,
2282 3938 2509 4012 labore],
2542 3949 2601 3995 ut
2622 3949 2675 3995 te
2698 3942 2979 3995 sententia:
3001 3954 3111 3995 sua:
3132 3940 3354 4011 copiosa
3383 3938 3547 3994 laude
3566 3954 3715 3994 com-

2114 4033 2308 4104 pleret.
2342 4031 2460 4088 Non
2484 4031 2629 4088 enim
2660 4031 2910 4102 proprios
2955 4030 3089 4087 lines
3117 4030 3216 4085 sub
3254 4038 3309 4085 te
3345 4029 3457 4085 ulla
3487 4030 3719 4100 dignitas

2117 4125 2431 4195 custodivit,
2459 4124 2674 4195 quando
2702 4125 3047 4180 conscientia:
3074 4132 3180 4180 tute
3207 4133 3424 4180 constat
3451 4124 3718 4180 creditum

2115 4217 2261 4288 quod
2285 4232 2316 4272 a
2345 4218 2527 4273 multis
2566 4216 2665 4271 fuit
2693 4218 3009 4288 proceribus
3037 4217 3403 4273 sincerissime
3447 4232 3718 4288 peragen-

2113 4309 2262 4364 dum.
2312 4308 2547 4367 Nescivit
2575 4311 2859 4382 quisquam
2900 4312 2967 4367 de
2996 4319 3050 4368 te
3095 4312 3539 4367 submurmurare
3585 4326 3717 4366 con-

2116 4403 2300 4467 traria,
2332 4419 2455 4458 cum
2486 4412 2667 4459 tamen
2698 4403 2765 4459 de
2795 4404 3078 4476 principali
3106 4405 3278 4475 gratia
3310 4405 3608 4462 sustineres
3638 4406 3720 4459 in-

2115 4495 2333 4549 vidiam.
2370 4496 2641 4564 Derogare
2670 4496 2952 4567 cupientes
2995 4497 3125 4553 vicit
3153 4497 3435 4564 integritas
3463 4497 3717 4560 actionis.

2118 4587 2332 4643 adversi
2361 4588 2439 4642 tni
2466 4603 2609 4658 saepe
2639 4588 2802 4644 locuti
2831 4595 2958 4643 sunt
2986 4589 3162 4644 coacti
3191 4589 3339 4658 quod
3370 4589 3584 4644 animus
3614 4605 3720 4644 non

2116 4677 2370 4732 habebat.
2436 4676 2568 4732 Nam
2632 4679 2882 4749 quzclibet
2940 4679 3145 4734 malitia
3209 4679 3466 4735 formidat
3532 4691 3719 4737 contra

2116 4768 2398 4823 manifesta
2448 4770 2591 4824 bona
2640 4771 2840 4841 aliquid
2896 4771 3169 4840 proliteri,
3198 4771 3325 4826 dum
3376 4773 3722 4841 generalibus

2115 4861 2253 4917 odiis
2282 4870 2501 4917 veretur
2527 4865 2744 4934 exponi.
2793 4862 2954 4932 Egisti
3004 4880 3183 4919 rerum
3214 4865 3437 4921 domino
3485 4865 3721 4935 judicem

2115 4952 2464 5021 familiarem,
2493 4962 2549 5009 et
2595 4955 2866 5010 internum
2916 4971 3220 5026 procerem.
3254 4956 3388 5011 Nam
3420 4973 3545 5012 cum
3575 4962 3723 5011 esset

2115 5048 2329 5119 publica
2358 5063 2485 5104 cura
2524 5058 2805 5116 vacuatus,
2851 5051 3147 5106 sententias
3195 5050 3524 5121 prudentum
3554 5064 3584 5103 a
3617 5051 3723 5103 tuis

2128 5223 2347 5296 Turpill.
2384 5242 2402 5279 :
2436 5227 2824 5282 Prmvaricator
2852 5234 2964 5294 est,
2996 5228 3089 5297 qui
3138 5226 3464 5283 translatitie
3496 5242 3724 5283 munere

2124 5297 2411 5352 accusandi
2446 5297 2698 5366 fungitur,
2745 5297 2797 5352 id
2847 5306 2955 5364 est,
2997 5299 3365 5368 negligenter,
3420 5315 3527 5354 non
3557 5314 3719 5362 vere,

2124 5382 2226 5440 nec
2255 5369 2529 5440 bronailide
2559 5370 2887 5423 accusatoris
2917 5378 3097 5440 partes
3131 5372 3336 5440 implet.
3364 5369 3553 5425 Bnoss.

2124 5438 2221 5561 Fab
2252 5439 2454 5505 Novell.
2505 5439 2567 5509 8,
2597 5448 2652 5495 et
2678 5455 2872 5511 supra,
2919 5438 3027 5497 hoc
3054 5442 3169 5507 lib.,
3212 5438 3380 5514 epist.
3433 5440 3502 5494 15
3549 5449 3605 5496 et
3636 5439 3721 5494 16.

2202 5526 2289 5561 RN.

2168 5524 2269 5563 ORN
2278 5550 2289 5561 .

2198 5594 2217 5618 ο
2254 5580 2393 5656 Vox,
2419 5583 2688 5656 dignitate,
2725 5583 2834 5637 olet
2861 5582 3154 5656 mendum;
3195 5583 3355 5651 forte,
3386 5583 3721 5656 indignitate.

2120 5650 2211 5726 S__ic
2241 5653 2433 5726 alicubi
2475 5650 2607 5708 dicit
2637 5654 2840 5710 Seneca
2870 5654 2934 5709 ad
2982 5650 3269 5725 dignitates
3294 5650 3466 5711 veniri
3503 5650 3603 5726 per
3633 5654 3723 5709 in-

2119 5723 2296 5790 digna.
2321 5721 2514 5779 JunET.
