4006 6450
196 326 333 386 193
1492 311 1856 373 VARIARUM
1893 309 2096 371 LIBER
2131 311 2221 372 IX.
3409 312 3519 377 ’194

186 443 434 503 fabulis
458 438 706 510 exigebat
731 444 792 494 ut
835 435 991 492 factis
1018 433 1248 507 propriis
1292 448 1353 491 se
1397 441 1641 504 aequaret
1683 432 1823 488 anti-
1849 430 1901 492 Δ
1929 428 2130 495 ctavit;
2169 436 2227 484 et
2263 426 2413 485 nisus
2433 433 2518 486 est
2537 434 2780 503 tempora
2806 430 3004 501 facere,
3034 440 3154 504 quae
3176 431 3373 490 merito
3400 432 3518 490 lan-

197 540 382 611 quis.
403 534 690 593 Stellarum
710 545 916 598 cursus,
946 530 1112 585 maris
1136 529 1306 594 sinus,
1322 527 1546 583 fontium
1567 526 1827 582 miracula

197 630 472 686 rimator
497 625 838 683 acutissimus
865 622 1285 692 inquirebat,ut,
1305 636 1485 676 rerum
1513 619 1717 676 naturis
1744 618 1827 673 di-

202 720 494 792 ligentius
540 716 919 789 perscrutatis,
941 713 1157 785 quidam
1181 721 1208 750 κ
1237 719 1564 783 purpuratus
1615 709 1829 766 videre—

207 824 320 870 tur
345 829 467 872 esse
495 812 869 885 philosophus.
897 811 1079 879 Longa
1108 808 1261 874 fiunt,
1289 807 1335 863 si
1363 813 1555 862 cuncta
1589 804 1830 876 profera-

209 924 402 964 mus:
433 907 561 977 quin
605 906 783 977 potius
837 903 904 959 ad
947 902 1205 958 beneficia
1235 909 1417 957 nostra
1443 898 1828 962 convertimur,

208 1008 286 1054 ut
326 997 480 1069 quod
527 997 595 1051 ab
644 996 736 1050 illo
781 993 1210 1062 cognoscebatur
1257 990 1480 1054 deberi,
1514 989 1582 1043 ab
1620 986 1833 1042 hazrede

211 1090 456 1160 imperii
518 1088 613 1143 tibi
679 1087 880 1143 sentias
938 1085 1083 1155 juste
1150 1082 1404 1154 persolvi.
1472 1081 1830 1150 Quapropter,

206 1179 466 1248 juvante
513 1180 642 1244 Deo,
667 1193 776 1248 quo
819 1185 1040 1232 auctore
1087 1175 1269 1230 omnia
1309 1177 1731 1243 prosperantur,
1765 1171 1833 1227 ab

213 1271 540 1325 indictione
560 1268 874 1325 duodecima
901 1267 1074 1338 (Anno
1099 1264 1291 1320 Christi
1311 1262 1438 1334 554)
1469 1264 1523 1317 in
1552 1263 1836 1333 praefectu-

214 1378 306 1416 rae
345 1361 683 1432 praetoriana:
726 1368 779 1414 te
806 1369 1059 1427 suggestu
1085 1366 1249 1428 atque
1279 1355 1575 1423 insignibus
1603 1354 1838 1410 colloca-

213 1470 397 1518 mus;
448 1463 505 1509 ut
528 1454 810 1523 probatum
832 1451 1066 1520 judicem
1089 1450 1207 1504 sine
1231 1456 1378 1503 metu
1408 1447 1695 1517 provinciae
1720 1461 1839 1501 sus-

219 1546 486 1616 cipiant,
537 1561 672 1614 quas
729 1544 990 1598 hactenus
1054 1541 1422 1612 improborum
1487 1537 1838 1608 cognovimus

217 1641 464 1695 actione
508 1639 773 1708 fatigatas.
840 1637 948 1693 Sed
1015 1637 1260 1707 quamvis
1310 1635 1513 1690 habeas
1559 1642 1838 1698 paternam

221 1733 618 1802 praefecturam
662 1732 848 1787 Italico
900 1731 1032 1786 orbe
1076 1729 1440 1801 prmdicatam.
1482 1727 1710 1782 aliorum
1743 1726 1839 1781 tibi

1931 519 2189 576 darentur
2243 520 2298 575 in
2340 521 2606 593 principe.
2656 523 2924 581 Trahebat
2971 524 3248 595 regnantis
3283 523 3523 582 animum

1930 611 2149 678 veritas,
2181 619 2237 666 et
2262 611 2580 668 disortitudo
2606 611 2871 669 dictorum
2896 631 2912 682 ;
2944 614 3032 670 cui
3053 614 3132 670 sic
3161 613 3343 670 omnia
3373 620 3526 670 retu-

1932 703 2014 772 lit,
2045 712 2104 759 ut
2131 704 2419 760 miraretur
2457 705 2573 776 ipse
2601 705 2693 776 qui
2718 705 2866 761 fecit.
2911 702 3346 776 Allegavit’solus
3371 706 3520 776 quod

1934 811 2122 852 omnes
2142 796 2388 866 juvaret;
2419 805 2476 852 et
2501 797 2629 852 dum
2668 805 2995 870 purpuratas
3033 797 3266 854 auditori
3315 815 3414 854 suo
3442 798 3525 855 fe-

1934 889 2103 944 rierat
2131 889 2333 956 laudes,
2373 889 2670 959 gratiosum
2711 891 2865 946 vobis
2893 898 3136 946 nostrum
3176 890 3308 946 fecit
3353 892 3528 962 impe-

1935 981 2096 1035 rium.
2127 980 2482 1037 Commendat
2510 982 2654 1038 enim
2685 997 2838 1038 suam
2875 990 3112 1053 gentem,
3161 985 3253 1053 qui
3282 984 3530 1040 oratione

1938 1075 2189 1148 placabili
2215 1077 2517 1148 permulcet
2557 1077 2762 1146 regiam
2790 1076 3186 1145 summitatem,
3213 1076 3433 1146 quando
3461 1091 3531 1134 ex

1935 1169 2094 1224 vobis
2120 1177 2176 1224 et
2203 1169 2342 1224 alter
2366 1171 2489 1226 talis
2514 1169 2772 1236 creditur,
2804 1185 2835 1224 a
2860 1185 2969 1241 quo
3019 1167 3212 1224 similia
3253 1168 3530 1239 postulen-

1938 1266 2045 1315 tur.
2077 1259 2292 1318 Patrem
2313 1276 2531 1332 quoque
2572 1262 2871 1318 clementia:
2912 1267 3112 1317 nostrte
3154 1259 3209 1314 in
3237 1259 3353 1330 ipsa
3383 1257 3533 1314 curia

1939 1351 2202 1408 libertatis
2230 1367 2336 1423 qua
2365 1353 2738 1409 disertitudine
2765 1353 2992 1409 devotus
3036 1352 3313 1408 asseruit?
3350 1350 3532 1407 Reco-

1938 1443 2048 1500 litis
2062 1444 2514 1514 quemadmodum
2539 1445 2679 1500 facta
2699 1443 2817 1514 ejus
2838 1453 3025 1500 orator
3048 1443 3204 1499 nobis
3225 1441 3531 1509 excolebat,

1939 1533 2166 1590 virtutes
2195 1535 2362 1606 ipsius
2386 1535 2508 1605 plus
2546 1533 2819 1590 mirabiles
2859 1533 3063 1590 faciens
3089 1549 3248 1603 quam
3279 1536 3532 1590 honores.

1939 1626 2000 1683 In
2027 1629 2278 1685 absoluto
2305 1629 2465 1684 datur
2506 1627 2740 1699 probare
2769 1626 2915 1697 quod
2943 1626 3190 1682 dicimus.
3223 1623 3532 1692 Estimate,

1941 1730 2125 1792 patres
2140 1722 2451 1793 conscripti,
2483 1721 2630 1792 quali
2656 1721 2829 1791 gratia
2858 1719 3111 1791 potuistis
3148 1718 3214 1774 ab
3244 1718 3337 1773 illo
3363 1717 3538 1787 respi-

225 1834 428 1879 tamen
457 1825 702 1894 exempla
729 1839 834 1877 non
864 1822 1111 1892 ponimus
1144 1839 1156 1874 :
1187 1829 1370 1875 vetera
1394 1819 1632 1874 moribus
1660 1817 1765 1873 tuis
1787 1826 1843 1873 et
1871 1825 1920 1886 Β
1946 1815 2015 1883 ci,
2049 1831 2079 1870 a
2105 1830 2334 1885 quorum
2361 1829 2422 1870 se
2444 1829 2673 1885 corpore
2697 1813 2774 1869 sic
2801 1812 3019 1868 videbat
3041 1811 3244 1867 ornari.
3276 1808 3542 1866 Gloriosis

224 1917 488 1971 omnium
540 1925 664 1971 vota
693 1915 840 1988 [Alii,
889 1913 1039 1984 voto]
1091 1912 1394 1982 complesti.
1446 1909 1843 1979 Percurre,jt1-

220 2014 410 2060 vante
435 2004 564 2071 Deo,
593 2005 776 2072 gloriae
820 2019 1089 2074 campum,
1115 2019 1273 2072 quem
1304 2016 1519 2072 semper
1545 2016 1576 2054 a
1609 2011 1662 2056 te
1691 2001 1845 2056 novi-

223 2114 368 2154 mus
397 2099 715 2167 expetitum.
740 2098 874 2152 Nam
903 2097 947 2151 si
973 2105 1024 2151 te
1045 2097 1412 2152 continentem
1438 2095 1519 2167 (ut
1547 2087 1841 2165 ckdimus)

223 2199 293 2245 et
329 2189 566 2258 dignitas
589 2190 688 2243 ista
718 2189 1062 2260 probaverit,
1092 2188 1197 2242 hoc
1239 2195 1322 2242 est
1349 2185 1528 2242 saeculi
1558 2185 1845 2240 ambitiosa

226 2295 554 2350 superasse.
598 2280 799 2334 Solitus
839 2277 990 2352 [Ms.,
1021 2275 1303 2348 sollicitus]
1335 2292 1393 2332 es
1438 2275 1654 2344 quidem
1697 2275 1843 2344 justa

227 2390 354 2429 non
386 2373 638 2438 vendere,
671 2371 767 2427 sed
814 2387 956 2426 nunc
1005 2378 1223 2442 oportet
1254 2370 1548 2440 impensius
1578 2369 1719 2423 laesis
1746 2383 1844 2438 per

231 2465 497 2534 injuriam
546 2464 850 2519 subvenire.
901 2463 1145 2532 lnvigilet
1187 2461 1607 2532 incorruptibilis
1653 2476 1845 2518 sensus

232 2557 504 2612 adversus
532 2555 671 2610 male
691 2564 976 2612 consuetas
1004 2571 1230 2610 manus:
1263 2554 1581 2610 excludatur
1609 2553 1846 2623 undique

230 2649 482 2706 studium
513 2645 1071 2716 fraudulentum,quia
1096 2645 1200 2701 hoc
1228 2645 1445 2714 dignum
1474 2653 1558 2699 est
1582 2659 1680 2714 per
1703 2643 1846 2714 judi-

235 2759 369 2798 cem
402 2742 685 2813 provenire
712 2741 1006 2795 sincerum.
1051 2739 1261 2793 Diutius
1301 2736 1520 2808 quidem
1548 2735 1845 2792 diﬂ‘erendo

234 2852 349 2907 pro
381 2843 433 2890 te
461 2842 781 2890 cunctorum
803 2838 934 2886 vota
955 2830 1294 2892 lassavimus,
1325 2835 1385 2883 ut
1413 2826 1846 2882 benevolentiam

237 2930 301 2986 in
333 2938 390 2984 te
421 2928 576 3000 155
608 2926 956 2997 probaremus
978 2921 1366 2992 generalitatis,
1397 2929 1452 2975 et
1473 2920 1682 2976 cunctis
1705 2918 1847 2975 desi-

236 3022 540 3079 derabilior
569 3020 868 3075 advenires.
894 3017 1071 3072 Habet
1098 3017 1202 3072 hoc
1229 3017 1373 3072 enim
1394 3016 1630 3071 humana
1658 3015 1846 3072 condi-

238 3116 348 3179 tio,
380 3121 442 3166 ut
461 3112 690 3168 celerius
715 3110 909 3180 adepta
937 3108 1158 3164 fastidio
1184 3109 1292 3163 sint
1323 3126 1336 3161 :
1370 3108 1496 3163 dum
1525 3123 1686 3164 omne
1715 3123 1845 3178 pre-

1945 1912 2143 1982 quippe
2165 1911 2398 1966 dominis
2416 1910 2648 1981 gratiosa
2676 1916 2801 1965 sunt
2822 1908 3090 1980 praeconia
3111 1923 3272 1979 quam
3297 1907 3496 1961 tributa
3518 1921 3536 1962 :

1946 2004 2069 2074 quia
2118 2002 2442 2074 stipendium
2495 2010 2552 2058 et
2603 2011 2834 2075 tyranno
2897 2001 3167 2072 penditur,
3227 1999 3541 2072 praedicatio

1946 2103 2124 2149 autem
2153 2095 2256 2149 uisi
2277 2095 2422 2150 bono
2461 2095 2691 2165 principi
2719 2110 2828 2150 non
2857 2094 3102 2150 debetur.
3135 2092 3293 2160 Quid,
3334 2108 3541 2164 pramo-

1947 2186 2117 2241 niales
2145 2186 2266 2252 viri,
2298 2186 2517 2242 creditis
2563 2186 2647 2242 bis
2675 2194 2883 2242 tantum
2910 2187 3074 2243 fuisse
3103 2193 3415 2242 contentum
3433 2223 3450 2250 ,
3482 2192 3542 2243 ut

1947 2278 2196 2334 dominos
2227 2279 2492 2334 niteretur
2516 2279 2740 2334 laudare
2766 2279 3102 2349 superstites,
3128 2293 3160 2332 a
3188 2277 3387 2348 quibus
3413 2277 3543 2333 dum

1945 2371 2260 2428 vicissitudo
2286 2372 2631 2444 praemiorum
2651 2371 2875 2427 forsitan
2904 2371 3183 2443 quaeritur,
3215 2369 3418 2425 laboris
3446 2374 3542 2425 ιω-

1945 2463 2033 2520 dia
2053 2480 2163 2521 non
2187 2463 2458 2518 vitantur?
2483 2463 2735 2518 Tetendit
2756 2479 2816 2518 se
2840 2463 3004 2518 etiam
3028 2461 3084 2516 in
3111 2460 3390 2530 antiquam
3415 2474 3542 2530 pro-

1946 2555 2151 2626 sapiem
2180 2564 2455 2623 nostram;
2487 2556 2720 2611 lectione
2748 2556 2960 2611 discens
2982 2554 3128 2625 quod
3146 2553 3237 2609 vix
3268 2552 3540 2623 majorum

1947 2651 2138 2706 notitia
2187 2665 2322 2705 cana
2369 2650 2655 2705 retinebat.
2687 2649 2796 2705 Iste
2840 2663 2997 2718 reges
3043 2646 3345 2704 Gothorum
3381 2647 3544 2716 longa

1947 2743 2222 2800 oblivione
2243 2743 2446 2798 celatos
2471 2742 2696 2798 latibulo
2724 2741 3008 2797 vetustatis
3029 2739 3231 2795 eduxit.
3256 2738 3363 2795 Iste
3390 2738 3544 2793 Ama-

1946 2838 2031 2894 los
2081 2853 2205 2892 cum
2253 2838 2467 2906 generis
2516 2837 2602 2891 sui
2649 2835 2895 2892 claritate
2944 2834 3205 2900 restituit,
3262 2831 3545 2888 evidenter

1947 2929 2238 2987 ostendens
2261 2931 2315 2985 in
2357 2930 2622 2985 decimam
2650 2929 2940 3001 septimam
2981 2927 3294 2998 progeniem
3320 2926 3544 2996 stirpem

1946 3041 2048 3082 nos
2072 3025 2276 3081 habere
2315 3024 2572 3095 regalem.
2619 3022 2892 3092 Originem
2939 3020 3227 3078 Gothicam
3256 3019 3545 3075 historiam

1947 3119 2079 3176 fecit
2123 3135 2244 3176 esse
2271 3118 2595 3185 Romanam,
2642 3117 2902 3186 colligens
2929 3116 3082 3186 quasi
3112 3114 3166 3169 in
3195 3128 3356 3168 unam
3387 3127 3547 3168 coro-

242 3205 451 3259 tiosum
480 3202 687 3257 vilescit
707 3202 982 3269 oblatum;
1022 3208 1076 3256 et
1105 3207 1296 3256 contra
1324 3199 1532 3255 dulcius
1561 3199 1841 3269 accipitur,
1872 3205 1918 3268 ρ
1949 3227 2072 3267 nam
2124 3226 2341 3282 germen
2395 3210 2645 3266 ﬂoridum
2685 3209 2830 3280 quod
2881 3224 2980 3281 per
3013 3207 3272 3263 librorum
3324 3220 3546 3276 campo;

242 3294 398 3367 quod
427 3295 525 3350 sub
555 3295 733 3363 aliqua
761 3293 1020 3348 dilatione
1049 3299 1353 3363 praestatur.
1385 3290 1490 3346 Sed
1520 3307 1629 3347 non
1657 3307 1844 3348 sumus

245 3385 629 3442 tantummodo
657 3385 725 3440 de
770 3391 984 3439 tuorum
1017 3391 1319 3454 temporum
1367 3382 1524 3438 laude
1562 3383 1842 3451 contenti;

242 3479 504 3553 perquire
551 3478 734 3534 omnia
785 3477 852 3531 ad
896 3477 1079 3534 titulos
1129 3475 1464 3547 prmfecturae
1507 3476 1845 3547 pnetorianze

241 3569 598 3643 pertinentia,
622 3583 743 3639 qua:
765 3567 995 3623 aliorum
1021 3567 1136 3622 visa
1159 3576 1243 3622 est
1281 3566 1535 3623 fraudare
1559 3567 1844 3638 cupiditas.

243 3662 369 3718 Non
399 3662 561 3718 liceat
584 3674 910 3730 quemquam
937 3659 1155 3728 gloriari
1182 3658 1338 3714 furtis
1387 3666 1480 3715 aut
1520 3659 1847 3731 prtejudiciis

241 3755 382 3811 suis.
415 3753 621 3807 Lumen
651 3759 705 3806 te
733 3749 1053 3806 immisimus
1075 3749 1237 3806 rebus
1264 3750 1473 3818 celatis,
1505 3753 1719 3821 quando
1744 3767 1846 3810 nec

243 3842 547 3917 prudentiae
587 3850 695 3896 tua;
720 3842 1002 3911 quisquam
1047 3841 1249 3912 poterit
1273 3841 1517 3907 illudere,
1559 3857 1659 3898 nec
1686 3841 1847 3899 ﬁdem

243 3937 434 4006 aliqua
463 3935 737 3991 oblatione
783 3934 1012 3989 lentare.
1061 3931 1343 3990 Constitue
1370 3941 1427 3990 et
1455 3934 1580 3989 huic
1605 3935 1846 4004 regulam

244 4030 516 4101 dignitati,
540 4030 631 4101 qui
667 4027 930 4084 anteactis
955 4027 1188 4084 fascibus
1215 4027 1474 4083 mirabilis
1501 4028 1846 4084 continentiae

245 4121 499 4191 exempla
545 4119 838 4192 praebuisti.
867 4118 1002 4174 Nam
1047 4119 1175 4174 licet
1203 4132 1393 4174 omnes
1440 4133 1581 4188 pene
1609 4119 1845 4175 honores

246 4227 494 4272 summos
533 4211 812 4282 aequaliter
865 4210 1070 4280 egeris,
1121 4209 1290 4265 habes
1341 4218 1524 4264 tamen
1567 4209 1844 4280 proposita

247 4303 595 4360 conscientiae
619 4303 784 4370 bona,
812 4300 903 4356 ubi
951 4301 1154 4356 nullam
1179 4300 1335 4356 decet
1362 4315 1483 4357 esse
1510 4315 1839 4356 mensuram.

251 4394 354 4452 Hic
383 4395 524 4451 enim
554 4394 813 4450 decorum
853 4402 936 4449 est
982 4393 1271 4450 terminum
1318 4409 1430 4450 non
1479 4394 1680 4450 habere
1712 4412 1725 4448 :
1755 4394 1845 4450 hic

248 4489 479 4544 honesta
507 4487 769 4558 probatur
817 4484 1058 4552 ambitio,
1089 4484 1244 4554 cujus
1298 4486 1461 4541 etiam
1491 4492 1548 4541 et
1594 4485 1842 4542 nimietas

1947 3305 2148 3378 passim
2175 3303 2350 3360 fuerat
2376 3312 2502 3360 ante
2538 3303 2858 3374 dispersum.
2912 3299 3237 3371 Perpendite
3284 3304 3546 3367 quantum

1946 3414 2047 3454 vos
2073 3397 2129 3454 in
2153 3404 2340 3454 nostra
2367 3395 2525 3452 laude
2553 3394 2824 3488 dilexqrit,
2848 3393 2941 3464 qui
2967 3393 3135 3448 vestri
3167 3388 3425 3462 principis
3448 3401 3548 3443 na-

1946 3489 2152 3545 tionem
2207 3488 2395 3545 docuit
2449 3488 2518 3543 ab
2565 3479 2888 3556 antiquitate
2933 3482 3264 3549 mirabilem;
3296 3488 3358 3536 ut
3405 3479 3550 3535 sicut

1947 3579 2124 3635 fuistis
2147 3594 2176 3634 a
2206 3578 2502 3649 majoribus
2528 3577 2724 3633 vestris
2761 3589 2978 3645 semper
3016 3573 3227 3629 nobiles
3253 3569 3546 3640 aestimati,

1947 3673 2023 3730 ita
2049 3672 2202 3730 vobis
2228 3687 2412 3728 rerum
2441 3672 2661 3742 antiqua
2690 3668 2975 3742 progenies
3018 3669 3329 3740 imperaret.
3358 3662 3549 3720 Credi-

1947 3782 2086 3834 mus,
2118 3774 2302 3838 patres
2329 3765 2640 3836 conscripti,
2673 3763 2799 3821 etsi
2827 3762 3004 3818 adhuc
3032 3760 3238 3818 referre
3273 3758 3542 3825 volumus,

1946 3858 2210 3916 beneﬁcia
2252 3857 2448 3915 collata
2476 3865 2822 3928 superantur.
2855 3854 3064 3911 Nostris
3089 3864 3310 3922 quoque
3351 3847 3545 3920 princi-

1946 3951 2051 4022 piis
2072 3959 2276 4021 quanto
2304 3965 2364 4005 se
2394 3949 2580 4005 labore
2617 3946 2921 4014 concessit,
2975 3958 3099 3999 cum
3147 3941 3362 3996 novitas
3390 3937 3545 4008 regni

1947 4043 2116 4099 multa
2145 4048 2396 4113 posceret
2422 4039 2708 4096 ordinari?
2737 4036 2865 4092 Erat
2894 4035 3042 4090 solus
3064 4033 3130 4087 ad
3160 4029 3409 4086 universa
3431 4026 3547 4085 suf-

1948 4135 2155 4192 ficiens.
2181 4133 2359 4205 ipsum
2389 4133 2612 4188 dictatio
2638 4130 2872 4202 publica,
2905 4128 3078 4197 ipsum
3106 4122 3328 4180 consilia
3359 4129 3544 4178 nostra

1947 4225 2276 4295 poscebant;
2302 4231 2357 4278 et
2378 4221 2563 4277 labore
2589 4220 2707 4289 ejus
2729 4226 2911 4274 actum
2940 4223 3024 4272 est
3051 4229 3122 4269 ne
3141 4214 3413 4268 laboraret
3443 4212 3544 4266 im-

1945 4317 2178 4388 perium.
2211 4314 2530 4387 Reperimus
2551 4328 2677 4368 eum
2707 4310 2926 4381 quidem
2955 4309 3290 4379 magistrum,
3319 4305 3414 4362 sed
3443 4305 3546 4361 im-

1947 4408 2113 4478 plevit
2138 4407 2296 4463 nobis
2323 4404 2608 4476 quaestoris
2634 4402 2908 4469 ofﬁcium;
2938 4409 2994 4458 et
3014 4397 3295 4456 mercedes
3310 4395 3542 4468 justissi-

1944 4515 2034 4554 ma
2065 4499 2355 4555 devotione
2383 4497 2716 4568 persolvens,
2748 4494 3038 4560 cautelam,
3071 4507 3230 4564 quam
3260 4490 3330 4546 ab
3361 4497 3540 4545 aucto-

248 4582 449 4652 Dlacei-
476 4578 648 4636 omne
692 4579 955 4650 Siquidem
985 4577 1385 4648 Ρηθίῖίοθηάυῐη
1431 4592 1634 4650 quam-0
1659 4579 1842 4652 Prom"
1869 4585 2006 4648 Dre
2047 4598 2233 4646 nostro
2301 4588 2581 4652 didicerat,
2637 4587 2868 4643 libenter
2942 4583 3171 4642 hmredis
3223 4581 3543 4639 utilitatibus

251 4674 364 4729 sius
388 4671 669 4743 quaeritur,
701 4678 854 4726 tanto
884 4670 1174 4740 gloriosius
1195 4671 1486 4728 invenitur.

780 4780 1111 4836 EPISTOLA
1148 4779 1315 4836 XXV.

465 4887 690 4928 SENATUI
721 4889 869 4928 URBIS
899 4888 1056 4928 ΒΟΜΕ
1085 4889 1450 4930 ATHALARICUS
1474 4889 1600 4930 REX.

254 4967 446 5026 Scribit
489 4986 543 5024 se
573 4968 903 5032 Cassiodoro,
937 4983 1084 5039 quem
1140 4985 1453 5038 magnopere
1498 4969 1844 5036 commendat,

494 5041 855 5112 prwfecturam
885 5039 1259 5109 prwtorianam
1289 5042 1618 5094 concessisse.

324 5130 728 5187 Cumulavimus
754 5128 996 5198 quidem,
1027 5138 1209 5199 patres
1229 5131 1545 5201 conscripti,
1571 5132 1846 5191 beneficiis

255 5224 449 5280 nostris
475 5223 756 5293 COpiosum
799 5222 1114 5286 virtutibus,
1163 5223 1381 5278 divitem
1425 5225 1682 5291 moribus,
1730 5226 1847 5296 ple-

257 5335 381 5373 num
409 5319 616 5388 magnis
642 5317 939 5372 honoribus
983 5325 1291 5374 senatorem
1323 5336 1335 5372 :
1366 5319 1518 5388 cujus
1563 5321 1608 5376 si
1654 5323 1846 5379 merita

258 5409 626 5476 consideretis,
677 5409 936 5464 debemus
985 5423 1147 5462 omne
1197 5409 1343 5478 quod
1397 5411 1674 5469 solvimus.
1728 5414 1844 5482 Qua

258 5502 395 5557 enim
445 5501 886 5572 compensatione
932 5499 1393 5557 commendandus
1435 5512 1536 5571 est,
1567 5506 1659 5575 qui
1685 5521 1843 5564 aures

259 5592 641 5648 dominantium
703 5591 971 5648 luculenta
1029 5590 1221 5660 saepius
1267 5592 1647 5661 prmdicatione
1694 5611 1844 5652 com-

260 5687 458 5758 plevit?
486 5687 781 5758 Dignitates
825 5687 927 5744 sibi
955 5686 1188 5743 creditas
1213 5687 1411 5744 eximia
1437 5690 1698 5760 gravitate
1728 5697 1842 5747 tra-

1949 4683 2258 4740 exhibebat.
2287 4681 2488 4738 Verum
2535 4679 2620 4736 his
2647 4679 2850 4750 aliquid
2895 4679 3073 4748 majus
3121 4675 3399 4745 adjiciens,
3430 4673 3542 4743 pri-

1950 4775 2157 4831 mordia
2185 4775 2338 4845 regni
2383 4774 2554 4830 nostri
2583 4780 2637 4828 et
2678 4772 2841 4826 armis
2891 4771 3031 4841 juvit
3057 4775 3112 4824 et
3155 4768 3366 4824 litteris.
3400 4764 3536 4819 Nam

1949 4865 2076 4922 dum
2116 4881 2259 4922 curae
2290 4866 2532 4920 littorum
2560 4863 2738 4935 regias
2777 4861 3132 4934 cogitationes
3177 4859 3536 4923 incesserent,

1949 4960 2124 5017 subito
2163 4975 2195 5014 a
2243 4959 2543 5014 litterarum
2597 4955 2962 5029 penetralibus
2991 4953 3218 5024 ejectus,
3265 4964 3368 5020 par
3429 4946 3539 5003 suis

1948 5049 2243 5119 majoribus
2272 5049 2528 5104 ducatum
2555 5047 2782 5118 sumpsit
2809 5044 3107 5116 intrepidus
3132 5061 3145 5096 :
3177 5040 3264 5098 cui
3292 5037 3417 5109 quia
3445 5036 3540 5093 de-

1949 5140 2047 5196 fuit
2068 5141 2256 5209 hostis,
2289 5141 2529 5197 moribus
2560 5139 2910 5210 triumphavit
2937 5135 3167 5192 eximiis.
3201 5133 3335 5187 Nam
3364 5130 3537 5200 depu-

1952 5241 2094 5289 tatos
2129 5232 2337 5290 Gothos
2365 5233 2595 5305 propriis
2622 5232 2768 5302 pavit
2790 5229 3063 5301 expensis,
3096 5233 3155 5280 ut
3183 5239 3283 5280 nec
3311 5222 3532 5294 provin-

1949 5326 2114 5382 ciales
2140 5325 2477 5396 percelleret,
2521 5338 2622 5380 nec
2663 5322 2847 5378 ﬁscum
2892 5327 3139 5395 nostrum
3177 5328 3535 5387 expensarum

1955 5417 2208 5474 oneribus
2236 5415 2560 5486 ingravaret.
2610 5413 2775 5468 Arma
2819 5410 2938 5481 ejus
2984 5409 3131 5464 nulla
3161 5419 3532 5478 possessorum

1953 5509 2146 5566 damna
2169 5515 2474 5564 senserunt.
2502 5505 2626 5562 Fuit
2652 5504 2901 5560 nimirum
2937 5500 3339 5573 provinciarum
3364 5497 3527 5553 veris-

1950 5600 2118 5656 simus
2169 5608 2370 5656 custos.
2424 5598 2559 5652 Nam
2604 5597 2694 5651 ille
2724 5594 2975 5650 defensor
3010 5593 3229 5665 proprie
3277 5589 3538 5647 dicendus

1950 5703 2054 5762 est,
2083 5693 2174 5764 qui
2196 5701 2378 5748 tuetur
2397 5688 2635 5746 innoxie.
2659 5687 2784 5744 Mox
2812 5694 2995 5744 autem
3021 5694 3082 5742 ut
3104 5694 3316 5757 tempus
3342 5680 3539 5740 clausit

330 5880 358 5913 ι
399 5870 561 5943 Infra,
603 5872 763 5945 epist.
807 5886 949 5945 seq.,
996 5881 1305 5950 purpuratae
1341 5875 1563 5948 laudes;
1602 5876 1696 5939 lib.
1726 5892 1844 5955 vm,
1877 5878 2037 5954 epist.
2069 5875 2125 5950 5,
2153 5874 2430 5936 infantiam
2452 5879 2823 5947 purpuratam.
2850 5870 3090 5932 Fonnsn.
