4006 6448
239 334 361 393 ἩΠ

1495 345 1498 348 ’
1523 335 1888 396 VARIARUII
1925 336 2130 396 LIBER
2167 337 2237 398 Χ.

3425 345 3530 413 798

241 452 418 516 sumi,
441 451 660 518 quando
679 460 736 508 et
761 468 862 510 nos
883 469 988 524 pro
1005 455 1279 512 desiderio
1307 465 1490 513 vestro
1517 458 1569 512 in
1600 457 1682 512 bis
1707 469 1844 525 quos
1871 456 1922 513 Δ
1949 460 2010 507 ut
2030 468 2136 509 non
2156 455 2406 511 moris
2427 456 2508 512 sui
2528 470 2742 529 causas,
2764 457 3056 517 κάνδυι
3067 461 3255 533 peritis
3275 468 3531 534 augmen-

239 545 677 604 commeadastis
705 549 830 604 talia
867 548 1096 607 (animm
1121 551 1300 621 qualia
1337 563 1437 608 vos
1477 567 1722 623 sperasse
1748 567 1842 609 co-

240 648 558 704 gnovnuus.

831 776 1162 832 EPISTULA
1198 777 1262 832 I—I.

435 880 738 922 JUSTINIANO
764 884 1084 924 IMPERATORI
1116 876 1496 932 'rtltzopimbrs
1526 887 1649 925 nux.

245 951 541 1026 Signiﬁcat
567 975 623 1011 se
664 959 726 1010 ab
757 961 1131 1013 Amalasmttlm
1161 964 1209 1013 in
1242 965 1433 1015 socium
1468 966 1610 1033 regni
1642 979 1843 1017 assum-

540 1038 714 1097 ptum,
746 1042 798 1082 et
824 1034 949 1100 petit
978 1041 1034 1084 ut
1054 1034 1253 1102 judicio
1279 1050 1371 1086 suo
1402 1036 1589 1103 fat-ent.

323 1138 491 1195 Novis
519 1143 732 1210 regibus
776 1159 894 1198 mos
916 1154 998 1199 est
1043 1155 1067 1180 ιι
1101 1160 1198 1215 per
1236 1148 1471 1201 diversas
1499 1154 1684 1215 gentes
1713 1163 1843 1217 pro-

239 1241 446 1287 vectus
497 1235 578 1288 sui
633 1235 822 1302 gaudia
856 1237 1132 1301 nuntiare,
1175 1248 1236 1292 ut
1263 1240 1544 1308 acquirant
1591 1239 1840 1294 affectum

243 1322 516 1393 principis
537 1327 744 1379 externi
761 1326 827 1381 de
850 1327 960 1396 ipsa
986 1329 1365 1384 communione
1388 1330 1663 1398 regnandi.
1690 1329 1844 1395 Quod

239 1416 475 1471 facienti
523 1419 672 1485 mihi,
705 1419 943 1488 piissime
984 1421 1299 1491 imperator,
1329 1424 1498 1477 multo
1531 1424 1718 1477 melius
1749 1424 1841 1476 Di-

235 1507 377 1561 vina
407 1508 707 1564 tribuerunt
739 1527 752 1563 :
785 1511 1035 1579 quoniam
1089 1522 1319 1568 vestram
1349 1514 1571 1582 gratiam
1623 1529 1844 1569 securus

175 1641 190 1682 ι
237 1608 474 1670 expeto,
507 1615 666 1670 quam
710 1603 1258 1672 przecellentissimam
1303 1606 1554 1660 domnam
1601 1621 1842 1661 sororem

233 1699 500 1746 nostram
528 1693 682 1747 vobis
713 1695 980 1764 pepigisse
1006 1709 1298 1763 cognosco.
1332 1696 1412 1750 Ab
1443 1695 1556 1762 ejus
1587 1697 1730 1750 enim
1754 1696 1842 1766 ju-

192 1816 194 1818 τ
235 1785 396 1840 dicio
440 1801 526 1840 me
580 1788 886 1841 nullatenus
927 1789 1142 1842 deviare
1184 1789 1540 1844 certissimum
1587 1798 1687 1854 est,
1721 1806 1840 1859 qua:

229 1888 401 1933 tanta
428 1881 704 1950 sapientiae
730 1883 848 1936 luce
877 1883 1212 1952 resplendet,
1259 1891 1317 1937 ut
1344 1893 1396 1937 ct
1426 1884 1639 1952 propria
1671 1898 1833 1951 regna

231 1975 482 2030 mirabili
533 1976 884 2046 dispositione
925 1985 1234 2045 componat,
1282 1983 1335 2030 et
1362 1977 1678 2046 promissam
1705 1993 1837 2031 cun-

229 2065 350 2119 ctis
381 2065 608 2133 gratiam
650 2067 871 2120 robusta
900 2064 1151 2120 ﬁrmitate
1180 2068 1469 2122 custodiat.
1523 2067 1651 2157 It’o
1693 2063 1836 2122 enim

233 2171 342 2210 me
373 2168 624 2210 curarum
664 2173 881 2212 suarum
910 2159 1035 2214 fecit
1078 2174 1194 2214 esse
1235 2160 1462 2228 socium,
1492 2170 1755 2229 quatenus
1783 2167 1836 2214 et

231 2261 352 2316 ego
416 2247 538 2303 illos
579 2247 880 2303 desiderem
931 2251 1129 2304 habere
1179 2251 1525 2316 reverendus,
1578 2268 1711 2320 quos
1736 2253 1836 2308 sibi

232 2339 364 2406 ipsa
395 2339 522 2393 fecit
549 2355 669 2394 esse
696 2341 949 2410 paciﬁcos
979 2359 992 2394 :
1025 2342 1326 2411 pntdentir'e
1365 2357 1474 2396 suae
1504 2358 1654 2398 more
1700 2342 1837 2410 diju-

235 2429 459 2498 dicans,
490 2439 548 2484 ut
577 2433 761 2486 talium
787 2433 1049 2488 amicitias
1081 2435 1322 2503 eligeret,
1355 2435 1445 2504 qui
1473 2435 1527 2490 in
1557 2444 1673 2491 toto
1703 2438 1836 2492 orbe

231 2522 423 2576 simile
438 2524 511 2577 nil
527 2525 809 2580 haberent.
833 2526 1019 2596 Neque
1039 2529 1181 2582 enim
1205 2544 1346 2583 nova
1363 2531 1562 2584 estista
1588 2531 1832 2599 dilectio;

235 2630 372 2668 nam
393 2617 440 2670 si
468 2618 811 2672 decessurum
839 2629 1148 2675 nostrorum
1171 2619 1318 2692 [Ms.,
1343 2622 1666 2694 vestrorum]
1694 2623 1834 2678 facta

235 2709 524 2773 recolatis,
558 2712 849 2778 agnoscitis
870 2712 1154 2782 quamdam
1184 2728 1303 2768 esse
1325 2714 1730 2771 consuetudinis
1758 2716 1807 2770 le
1823 2746 1835 2756 -

231 2814 403 2869 gem,
433 2817 555 2857 cum
606 2802 697 2857 illo
724 2802 950 2873 imperio
1009 2805 1294 2860 amicitiam
1325 2807 1349 2843 δ
1380 2807 1596 2861 Amalos
1625 2824 1838 2878 semper

239 2892 523 2948 habuisse.
557 2892 688 2960 Qum
732 2900 884 2948 tanto
925 2897 1141 2962 certior,
1176 2907 1374 2966 quanto
1400 2900 1682 2968 vetustior,
1713 2903 1838 2970 quia

235 2982 410 3038 facile
461 2986 658 3039 mutari
709 3002 815 3040 non
861 2995 1042 3057 potest
1073 2999 1095 3026 ο
1149 2991 1288 3058 quod
1337 3007 1431 3059 per
1460 2993 1614 3061 longa
1645 2996 1837 3050 szecula

237 3076 567 3130 custoditur.
603 3076 870 3147 Suscipite
901 3080 1079 3148 itaque
1121 3079 1425 3138 atiectuOsis
1474 3087 1742 3140 un-ntibus
1783 3095 1840 3142 et

243 3173 440 3221 nostra
465 3167 778 3236 primordia,
809 3178 862 3224 et
900 3170 1109 3225 domum
1139 3174 1338 3228 sororis
1368 3183 1582 3240 nostra»,
1610 3177 1693 3230 cui
1723 3177 1836 3231 sin-

241 3257 513 3322 gulariter
541 3259 782 3325 studetis,
810 3260 1012 3328 judicio
1042 3262 1236 3317 favete.
1260 3264 1391 3318 Nam
1416 3267 1459 3320 si
1487 3283 1569 3319 me
1595 3269 1839 3324 similiter

237 3348 499 3418 diligitis,
552 3365 730 3418 regem
761 3353 1160 3420 quodanunodo
1208 3358 1408 3426 pariter
1454 3357 1684 3414 efﬁcitis.
1734 3359 1842 3416 Sed

239 3441 505 3510 quoniam
534 3458 633 3497 nos
660 3445 886 3513 amplius
917 3446 1061 3514 loqui
1091 3446 1352 3503 desideria
1385 3452 1637 3505 novitatis
1667 3467 1837 3524 expo-

241 3541 428 3599 scunt,
477 3544 534 3589 et
575 3535 871 3592 litterarius
920 3553 1096 3594 sermo
1147 3557 1367 3596 narrare
1411 3544 1699 3613 plurimum
1730 3562 1840 3602 non

246 3627 479 3696 patitur,
528 3627 650 3683 ideo
677 3630 838 3684 tantis
884 3632 1090 3685 meritis
1123 3633 1279 3703 (sicut
1310 3634 1527 3701 dignum
1557 3639 1660 3708 est)
1691 3638 1838 3693 salu-

247 3719 476 3773 tationis
505 3720 712 3776 honore
735 3723 1031 3792 completo,
1055 3723 1243 3779 harum
1275 3728 1624 3796 portitoribus
1654 3731 1840 3797 legatis

240 3812 458 3863 nostris
483 3811 659 3880 aliqua
688 3814 875 3882 pietati
905 3825 1094 3869 vestrae
1122 3817 1482 3885 delegavimus
1512 3822 1804 3878 intimanda
1822 3867 1837 3894 ,

241 3901 380 3970 quia
411 3918 571 3957 nemo
601 3905 782 3959 utilius
815 3913 1010 3961 tractat
1057 3924 1217 3977 quam
1248 3913 1338 3980 qui
1367 3920 1559 3968 vestrm
1589 3929 1838 3972 mansuc-

243 3993 427 4049 tudini
457 3998 791 4054 committere
820 4015 914 4054 sua
946 4010 1070 4056 vota
1100 4003 1380 4060 deliberat.

809 4133 1142 4192 EPISTOLA
1179 4139 1241 4194 III
1254 4182 1266 4194 .

438 4237 661 4280 SBNATUI
687 4241 834 4282 UBBIS
863 4244 1019 4284 “0*!le
1047 4248 1430 4290 AMALASL’NTIIA
1458 4251 1668 4292 REGINA.

255 4313 548 4394 Denuutiat
571 4335 625 4370 se
649 4320 703 4371 in
735 4323 1028 4394 sacietatem
1059 4326 1203 4394 regni
1237 4324 1635 4384 T/tcodahadum
1667 4331 1840 4387 multis

323 4387 618 4466 uirtutibus,
667 4392 828 4466 multa
877 4387 1137 4461 sapientia
1173 4409 1478 4450 exornatum
1524 4417 1760 4466 vocasse;
1791 4414 1840 4456 ct

322 4459 454 4528 petit
472 4469 528 4512 ut
555 4460 650 4513 hac
674 4462 738 4516 de
762 4478 916 4515 causa
939 4459 1144 4533 gratias
1186 4466 1292 4520 Deo
1323 4470 1570 4538 referant.

1945 554 2005 599 ta
2030 548 2308 616 cogitaret.
2357 549 2708 616 Quaesivimus
2732 554 2939 623 regales
2982 567 3139 610 curas
3182 565 3290 626 quo
3336 558 3530 614 solatio

1949 639 2282 694 fulcit-emus.
2308 638 2416 696 Sed
2445 643 2754 698 auctor‘ille
2781 646 3045 701 castitatis
3065 656 3126 701 ‘et
3149 648 3530 703 misericordiae

1947 734 2262 801 singularis,
2302 734 2395 802 qui
2442 735 2598 790 nobis
2641 736 2955 805 primaevam
2995 741 3366 795 subtracturus
3413 743 3531 795 erat
3621 791 3624 794 .

1945 826 2136 894 ﬁlium,
2165 829 2359 882 maturi
2389 827 2566 882 fratris
2607 830 2900 884 reservavit
2937 830 3206 886 atiectum.
3235 832 3526 900 Elegimus,

1947 918 2060 973 Deo
2089 921 2327 989 auspice,
2361 929 2667 975 consortem
2710 921 2860 988 regni
2891 919 3250 976 felicissimum
3281 923 3527 978 Theoda-

1941 1008 2142 1063 indum
2184 1010 2344 1078 (Vide
2374 1011 2568 1065 Baron.
2600 1020 2721 1065 tom.
2757 1009 2846 1065 VII
2873 1012 3091 1078 Annal.,
3129 1029 3250 1082 pug.
3282 1012 3438 1083 2%);
3473 1023 3531 1067 ut

1943 1116 2062 1170 quae
2091 1102 2350 1157 hactenus
2380 1103 2687 1172 reipublicae
2707 1103 2907 1157 molem
2939 1103 3176 1157 solitaria
3204 1106 3530 1172 cogitatione

1945 1193 2283 1260 pertulimus,
2318 1208 2460 1247 nunc
2498 1194 2754 1248 utilitates
2779 1194 3018 1248 omnium
3053 1193 3253 1262 junctis
3296 1195 3530 1249 consiliis

1942 1298 2337 1354 exsequamur;
2369 1295 2636 1355 quatenus
2661 1287 2716 1340 in
2745 1287 3058 1341 tractatibus
3083 1287 3208 1352 duo,
3239 1287 3290 1340 in
3311 1295 3531 1342 sentem

1945 1379 2033 1433 tiis
2065 1396 2207 1435 unus
2231 1396 2351 1436 esse
2393 1382 2689 1436 videamur.
2720 1381 2877 1438 Astra
2917 1385 3031 1454 ipsa
3057 1385 3178 1440 coeli
3223 1392 3411 1438 mutuo
3440 1399 3528 1438 rc-

1941 1485 2138 1545 gannit-
2159 1479 2377 1544 auxilio,
2411 1486 2465 1533 et
2491 1480 2692 1534 vicario
2716 1479 2899 1534 labore
2926 1480 3242 1550 participata
3271 1480 3527 1534 mundum

1943 1569 2055 1623 suis
2083 1570 2370 1625 luminibus
2397 1569 2797 1625 administrant.
2825 1570 2930 1640 Ipsi
2960 1585 3174 1640 quoque
3204 1571 3409 1624 homini
3432 1570 3529 1622 dn-

1944 1662 2108 1731 plices
2138 1677 2357 1727 manus,
2406 1663 2579 1717 socias
2608 1678 2794 1725 aures,
2842 1663 3029 1717 oculos
3071 1662 3312 1730 geminos
3343 1661 3526 1714 Divina

1945 1753 2284 1818 tribuerunt;
2333 1761 2392 1807 ut
2441 1753 2715 1808 robustius
2743 1762 3092 1825 perageretur
3121 1752 3354 1808 ollicium
3385 1753 3528 1820 quod

1867 1832 2169 1897 Bduorum
2221 1841 2396 1897 fuerat
2450 1844 2709 1898 societate
2761 1843 3158 1914 complendum.
3210 1841 3525 1910 Exsultate,

1937 1937 2118 2000 patres
2145 1934 2457 2001 conscripti,
2504 1941 2559 1988 ct
2589 1932 2786 1989 factum
2835 1943 3079 1990 nostrum
3108 1936 3353 2004 supernis
3380 1951 3528 1989 com-

1938 2023 2189 2078 mendate
2212 2025 2514 2080 virtutibus.
2545 2026 2682 2080 Nihil
2709 2028 3131 2097 reprehensibile
3160 2027 3526 2084 desideramus

1938 2125 2129 2181 agere,
2161 2129 2278 2182 qua:
2324 2130 2444 2169 cum
2486 2115 2710 2172 consilio
2739 2118 2959 2173 alterius
2999 2127 3191 2173 cuncta
3231 2117 3526 2186 delegimus

1937 2206 2206 2259 ordinare.
2240 2206 2562 2262 Communia
2605 2209 2867 2278 siquidem
2905 2210 3056 2278 regni
3094 2225 3272 2266 mores
3312 2212 3521 2274 asserit,

1938 2297 2153 2364 quando
2184 2299 2465 2366 placabilis
2505 2315 2625 2355 esse
2660 2301 2804 2370 juste
2834 2304 3088 2370 creditur,
3121 2305 3210 2372 qui
3242 2306 3525 2373 potestatis

1937 2404 2046 2443 sum
2094 2391 2294 2446 habere
2334 2392 2648 2463 participem
2697 2396 3098 2464 comprobatur.
3150 2393 3525 2451 Reseravimus

1939 2481 2144 2551 itaque,
2175 2481 2288 2538 Deo
2309 2482 2561 2553 juvante,
2591 2485 2788 2556 palatia
2817 2485 2935 2542 viro
2963 2486 3131 2542 nostri
3162 2488 3376 2556 generis
3416 2487 3525 2542 cla-

1935 2575 2099 2629 ritate
2137 2577 2433 2645 conspicuo
2454 2620 2469 2646 ,
2518 2579 2609 2648 qui
2640 2580 2952 2634 Amaloru‘m
2982 2582 3150 2650 stirpe
3186 2581 3520 2649 progenitus,

1937 2665 2170 2732 regalem
2220 2666 2418 2721 habeat
2462 2669 2514 2721 in
2571 2671 2780 2725 actibus
2828 2672 3141 2739 dignitatem
3174 2689 3184 2722 :
3217 2674 3426 2740 patiens
3473 2673 3523 2724 in

1939 2757 2199 2825 adversis,
2229 2759 2542 2813 moderatus
2574 2761 2625 2814 in
2654 2763 2927 2832 prosperis
2953 2781 2966 2828 ;
3000 2772 3072 2827 et,
3104 2764 3246 2833 quod
3275 2763 3523 2826 diflicillie

1939 2862 2086 2901 mam
2115 2851 2399 2918 potestatis
2439 2866 2606 2920 genus
2636 2862 2739 2921 est,
2773 2855 2900 2909 olim
2941 2863 3122 2909 rector
3147 2856 3250 2909 sui.
3284 2856 3525 2910 Accessit

1940 2939 2022 2993 his
2045 2941 2198 2995 bonis
2225 2941 2594 2999 desiderabilis
2638 2945 2868 3000 eruditio
2917 2947 3239 3014 litterarum,
3289 2960 3412 3019 qure
3440 2965 3529 3004 na-

1939 3039 2113 3086 turam
2136 3033 2456 3088 laudabilem
2480 3036 2674 3090 eximie
2693 3037 2868 3092 reddit
2881 3046 3126 3092 ornatam
3142 3036 3189 3092 ἀ.
3204 3039 3281 3093 Ibi
3297 3041 3528 3109 prudens

1941 3122 2171 3189 invenit,
2223 3125 2364 3180 unde
2407 3127 2706 3196 sapientior
2755 3128 2881 3195 ﬁat;
2933 3131 3004 3185 ibi
3046 3131 3278 3187 bellator
3305 3134 3525 3202 reperit,

1866 3228 1913 3292 α
1943 3216 2084 3270 unde
2115 3216 2276 3270 animi
2304 3218 2506 3274 virtute
2534 3221 2819 3276 roboretur
2849 3240 2861 3275 :
2891 3223 3014 3278 inde
3041 3225 3289 3294 princeps
3336 3228 3528 3296 accipit

1944 3307 2396 3374 quemadmodum
2453 3311 2679 3380 populos
2726 3311 2826 3365 sub
2866 3314 3173 3383 tequalitate
3203 3326 3526 3385 componat;

1944 3413 2048 3453 nec
2067 3397 2250 3468 aliqua
2279 3399 2332 3454 in
2362 3401 2562 3456 mundo
2585 3409 2762 3470 potest
2787 3418 2907 3458 esse
2930 3403 3163 3472 fortuna,
3195 3422 3357 3475 quam
3387 3407 3530 3464 litte-

1941 3503 2125 3543 rarum
2169 3504 2276 3543 non
2323 3499 2516 3558 augeat
2563 3492 2796 3560 gloriosa
2853 3495 3068 3550 notitia.
3118 3496 3358 3566 Accipite
3388 3497 3529 3568 quod

1943 3577 2120 3647 mast
2146 3580 2513 3646 generalitatis
2541 3591 2666 3635 vota
2693 3594 3028 3640 meruerunt.
3076 3587 3327 3657 Princeps
3351 3597 3532 3643 vester

1944 3669 2106 3723 etiam
2139 3671 2523 3727 ecclesiasticis
2550 3680 2634 3728 est
2665 3673 2860 3728 litteris
2905 3676 3148 3731 eruditus
3181 3687 3204 3715 ε
3232 3695 3244 3731 :
3277 3693 3307 3731 a
3335 3679 3529 3747 quibus

1941 3775 2156 3831 semper
2177 3763 2434 3832 quidquid
2456 3773 2536 3818 est
2564 3779 2664 3834 pro
2695 3766 2912 3821 homine
2942 3767 3088 3839 [Ed.,
3123 3769 3350 3838 honore]
3380 3786 3528 3823 com-

1940 3869 2219 3908 mouemur
2251 3875 2261 3906 :
2289 3855 2533 3924 judicare
2563 3863 2731 3922 recte,
2761 3861 2957 3913 bonum
2995 3875 3207 3929 sapere,
3239 3859 3417 3914 divina
3445 3875 3530 3915 ve-

1940 3948 2144 4016 nerari,
2176 3946 2352 4002 futura
2381 3950 2623 4016 cogitare
2666 3949 2885 4017 judicia.
2930 3950 3161 4005 Necesse
3191 3958 3273 4007 est
3297 3952 3438 4004 enim
3469 3960 3528 4005 ut

1939 4048 2190 4108 sequatur
2227 4039 2447 4108 justitiae
2493 4041 2809 4109 vestigium,
2855 4043 2944 4110 qui
2997 4043 3063 4096 de
3113 4058 3208 4097 sua
3259 4045 3525 4098 sententia

1941 4145 2160 4186 oausam
2189 4147 2246 4185 se
2273 4132 2445 4185 credit
2472 4148 2594 4186 esse
2632 4133 2922 4189 dictarunt.
2959 4134 3190 4189 Viderim
3216 4149 3335 4204 qute
3364 4136 3526 4191 lectio

1943 4231 2103 4277 acuat
2125 4226 2416 4292 ingenium,
2448 4225 2627 4279 divina
2655 4241 2870 4295 semper
2896 4226 3110 4282 efﬁcere
3139 4229 3327 4282 nititur
3353 4230 3522 4298 pium.

1949 4315 2235 4370 Veniamus
2261 4316 2330 4370 ad
2354 4317 2502 4370 illam
2523 4319 2742 4387 privatae
2765 4317 3010 4374 Ecclesia
3035 4320 3393 4388 largissimum
3419 4321 3526 4376 ira;

1940 4409 2250 4476 galitatem,
2299 4424 2421 4477 qua:
2448 4417 2652 4464 tantam
2697 4411 3025 4481 procul-abst
3061 4411 3220 4467 donis
3249 4413 3528 4468 abundatio

1941 4501 2102 4564 tiatn,
2133 4501 2394 4556 conviviis
2415 4502 2656 4572 copiam,
2703 4510 2763 4558 ut
2791 4503 3134 4559 considerato
3157 4505 3274 4575 ejus
3300 4505 3524 4590 antiquo

327 4569 459 4624 Post
486 4571 718 4628 ﬂebilem
763 4574 855 4629 lilii
899 4579 1068 4631 nostri
1100 4577 1233 4632 diva:
1261 4582 1648 4639 recordationis
1675 4602 1834 4642 occa-
1861 4607 1916 4668 Ι)
1938 4593 2116 4650 σεωάἱο
2145 4593 2276 4647 nihil
2303 4595 2427 4650 novi
2452 4569 2654 4651 habere
2672 4596 2917 4651 videatur
2944 4597 2999 4652 in
3029 4569 3213 4667 regno.
3243 4596 3299 4652 In
3343 4569 3526 4668 hos-pi;

230 4676 395 4730 tum,
420 4664 548 4719 vicit
575 4666 810 4721 animum
851 4669 952 4738 piae
977 4671 1162 4727 matris
1189 4674 1550 4741 generalitatis
1575 4677 1785 4736 affectio
1810 4701 1824 4749 ;
1851 4664 1902 4734 ,ἡ
1934 4685 2142 4740 talitate
2169 4693 2468 4757 promptus,
2501 4688 2557 4742 in
2597 4688 2943 4744 miseratione
2965 4664 3268 4759 piissimus;
3299 4689 3376 4745 sic
3403 4706 3524 4746 cum

331 4899 370 4965 R_
399 4887 551 4965 H_u_n_c
592 4906 797 4946 morem
840 4900 1072 4965 testatur
1117 4894 1155 4948 l.
1204 4895 1328 4965 ult.,
1378 4896 1458 4950 tit.
1490 4898 1610 4963 ult.,
1641 4899 1736 4954 lib.
1768 4918 1841 4956 xu

258 4960 399 5036 God.
433 4959 806 5036 Philostratus,
838 4964 927 5016 lib.
963 4981 988 5015 ν
1017 4964 1081 5019 de
1111 4959 1379 5034 Apollonii
1411 4967 1549 5036 Vita,
1581 4959 1649 5025 de
1675 4971 1842 5026 Nero-

258 5034 344 5109 nis
388 5032 732 5109 inucanendo
749 5035 996 5098 victoria,
1029 5032 1292 5109 eux/ﬁll“
1316 5041 1476 5109 005:3;
1509 5032 1574 5096 eo
1603 5059 1762 5097 sensu
1795 5047 1837 5096 mi

261 5104 647 5176 ἐπᾳγγέᾓλοντξς
679 5107 770 5176 rei;
804 5109 1028 5176 χάριτας
1060 5104 1307 5162 dicuntur
1345 5124 1374 5162 a
1417 5107 1756 5167 Themlorcto
1789 5115 1840 5170 in

262 5171 558 5242 EpiStolam
589 5173 736 5228 Pauli
763 5171 842 5228 ad
857 5171 1144 5232 Romanos.
1176 5178 1338 5232 I-‘onu.

335 5242 362 5321 ξι
393 5243 634 5321 Epistula
651 5245 745 5298 ult.
776 5246 868 5302 lib.
901 5249 1222 5317 superioris;
1254 5249 1344 5304 lib.
1372 5265 1484 5315 vui,
1514 5253 1667 5321 epist.
1703 5250 1752 5319 5,
1787 5263 1842 5308 et

264 5314 420 5384 epist.
451 5331 543 5383 seq
595 5314 758 5370 Fons.

340 5384 684 5462 {Certe‘non
714 5385 893 5462 debet,
926 5386 960 5439 l.
1005 5386 1095 5451 52,
1124 5386 1221 5462 _De
1260 5390 1466 5462 quibus;
1502 5391 1536 5446 l.
1582 5408 1718 5462 seq.,
1768 5392 1841 5446 De

268 5455 484 5524 legibus.
536 5456 666 5510 Nam
717 5457 767 5509 in
813 5457 971 5511 rebus
1012 5459 1164 5512 novis
1193 5455 1578 5515 cot'tstituendis
1625 5455 1842 5517 evidens

266 5527 472 5580 utilitas
502 5541 620 5603 esse
650 5526 824 5592 debet,
858 5537 916 5603 ut
943 5530 1226 5603 recedatur
1252 5532 1317 5584 ab
1347 5546 1412 5585 eo
1432 5532 1551 5597 jure
1579 5533 1721 5603 quod
1749 5534 1837 5588 diu

269 5612 477 5672 aequum
516 5598 842 5672 visumnest,
876 5599 909 5653 l.
943 5598 991 5663 2,
1026 5599 1104 5652 De
1147 5610 1308 5672 coast.
1356 5598 1840 5672 principroncilii

271 5666 464 5749 Μιξωηὶ
514 5684 632 5749 cap.
691 5669 781 5749 6“:
823 5674 895 5724 τὰ
943 5676 1149 5745 ἀρχαῖα
1195 5671 1278 5730 ἔθη
1321 5666 1549 5749 κρατεῖτό
1577 5674 1840 5730 Locorum

271 5739 400 5793 satis
427 5749 554 5796 uota
584 5739 688 5793 lex.
721 5738 883 5794 FonN.

342 5809 447 5885 t{In
471 5810 763 5885 consilium
804 5811 1034 5885 libenter
1081 5811 1392 5866 alluittendi
1431 5824 1555 5868 sunt
1595 5817 1835 5885 litterati,

276 5880 372 5936 sed
395 5880 486 5949 qui
526 5896 634 5938 non
677 5881 783 5938 sint
829 5882 932 5938 hoc
973 5888 1178 5941 tantum
1215 5900 1441 5944 munere
1468 5887 1703 5958 pnediti;
1751 5880 1836 5946 et;

1947 4907 2090 4980 enim
2122 4909 2212 4979 qui
2239 4909 2350 4964 sola
2381 4917 2435 4964 et
2467 4910 2606 4964 nuda
2643 4909 2742 4965 ista
2783 4908 3081 4967 litterarum
3131 4913 3436 4980 cognitione
3467 4931 3525 4970 se

1942 4976 2170 5045 iactant,
2213 4981 2367 5035 valde
2414 4981 2704 5050 repellendi
2755 4992 2898 5049 sunt,
2938 4999 3037 5038 nec
3069 4976 3362 5037 doctissimi
3410 4983 3526 5052 ple.—

1945 5065 2171 5122 rumque
2211 5067 2424 5120 semper
2461 5054 2527 5106 ad
2576 5054 2960 5122 rempublicam
3007 5055 3134 5122 apti.
3185 5054 3414 5108 Necesse
3443 5064 3526 5109 cst

1945 5121 2123 5174 adsint
2147 5122 2260 5176 alim
2283 5124 2443 5176 animi
2473 5125 2647 5189 dotes,
2673 5121 2883 5192 nempe,
2918 5135 2973 5177 ut
3003 5121 3110 5178 sint
3136 5124 3252 5189 tidi,
3274 5125 3385 5179 sive
3415 5126 3524 5180 vita

1943 5192 2119 5262 probi,
2160 5193 2448 5260 prudentes
2488 5195 2734 5247 universe
2781 5203 2834 5248 et
2864 5196 3131 5256 distincte,
3175 5203 3334 5248 aetate
3363 5209 3524 5262 gran-

1946 5260 2059 5333 des,
2093 5262 2253 5315 sortis
2293 5266 2563 5333 utriusque
2596 5265 2777 5332 gnari;
2822 5274 2876 5318 et
2916 5274 2975 5317 ut
3009 5263 3336 5319 Mithridates
3363 5260 3428 5319 de.
3466 5283 3524 5321 se

1951 5331 2023 5403 ait
2055 5350 2064 5383 :
2095 5333 2218 5386 Mihi
2249 5331 2491 5396 thrtuna,‘
2511 5336 2693 5390 intutis
2723 5337 2883 5389 rebus
2929 5336 3148 5403 ereptis,
3195 5350 3346 5389 usum
3375 5336 3522 5392 dedit

1948 5400 2083 5455 bene.
2114 5404 2389 5458 suadendi.
2422 5405 2605 5460 Bnoss.

2024 5485 2045 5510 θ
2071 5473 2323 5543 Proc0p.,
2359 5476 2450 5530 lib.
2479 5494 2513 5541 1,
2541 5475 2726 5529 scribit
2755 5474 3110 5538 Theodatum,
3153 5492 3246 5530 seu
3270 5476 3519 5532 Theuda-

1948 5543 2164 5607 hadum,
2216 5545 2510 5599 litterarum
2545 5545 2848 5598 Latinarum
2898 5555 2951 5599 et
2998 5545 3392 5602 Platonicorum
3423 5549 3521 5602 do-

1948 5624 2182 5681 gmatum
2213 5617 2441 5681 peritum
2475 5617 2667 5676 fuisse;
2719 5616 2915 5688 nullam
2950 5617 3231 5684 theologia)
3257 5619 3522 5688 Cognitio-

1948 5701 2068 5759 nem
2107 5688 2315 5750 tribuit;
2349 5687 2638 5756 disciplina:
2667 5686 2912 5739 militaris
2941 5697 3236 5756 expertem,
3265 5686 3517 5759 et'pecu-

1943 5757 2150 5809 uiarum
2193 5759 2551 5821 regendarum
2591 5765 2646 5810 et
2673 5759 3069 5827 possessionum
3114 5757 3522 5818 accumulauda-

1945 5843 2062 5882 rum
2092 5827 2408 5882 studiosum.
2440 5827 2606 5882 Fons.
