3998 6344
388 296 496 357 799

1604 282 1680 341 Μ.
1710 278 1998 341 ΔΗΒΕῙᾸῙ
2033 278 2436 340 CASSIODORI

388 412 559 469 multa
587 408 938 482 expenderet,
958 418 1155 464 census
1173 402 1291 475 ejus
1309 400 1522 460 ccelesti
1549 398 1991 457 remuneratione
2018 402 2069 461 Α
2095 404 2313 469 quatur.
2360 396 2480 453 Non
2507 394 2773 452 dubitavit
2806 400 3090 467 parentem
3129 394 3280 468 prius
3320 394 3431 469 iuri
3468 396 3695 469 publico

389 503 685 560 crescebat.
738 498 926 555 Talem
952 496 1275 554 universitas
1301 492 1488 548 debuit
1514 499 1706 563 optare
1722 530 1740 558 ,
1771 490 1987 560 qualem

391 611 490 652 nos
518 594 810 666 probamur
837 591 1095 661 elegisse;
1126 588 1219 659 qui
1265 584 1657 641 rationabiliter
1699 582 1992 653 diSponens

388 686 629 760 propria,
658 700 767 740 non
794 690 1015 754 appetat
1043 681 1238 736 aliena.
1265 677 1497 734 Tollitur
1526 676 1671 731 enim
1700 674 1993 730 necessitas

391 776 728 848 principibus
775 774 1103 843 excedendi,
1153 771 1367 842 quoties
1415 767 1749 824 assueverint
1776 766 1993 837 propria

391 867 680 922 moderari.
696 865 932 921 Laudata
942 869 983 936 1
993 864 1100 936 59
1113 862 1362 918 nimirum
1375 860 1662 924 sententia,
1679 873 1798 929 quae
1812 872 1993 914 rerum

394 959 645 1030 priecipit
674 958 917 1026 modum,
943 957 1066 1026 quia
1090 956 1314 1011 nimium
1338 969 1443 1010 non
1471 953 1648 1024 placet
1668 953 1828 1006 etiam
1850 949 1996 1020 quod

392 1050 598 1106 bonum
640 1056 879 1120 putatur.
912 1048 1153 1104 Gaudete
1181 1062 1355 1115 nunc,
1385 1053 1568 1117 patres
1597 1043 1905 1115 conscripti,
1940 1051 1997 1098 et

398 1157 648 1211 superna:
694 1142 876 1212 gratia:
904 1157 1004 1212 pro
1049 1142 1201 1197 nobis
1249 1149 1374 1195 vota
1412 1140 1729 1210 persolvite,
1779 1137 1995 1207 quando

406 1232 569 1287 talem
616 1248 824 1288 mecum
852 1233 1107 1289 constitui
1151 1232 1468 1304 principem,
1501 1232 1593 1301 qui
1622 1239 1669 1287 et
1715 1230 1784 1285 de
1812 1236 1997 1284 nostra

397 1326 653 1396 aequitate
673 1326 814 1380 bona
840 1325 1083 1382 faciendo
1107 1325 1323 1396 propria
1346 1340 1454 1379 sua:
1475 1324 1693 1394 pietatis
1723 1322 1993 1394 ostendat.

401 1414 556 1471 Hunc
584 1416 727 1471 enim
767 1425 821 1470 et
848 1416 1111 1485 majorum
1158 1431 1378 1471 suorum
1406 1424 1429 1452 α
1460 1421 1769 1470 (ιοῐηωοιιθῑ
1790 1413 1995 1479 virtus,

407 1516 462 1563 et
492 1504 521 1543 δ
556 1508 850 1564 avunculus
873 1505 1168 1565 efﬁcziciter
1196 1510 1398 1565 excitat
1425 1505 1816 1563 Theodoricus.

970 1638 1306 1697 EPISTOLA
1341 1639 1432 1695 IV.

620 1770 848 1811 SENATUI
868 1772 1018 1812 URBIS
1049 1770 1207 1811 ΒΟΗᾸΞ
1244 1768 1631 1809 THEODAHADUS
1656 1768 1781 1807 REX.

402 1865 598 1923 Scribit
627 1884 680 1922 se
708 1866 771 1922 ab
795 1867 1196 1929 Amalasuntlia,
1227 1881 1341 1935 qua:
1368 1866 1542 1919 multis
1572 1864 1810 1917 laudibus
1835 1862 2003 1918 extol-

621 1940 777 2004 litur,
809 1939 877 1992 ad
906 1940 1205 1992 societatem
1233 1936 1435 2007 imperii
1460 1945 1775 2005 provectum.

473 2053 662 2108 Divina
690 2052 845 2108 nobis
872 2051 1134 2107 beneﬁcia
1162 2092 1178 2117 ,
1232 2058 1413 2119 patres
1442 2049 1736 2118 conscripti
1760 2089 1776 2118 ,
1807 2064 2005 2119 prove-

404 2148 551 2205 nisse
579 2146 807 2202 feliciter
833 2144 1159 2209 nuntiamus,
1189 2141 1462 2197 dominam
1490 2156 1694 2205 rerum,
1729 2148 1845 2196 toto
1868 2142 2006 2198 orbe

403 2239 693 2311 gloriosam
717 2278 734 2306 ,
774 2243 1083 2293 consortem
1110 2250 1199 2290 me
1228 2235 1379 2303 regni
1409 2233 1494 2289 sui
1520 2235 1665 2303 larga
1690 2234 1893 2300 pietate
1920 2233 2002 2291 fe-

406 2334 578 2400 cisse;
601 2338 661 2387 ut
684 2346 784 2387 nec
804 2331 878 2385 illi
905 2330 1116 2384 deesset
1143 2327 1300 2382 ﬁdele
1322 2328 1595 2395 solatium,
1627 2335 1683 2382 et
1704 2328 1859 2384 nobis
1888 2327 2005 2383 avi-

408 2432 524 2480 tum
552 2436 789 2492 congrue
816 2428 1159 2493 priestaretur
1180 2419 1486 2491 imperium.
1516 2418 1850 2489 Suscipiatur
1878 2432 2002 2489 gra-

410 2516 617 2573 tissime
644 2514 790 2586 quod
824 2513 1231 2584 generalitatem
1262 2520 1474 2569 constat
1501 2520 1713 2583 optasse
1743 2512 1881 2586 [Ac.,
1912 2528 2006 2568 or-

410 2609 614 2681 nasse].
647 2608 979 2665 Reserentur
1017 2621 1161 2661 nunc
1182 2604 1299 2661 sine
1323 2611 1473 2659 metu
1496 2611 1625 2659 vota
1652 2612 2003 2672 cunctorum;

410 2708 469 2756 ut
492 2699 632 2755 unde
672 2699 969 2771 periculum
1009 2697 1239 2768 pertuli,
1282 2694 1409 2752 inde
1452 2710 1541 2751 me
1568 2696 1891 2751 universitas
1914 2710 2008 2752 co-

409 2800 637 2865 gnoscat
657 2792 859 2849 ornari.
889 2790 1314 2861 Praesumpsistis
1332 2790 1476 2846 enim
1498 2805 1587 2846 me
1611 2790 1888 2847 inconscio
1913 2807 2007 2849 su-

412 2898 628 2940 surrare
650 2924 666 2951 ,
694 2883 839 2955 quod
862 2884 1037 2955 palam
1066 2898 1173 2937 non
1197 2882 1456 2954 poteratis
1495 2898 1790 2939 assumere.
1823 2883 2008 2951 Quan-

416 2982 532 3030 tum
561 2974 715 3030 vobis
740 2974 964 3030 debeam
1004 2975 1131 3030 hinc
1155 2975 1316 3030 datur
1342 2974 1606 3044 intelligi,
1634 2984 1695 3032 ut
1722 2975 1853 3031 illud
1878 2975 2011 3031 mihi

412 3063 745 3123 festinaretis
772 3066 1027 3121 divinitus
1049 3066 1289 3135 evenire,
1320 3067 1466 3136 quod
1496 3083 1647 3123 meus
1668 3069 1880 3124 animus
1900 3084 2011 3126 non

2096 490 2347 557 subdere,
2375 505 2537 561 quem
2563 489 2723 561 paulo
2744 496 2870 560 post
2892 488 3065 545 voluit
3092 489 3223 560 ipsis
3244 503 3462 562 quoque
3479 488 3694 560 legibus

2096 584 2384 640 anteferre.
2427 582 2744 655 Exploravit
2782 582 3177 639 conscientiam
3199 625 3215 651 ,
3258 583 3348 639 cui
3375 591 3495 638 erat
3531 584 3694 653 regni

2098 676 2358 731 traditura
2387 692 2671 733 censuram
2698 694 2713 744 ;
2743 684 2802 731 ut
2820 686 2877 731 et
2902 675 2994 731 illa
3022 676 3240 732 domina
3267 684 3697 746 cognosceretur

2096 784 2216 825 esse
2238 778 2574 839 cunctorum,
2604 778 2660 824 et
2688 784 2774 825 me
2802 769 3085 855 prpbatum
3116 768 3414 840 perducere
3438 767 3696 837 dignare-

2098 870 2185 917 tur
2221 862 2287 916 ad
2315 876 2559 931 regnum.
2594 860 2822 929 Quando
2852 862 2936 917 his
2965 862 3306 930 muneribus,
3334 861 3552 933 quando
3576 861 3695 916 sol-

2097 970 2283 1009 vamus
2312 964 2473 1010 tanta:
2501 956 2685 1024 gratia:
2704 970 2825 1024 quae
2851 955 3139 1021 debemus;
3170 963 3231 1010 ut
3257 970 3378 1025 quae
3413 970 3534 1010 cum
3563 968 3696 1025 par-

2096 1047 2223 1102 vulo
2252 1044 2358 1101 ﬁlio
2388 1048 2673 1118 imperavit
2709 1046 2846 1113 sola,
2890 1063 3034 1102 nunc
3063 1062 3276 1103 mecum
3303 1047 3567 1116 delegerit
3588 1054 3697 1103 're—

2098 1153 2262 1209 gnare
2289 1141 2534 1196 sociata?
2561 1140 2618 1195 ln
2646 1141 2759 1210 ipsa
2781 1148 2866 1196 est
2893 1141 3038 1196 enim
3065 1141 3232 1196 decus
3252 1154 3540 1209 regnorum
3570 1155 3697 1195 om-

2099 1235 2268 1302 nium,
2300 1236 2351 1289 in
2375 1236 2487 1306 ipsa
2513 1245 2709 1291 nostrae
2739 1237 2959 1307 originis
2986 1237 3086 1292 llos
3105 1238 3390 1293 bonorum.
3422 1235 3700 1305 Quidquid

2100 1325 2382 1396 fulgemus,
2412 1328 2478 1382 ab
2508 1328 2625 1397 ejus
2653 1330 2902 1384 claritate
2948 1329 3267 1399 suscipimus
3292 1345 3309 1395 ;
3338 1327 3558 1397 quando
3588 1343 3699 1381 non

2100 1419 2273 1474 solum
2304 1420 2613 1489 parentibus
2640 1421 2851 1477 laudem
2874 1422 3121 1486 contulit,
3153 1421 3246 1476 sed
3276 1421 3450 1490 ipsum
3479 1434 3702 1489 quoque

2100 1528 2268 1584 genus
2311 1515 2660 1569 humanitatis
2708 1516 2941 1570 ornavit.
2993 1514 3128 1581 Quis
3155 1515 3329 1585 possit
3366 1512 3701 1567 sufﬁcienter

2101 1605 2315 1662 edicere
2353 1616 2553 1676 quanta
2595 1608 2813 1677 pietate,
2847 1616 3052 1677 quanto
3077 1622 3288 1663 morum
3330 1606 3573 1677 pondere
3603 1590 3748 1661 (ιο-³

2101 1700 2353 1756 coretur?
2374 1700 2652 1756 Discerent
2680 1700 2925 1770 profecto
2952 1716 3090 1756 nova
3121 1700 3446 1770 philosophi,
3474 1700 3520 1754 si
3546 1699 3704 1754 vive-

2026 1797 2077 1860 B
2104 1804 2257 1862 rent;
2288 1803 2343 1850 et
2370 1796 2577 1851 minora
2606 1796 2756 1853 libris
2784 1797 2894 1853 suis
2937 1796 3234 1853 faterentur
3275 1797 3494 1851 condita
3535 1809 3705 1866 quam

2102 1891 2228 1946 huic
2254 1899 2645 1963 cognoscerent
2670 1894 2947 1949 attributa.
2978 1894 3036 1948 ln
3058 1895 3374 1951 tractatibus
3402 1900 3582 1957 acuta,
3607 1890 3707 1948 sed

2105 1984 2175 2040 ad
2214 1986 2547 2058 loquendum
2576 2003 2782 2043 summa
2813 1989 3185 2045 moderatione
3211 1988 3542 2058 gravissima.
3578 1985 3709 2044 Haec

2104 2086 2189 2130 est
2231 2078 2427 2145 regdﬁs
2474 2078 2829 2147 proculdubio
2875 2080 3064 2144 virtus,
3120 2079 3350 2134 celerius
3396 2079 3706 2134 necessaria

2106 2169 2325 2231 sentire,
2357 2177 2412 2224 et
2440 2170 2643 2227 tardius
2673 2171 2728 2224 in
2757 2171 2919 2225 verba
2939 2187 3318 2241 prorumpere.
3341 2170 3529 2225 Nescit
3550 2169 3696 2225 enim

2106 2260 2415 2331 paenitenda
2446 2261 2621 2332 loqui,
2666 2263 2759 2334 qui
2810 2262 3130 2333 proferenda
3178 2264 3325 2334 prius
3353 2278 3455 2317 suo
3488 2262 3708 2317 tradidit

2108 2352 2362 2407 examini.
2405 2352 2543 2409 Hinc
2587 2362 2671 2409 est
2698 2353 2842 2425 quod
2885 2353 3001 2424 ejus
3041 2355 3287 2410 doctrina
3314 2355 3579 2410 mirabilis
3611 2368 3709 2424 per

2107 2444 2428 2514 multiplices
2456 2446 2664 2516 linguas
2689 2459 2881 2515 magna
2910 2447 3154 2502 ubertate
3180 2446 3532 2514 diﬁunditur;
3555 2447 3709 2516 cujus

2108 2535 2380 2605 ingenium
2407 2537 2480 2591 ita
2516 2545 2762 2607 paratum
2791 2538 3059 2609 reperitur
3095 2538 3164 2594 ad
3207 2540 3442 2595 subitum
3464 2581 3482 2608 ,
3511 2548 3573 2594 ut
3601 2555 3707 2595 non

2109 2636 2327 2701 putetur
2348 2643 2468 2685 esse
2495 2639 2790 2685 terrenum.
2812 2629 2871 2685 In
2900 2630 3049 2686 libris
3072 2631 3279 2703 Regum
3299 2633 3489 2703 regina
3528 2634 3709 2689 Austri

2108 2721 2320 2777 venisse
2347 2722 2543 2790 legitur
2563 2723 2631 2777 ad
2658 2720 2970 2779 discendam
3011 2724 3334 2794 sapientiam
3364 2724 3709 2791 Salomonis,

2111 2812 2199 2868 hic
2224 2814 2497 2883 principes
2524 2813 2747 2869 audiant
2774 2815 2919 2885 quod
2947 2816 3047 2872 sub
3094 2816 3452 2873 admiratione
3506 2831 3710 2887 cogno-

2111 2912 2283 2959 scant.
2341 2904 2533 2962 Paucis
2560 2907 2739 2962 verbis
2785 2922 2975 2962 sensus
3030 2908 3298 2963 clauditur
3337 2907 3616 2977 inﬁnitus;
3658 2918 3714 2966 et

2113 3010 2322 3050 summa
2349 2994 2605 3052 facilitate
2633 2998 2996 3068 componitur,
3027 2998 3175 3069 quod
3203 2999 3271 3054 ab
3300 3000 3420 3055 aliis
3448 3015 3598 3057 nunc
3616 3000 3713 3056 sub

2114 3086 2274 3157 longa
2322 3087 2711 3144 deliberatione
2737 3091 3018 3145 formatur.
3048 3090 3212 3145 Beata
3253 3093 3566 3162 respublica
3595 3107 3713 3162 qua:

416 3159 646 3217 audebat
674 3170 950 3232 appetere.
984 3160 1101 3217 Hoc
1140 3162 1297 3217 nobis
1320 3156 1412 3217 est'
1427 3162 1605 3232 potius
1624 3178 1821 3218 novum
1845 3179 2007 3233 quam

2117 3156 2279 3234 tanta:
2303 3179 2533 3235 dominre
2578 3182 2967 3248 gubernatione
3007 3184 3289 3251 gloriatur.
3322 3156 3500 3239 hiinus
3529 3156 3630 3239 fuit
3657 3194 3714 3240 ut

413 3253 569 3308 vobis
583 3254 935 3324 incognitum.
961 3254 1150 3324 Magna
1171 3268 1300 3324 ergo
1321 3254 1490 3323 gratia
1502 3255 1830 3326 completum
1850 3256 2013 3313 debet

415 3346 625 3417 accipi,
655 3346 800 3417 quod
821 3347 1080 3404 velociter
1103 3362 1265 3419 quam
1293 3348 1582 3419 oportebat
1606 3348 1854 3405 videatur
1880 3364 2013 3422 ape-

416 3437 532 3492 riri.
557 3437 666 3493 Sed
688 3440 745 3503 si
773 3439 901 3509 quid
930 3439 998 3495 de
1024 3441 1179 3496 vobis
1199 3456 1500 3508 meremur,
1532 3457 1656 3497 cum
1686 3448 1867 3497 tamen
1894 3443 2016 3513 plu-

418 3529 616 3583 rimum
646 3531 785 3601 apud
814 3547 912 3587 vos
932 3531 1114 3587 valere
1136 3540 1376 3588 nostram
1400 3533 1627 3602 gloriam
1655 3533 2011 3604 conﬁdamus,

421 3619 632 3676 domnae
650 3630 704 3677 et
731 3622 931 3678 sororis
959 3632 1157 3679 nostra;
1180 3624 1441 3694 gloriosas
1462 3624 1649 3681 laudes
1668 3624 1870 3695 iugiter
1888 3642 2014 3696 per—

421 3720 614 3768 sonate
645 3732 659 3766 :
691 3728 809 3783 quae
836 3713 1256 3783 magnitudinem
1276 3716 1488 3787 imperii
1515 3717 1599 3773 sui
1637 3727 1821 3773 nostra
1842 3717 2016 3774 voluit

424 3804 835 3875 participatione
857 3807 1100 3863 roborari
1124 3824 1139 3874 ;
1174 3814 1235 3863 ut
1258 3814 1514 3877 tanquam
1542 3808 1596 3863 in
1627 3808 1837 3865 duobus
1856 3809 2015 3864 lumi-

426 3897 583 3952 nibus
627 3910 764 3955 unus
809 3907 955 3955 esset
981 3908 1259 3970 aspectus,
1318 3909 1374 3957 et
1420 3900 1749 3957 concordem
1800 3916 2018 3958 sensum

426 4003 587 4044 nemo
633 3990 877 4046 crederet
920 4000 1280 4062 segregatum.
1328 3990 1421 4047 Sic
1466 4000 1592 4049 sunt
1628 3992 1772 4047 enim
1818 3992 2016 4058 simul,

429 4097 565 4153 quos
585 4090 642 4138 et
659 4084 827 4153 gratia
862 4085 1055 4154 jungit,
1083 4092 1139 4139 et
1165 4084 1443 4155 parentela
1471 4084 1742 4141 conciliat.
1774 4083 2016 4140 Arduum

429 4175 531 4232 sibi
576 4175 681 4231 hoc
727 4176 953 4232 forsitan
992 4177 1263 4232 aestiment
1298 4178 1533 4249 impares
1562 4191 1759 4232 mores.
1795 4174 2023 4233 Difficile

430 4275 514 4323 est
541 4267 662 4324 illos
689 4268 844 4325 aliter
869 4270 1071 4333 vivere,
1096 4270 1185 4339 qui
1213 4268 1316 4325 sibi
1344 4275 1567 4339 possunt
1584 4269 1849 4324 bonarum
1870 4268 2021 4339 cogi-

432 4361 699 4416 tationum
746 4361 1096 4418 similitudine
1143 4362 1454 4417 convenire.
1484 4360 1782 4417 Consilium
1824 4360 2025 4432 quippe

431 4458 644 4507 mutare
697 4451 961 4509 detrectat
1008 4452 1370 4523 improvidus;
1418 4454 1736 4524 sapientiam
1772 4467 1905 4509 vero
1935 4452 2025 4509 ille

433 4544 627 4613 quierit
657 4544 712 4599 in
736 4544 927 4611 altero,
956 4560 1122 4616 penes
1138 4560 1297 4614 quem
1317 4552 1401 4600 est
1424 4545 1660 4600 scientiae
1684 4542 2019 4614 magnitudo.
2051 4586 2103 4646 Β

434 4634 541 4689 Sed
564 4635 705 4691 inter
727 4635 935 4691 diversa
964 4650 1185 4691 munera
1212 4676 1227 4701 ,
1259 4652 1379 4707 quae
1405 4635 1558 4691 nobis
1580 4651 1702 4691 cum
1730 4636 1880 4706 regia
1908 4651 2025 4691 ma-

430 4727 628 4799 jestate
674 4726 862 4783 Divina
893 4730 1231 4796 tribuerunt,
1274 4728 1407 4784 illud
1456 4730 1684 4799 amplius
1723 4728 2027 4799 permulcet

436 4820 673 4875 animum
719 4830 983 4889 nostrum,
1041 4820 1188 4893 quod
1237 4836 1336 4877 nos
1364 4819 1759 4891 sapientissima
1806 4818 2024 4876 domina

434 4918 634 4968 trutina
662 4927 867 4983 magna:
895 4913 1301 4983 disceptationis
1322 4912 1523 4981 elegit:
1556 4909 1710 4981 cujus
1731 4911 1880 4982 prius
1903 4910 2024 4969 ideo

428 5004 691 5076 justitiam
720 5004 915 5077 pertuli
939 5045 953 5071 ,
987 5014 1046 5060 ut
1073 5005 1222 5075 prius
1251 5005 1318 5059 ad
1364 5002 1479 5073 ejus
1510 5004 1873 5073 provectionis
1899 5017 2026 5074 gra-

435 5099 564 5153 tiam
602 5100 958 5169 pervenirem.
1004 5098 1211 5152 Causas
1257 5097 1430 5163 enim,
1456 5103 1515 5150 ut
1535 5096 1701 5158 scitis,
1729 5096 1850 5165 jure
1878 5110 2026 5150 com-

436 5190 585 5245 muni
614 5206 713 5247 nos
734 5189 861 5247 fecit
887 5190 1067 5247 dicere
1096 5205 1218 5246 cum
1248 5189 1487 5260 privatis.
1518 5188 1562 5243 Ο
1588 5188 2025 5245 animi-nobilitas

435 5280 748 5352 singularis!
781 5280 859 5338 En
903 5282 1131 5353 aequitas
1170 5280 1460 5350 mirabilis,
1492 5296 1654 5352 quam
1682 5282 1915 5337 mundus
1942 5282 2025 5337 lo-

511 5472 538 5502 ι
560 5460 641 5517 Ad
667 5462 790 5517 vita:
818 5461 1017 5518 decora
1052 5460 1365 5517 domesticae
1392 5459 1567 5516 laudis
1610 5458 1861 5528 exempla
1890 5474 2021 5529 pro-

439 5549 654 5618 γραεξι-Ξ
676 5534 896 5589 debent.
945 5532 1007 5589 L.
1039 5550 1132 5590 un.
1162 5532 1222 5588 C.
1260 5532 1489 5596 Theod.,
1530 5530 1599 5586 de
1645 5529 1859 5585 emend.
1894 5545 2024 5600 pro-

440 5603 778 5727 ““iqiﬁiiﬁ'
795 5673 861 5727 ad
887 5674 1019 5729 illud
1042 5673 1251 5742 Virgilii
1281 5690 1295 5727 ε

568 5763 632 5814 Et
653 5775 794 5828 pater
815 5766 1015 5832 (Encas,
1041 5776 1094 5819 et
1117 5767 1382 5821 avunculus
1405 5768 1595 5818 excitat
1616 5766 1804 5817 Hector

1512 5844 1700 5905 lunsr.

2116 3273 2439 3344 generalitas
2465 3274 2565 3329 sub
2586 3274 2835 3329 libertate
2862 3275 3091 3330 serviret
3116 3293 3129 3328 :
3170 3274 3415 3329 additum
3437 3284 3521 3331 est
3551 3276 3715 3330 tantis

2116 3364 2356 3431 meritis,
2413 3372 2472 3419 ut
2513 3364 2564 3419 ei
2617 3365 2936 3440 subderetur
2964 3374 3020 3421 et
3047 3368 3347 3421 reverentia
3376 3366 3708 3437 principalis.

2118 3458 2236 3515 Hoc
2259 3459 2402 3515 enim
2423 3459 2683 3530 obsequio
2712 3460 3021 3531 dignissime
3049 3460 3402 3517 dominamur.
3428 3459 3562 3515 Nam
3582 3474 3715 3516 cum

2121 3561 2282 3608 tanta:
2309 3553 2607 3624 prudentiae
2627 3569 2812 3624 pareo,
2841 3555 3047 3610 cunctis
3066 3556 3354 3611 virtutibus
3374 3552 3711 3610 obsecundo.

2119 3642 2231 3698 Sub
2256 3643 2346 3698 tali
2375 3643 2637 3715 siquidem
2667 3645 2940 3699 monitore
2968 3646 3119 3714 regni
3159 3643 3404 3715 pondere
3433 3659 3542 3699 non
3589 3658 3717 3713 gra-

2120 3752 2338 3806 vamur,
2365 3736 2492 3791 dum
2522 3737 2567 3792 si
2592 3737 2719 3806 quid
2746 3737 2816 3792 sit
2842 3753 2940 3808 pro
2968 3739 3209 3792 novitate
3237 3737 3570 3807 incognitum
3587 3776 3604 3803 ,
3628 3735 3722 3792 ﬁet

2120 3829 2276 3886 nobis
2324 3828 2440 3897 ejus
2468 3828 2823 3884 instructione
2850 3829 3233 3883 certissimum.
3266 3826 3350 3882 Ad
3383 3827 3589 3882 bonum
3620 3842 3718 3898 pu-

2120 3922 2318 3978 blicum
2361 3922 2644 3977 veritatem
2693 3936 2799 3976 nou
2854 3920 3018 3991 pudet
3068 3920 3333 3976 conﬁteri.
3385 3920 3717 3990 Agnoscite.

2123 4017 2394 4089 principes
2422 4018 2558 4085 viri,
2590 4016 3000 4087 sapientissima:
3046 4032 3165 4073 esse
3213 4015 3446 4071 dominae
3492 4013 3721 4085 quodin

2122 4111 2279 4167 nobis
2305 4111 2689 4183 potueritiplus
2726 4110 2961 4182 placere.
2992 4109 3146 4165 Illam
3176 4110 3320 4166 enim
3350 4118 3444 4165 aut
3483 4109 3715 4164 interro-

2123 4202 2300 4273 gando
2328 4202 2517 4257 melius
2544 4203 2807 4258 sentimus
2830 4242 2845 4269 ,
2892 4208 2984 4257 aut
3022 4202 3139 4272 ejus
3168 4201 3472 4257 imitatione
3502 4200 3718 4271 prolici-

2123 4312 2263 4353 mus.
2322 4297 2495 4353 Vivite
2549 4314 2693 4354 nunc
2746 4298 2959 4366 felices;
2990 4299 3184 4363 vivite,
3238 4299 3351 4354 Deo
3404 4298 3721 4366 auxiliante,

2125 4388 2457 4457 concordes;
2489 4397 2545 4445 et
2570 4390 2895 4446 :emulamini
2922 4391 3150 4460 gratiam
3166 4430 3182 4457 ,
3210 4406 3375 4464 quam
3395 4391 3604 4461 regiam
3625 4404 3721 4447 co-

2126 4482 2385 4555 gnoscitis
2414 4490 2602 4538 tenere
2631 4483 2995 4539 concordiam.

2699 4577 3033 4635 EPISTOLA
3068 4578 3137 4634 ν.

2290 4688 2584 4730 τινεουοειο
2612 4687 2800 4728 HOMINI
2826 4688 2924 4728 SUO
2962 4683 2983 4712 ο
3016 4688 3401 4729 THEODAHADUS
3429 4688 3559 4729 REX.

2138 4773 2292 4829 Vetat
2330 4773 2599 4846 quominus
2628 4770 2897 4846 domestici
2944 4770 3053 4846 sui
3080 4769 3335 4823 ullatenus
3374 4769 3724 4846 insolescont,

2200 4840 2530 4917 praecipitque
2566 4850 2622 4895 ut
2670 4840 2920 4895 modestia
2942 4850 2991 4894 et
3035 4841 3203 4912 legum
3239 4842 3472 4896 custodia
3512 4841 3725 4910 reliquis

2202 4916 2433 4984 exemplo
2453 4916 2576 4969 sint.

2202 5005 2491 5061 Potestatis
2514 5013 2712 5060 nostrae
2725 5018 3007 5060 censuram
3020 5018 3201 5059 rerum
3216 5002 3462 5057 volumus
3479 5016 3599 5056 esse
3613 5018 3730 5056 mo-

2136 5097 2389 5163 destiam;
2430 5105 2489 5152 ut
2515 5104 2776 5166 quantum
2806 5095 2986 5151 divina
3007 5094 3269 5151 beneficia
3305 5096 3464 5166 160
3494 5094 3730 5164 percepi-

2134 5205 2276 5259 mus,
2304 5197 2512 5244 tantum
2541 5188 2822 5259 :equabilia
2850 5188 2972 5260 plus
3011 5204 3273 5244 amemus.
3304 5186 3521 5242 Privata
3560 5188 3732 5256 siqui-

2136 5281 2259 5338 dem
2294 5281 2470 5337 studia
2498 5297 2530 5336 a
2558 5288 2744 5338 nostro
2771 5282 2952 5337 animo
2980 5281 3280 5353 probantur
3301 5280 3521 5336 exclusa
3557 5297 3569 5331 :
3602 5278 3731 5349 quia

2212 5472 2234 5502 ε
2262 5461 2477 5517 Homini
2518 5478 2629 5526 suo,
2660 5460 2714 5516 id
2759 5468 2864 5527 est,
2917 5460 3215 5516 domestico
3257 5468 3316 5516 et
3361 5458 3567 5525 clienti,
3602 5458 3642 5512 l.
3676 5456 3732 5524 ὁ,

2134 5532 2197 5588 C.
2225 5534 2302 5587 De
2324 5534 2508 5603 digm’t.
2533 5552 2547 5599 ;
2576 5533 2612 5585 l.
2646 5548 2773 5603 pen.
2796 5532 2859 5586 C.
2893 5530 3119 5603 Theod.,
3155 5531 3222 5585 de
3243 5531 3555 5603 censitorib.
3602 5544 3732 5603 per-

2131 5614 2329 5672 aequat.
2374 5600 2429 5658 et
2460 5600 2719 5672 inspeci.;
2764 5604 2800 5657 Ι.
2847 5603 2900 5671 1,
2934 5602 3000 5657 de
3047 5602 3429 5658 conductorib.
3461 5610 3516 5656 et
3546 5600 3732 5655 homi-

2135 5675 2246 5729 nib.
2280 5674 2469 5745 domus
2510 5673 2783 5744 Augustae,
2823 5672 2885 5729 C.
2938 5674 3180 5742 Theod.;
3214 5675 3250 5729 Ι.
3286 5673 3339 5742 5,
3389 5675 3457 5730 de
3488 5681 3732 5745 reparat.

2136 5744 2358 5815 appell.,
2386 5743 2449 5801 Ο.
2473 5743 2796 5803 θοᾶςΕοιιΝ.
2858 5768 2877 5785 ο
