3998 6344
421 534 520 601 qui
539 532 616 586 sic
642 528 916 599 peroravit
936 542 1126 582 causas
1154 527 1254 581 sub
1285 527 1695 596 tranquillitate,
1721 535 1782 582 ut
1823 544 2002 583 mores

420 623 668 693 proprios
712 635 928 690 semper
970 625 1258 674 assereret.
1305 617 1660 674 Contendisse
1697 618 1962 689 siquidem
1982 659 1997 685 ,

421 730 530 769 non
548 713 786 782 iit-igasse
811 720 1058 782 repertus
1087 720 1188 766 est.
1222 709 1472 765 Alienum
1499 711 1641 764 enim
1681 726 1898 764 causam
1919 709 2002 763 fa-

419 806 598 862 ciebat
623 820 772 860 suam
798 805 948 876 161
971 803 1222 871 gloriam.
1251 800 1384 856 Nam
1413 801 1490 856 sic
1517 801 1765 870 cognitus
1789 808 1874 856 est.
1897 800 2004 855 vinr

421 914 567 964 cere,
587 905 647 952 ut
669 895 991 968 probaretur
1018 893 1352 951 contrarium
1381 894 1614 948 animum
1639 909 1748 948 non
1779 892 2001 947 lmsisse.

423 993 606 1048 Talem
636 993 816 1061 itaque
853 990 1028 1044 virum
1059 1004 1172 1044 non.
1192 988 1374 1044 decuit
1401 985 1599 1042 diutius
1623 985 1882 1055 justitiam
1910 1000 2005 1054 pe-

423 1092 558 1148 tere,
607 1083 704 1139 sed
729 1082 949 1145 docere;
980 1081 1106 1150 quia
1133 1078 1415 1147 iudiciaria
1442 1078 1614 1134 virtus
1662 1083 1764 1141 est,
1809 1075 2006 1144 linguae

425 1174 581 1232 bonis
608 1172 902 1239 abundare,
933 1179 990 1226 et
1025 1169 1219 1228 mentis
1246 1168 1660 1238 temperantiam
1704 1166 1996 1222 custodire.

424 1263 768 1332 Cognoscite,
815 1271 998 1331 patres
1047 1263 1357 1330 conscripti,
1409 1259 1532 1329 quid
1591 1259 1706 1314 ﬁeri
1749 1259 2005 1324 velimus,

425 1356 640 1428 quando
670 1356 728 1412 in:
761 1355 1029 1423 indicibus
1069 1354 1300 1424 primum
1338 1366 1518 1409 mores
1545 1351 1824 1418 elegimus,
1855 1349 1907 1404 in
1941 1363 2010 1405 ea

428 1451 598 1520 magis
645 1450 904 1518 dignitate
949 1463 1067 1516 qua:
1103 1447 1226 1516 jura
1275 1447 1558 1502 consuevit
1603 1445 1833 1499 edicere.
1892 1441 2011 1498 Non

427 1543 574 1598 enim
601 1541 928 1610 temporibus
960 1539 1156 1594 nostris
1191 1545 1459 1608 potestate
1501 1537 1646 1604 regia
1694 1544 1774 1591 est
1805 1543 2013 1590 armata

427 1641 716 1702 quaestura,
747 1631 849 1688 sed.
863 1631 1072 1699 legibus
1101 1631 1360 1700 probatur
1380 1643 1500 1684 esse
1518 1629 1836 1700 composita.
1861 1627 2014 1683 Velle

428 1733 669 1780 nostrum
699 1723 1044 1792 antiquorum
1071 1723 1374 1792 principum
1397 1729 1483 1775 est
1504 1721 1771 1784 voluntas,
1797 1733 1934 1789 quos
1955 1720 2014 1774 in

1619 317 1669 375 Μ
1676 362 1691 376 .
1730 317 2004 376 AURELII
2042 314 2440 378 CASSIODORI

418 441 523 506 ﬁs;
552 451 680 503 non,
723 433 870 504 (μοι)
914 433 1156 504 plerique
1199 432 1423 500 faciunt,
1449 435 1660 489 vacavit
1687 435 1898 505 injuriis
1930 444 1953 472 η
1984 454 1997 501 ;
2029 446 2084 500 Α

3580 314 3696 379 ειμι

2671 431 3002 488 EPISTULA
3037 432 3129 488 IX.

2319 543 2624 584 IUSTINIANO
2659 543 2896 582 AUGUSTO
2933 542 3318 582 TKEODAIIADUS
3345 543 3472 582 B‘BX.

2104 618 2246 674 Petit
2287 628 2344 672 ut
2382 621 2520 674 sinat
2566 621 2620 673 in
2663 618 2880 672 Italiam
2922 619 3196 690 transferri
3225 634 3337 690 qua
3365 620 3706 687 Caiogenittts

2786 699 3000 746 emerat.

2177 800 2416 874 Equum
2444 811 2546 866 est,
2575 802 2966 873 sapientissime
2994 803 3305 872 imperator,
3337 811 3398 857 ut
3426 803 3514 858 illa
3538 804 3710 860 nobis

2108 896 2292 952 libenti
2341 896 2520 950 animo
2567 895 2776 949 faciatis
2823 893 3080 963 impendi,
3110 894 3186 952 ad.
3204 908 3326 962 quin
3363 894 3408 948 si
3452 907 3720 950 essemus

2109 989 2346 1053 desides,
2368 1004 2397 1041 a
2425 997 2600 1043 vestra
2625 987 2806 1057 potius
2825 986 3110 1044 clementia
3130 985 3446 1041 deberemus
3467 987 3707 1041 hortari.

2109 1081 2275 1137 Vobis
2303 1083 2446 1137 enim
2490 1089 2700 1150 gratum
2739 1094 2860 1137 esse
2901 1094 3008 1134 non
3054 1077 3274 1133 dubium
3319 1087 3403 1134 est
3436 1079 3714 1149 quidquid

2111 1189 2210 1244 per
2235 1189 2336 1229 nos
2363 1173 2427 1232 ad
2459 1172 2622 1227 Italiae
2649 1173 2903 1228 decorem
2941 1172 3230 1242 contigerit
3261 1171 3501 1242 expediri
3527 1189 3542 1225 :
3573 1171 3716 1242 quia

2111 1265 2358 1320 laudibus
2379 1265 2571 1320 vestris
2595 1263 2717 1333 jure
2736 1262 2964 1334 proﬁcit,
2987 1263 3204 1333 quando
3225 1261 3429 1318 videtur
3455 1278 3716 1320 crescere

2114 1356 2257 1425 quod
2287 1355 2355 1410 ad
2383 1363 2582 1410 nostra:
2607 1355 2919 1424 reipublicae
2947 1363 3132 1424 potest
3155 1353 3376 1422 gloriam
3407 1355 3710 1424 pertinere.

2115 1445 2454 1516 Quapropter
2477 1446 2740 1500 exhibens
2767 1444 3091 1516 principatui
3118 1450 3300 1499 vestro
3327 1443 3714 1499 reverentissi-

2115 1513 2262 1592 mum
2291 1513 2628 1589 salutationis
2655 1513 3149 1598 aﬁ‘ectumjatum
3181 1533 3498 1603 portitorem
3524 1533 3714 1588 alith

2116 1624 2409 1682 direximus
2437 1623 2762 1691 exhibenda,
2791 1623 2862 1677 ad-
2896 1637 3013 1693 que:
3060 1623 3332 1692 quondam
3363 1621 3716 1690 Calogenitus

2117 1714 2292 1774 fuerat
2333 1714 2665 1780 destinatus;
2705 1723 2766 1768 ut
2785 1752 2801 1780 ,
2837 1713 2940 1769 etsi
2990 1727 3218 1782 persona
3258 1713 3418 1768 rebus
3459 1713 3720 1769 humanis

429 1826 636 1872 tantum
665 1817 1034 1872 desideramus
1063 1815 1282 1879 imitari,
1336 1822 1598 1882 quantum
1639 1813 1714 1868 illi
1751 1811 2016 1880 justitiam
2047 1834 2092 1896 Β
2118 1806 2394 1904 subtracta
2438 1813 2542 1868 est,
2582 1802 2843 1860 beneﬁcia
2895 1811 3074 1860 tamen
3119 1809 3303 1904 vestra
3323 1803 3406 1904 ‘ad
3444 1818 3564 1868 nos,
3593 1803 3720 1859 Deo

429 1917 558 1964 sunt
577 1907 772 1963 secuti.
801 1906 897 1962 Illa
925 1914 1008 1961 est
1054 1906 1197 1960 enim
1226 1904 1520 1960 reverenda
1549 1903 1786 1972 priorum
1825 1909 2013 1958 aucto-

431 2001 582 2067 ritas,
613 2015 738 2070 qum
777 2016 814 2054 a
851 2007 1004 2054 recto
1033 1998 1249 2056 tramite
1296 2013 1405 2052 non
1448 1996 1700 2052 declinat.
1745 1994 2018 2066 Sequendi

430 2093 572 2149 enim
619 2093 996 2148 necessitatem
1039 2091 1255 2161 reliquit
1294 2090 1548 2158 posteris,
1605 2089 1698 2159 qui
1748 2089 2014 2158 justitiam

430 2185 543 2240 suis
586 2184 862 2239 miscuerit
886 2183 1211 2239 constitutis.
1264 2181 1332 2236 Et
1377 2182 1519 2248 ideo,
1551 2191 1734 2254 patres
1773 2183 2018 2238 conscri-

429 2275 528 2345 pti,
557 2291 656 2345 per
691 2275 952 2332 decimam
985 2276 1194 2330 tertiam
1237 2273 1584 2330 indictionum
1613 2276 1784 2340 (Anno
1823 2272 2016 2330 Christi

429 2364 560 2436 555)
589 2366 788 2422 illustri.
824 2364 1059 2422 Patricio
1107 2375 1388 2434 qumsttum
1435 2365 1759 2420 contulimus
1787 2363 2017 2432 dignitas

430 2463 573 2519 tem;
607 2462 666 2514 ut
691 2453 790 2524 qui-
823 2464 906 2512 est
934 2455 1108 2516 clarus
1137 2457 1374 2522 nurnine,
1405 2457 1720 2524 magniﬁcus
1744 2457 1906 2512 etiam
1944 2456 2018 2514 sit

430 2547 654 2600 honore.
687 2545 888 2601 Fovete
917 2547 971 2600 in
1000 2562 1122 2601 eum
1168 2557 1350 2602 nostra
1372 2547 1610 2617 judicia;
1641 2557 1704 2608 ut
1727 2549 1872 2617 quod
1915 2563 2018 2606 nos

429 2640 788 2710 praestitimus,
819 2640 969 2696 vobis
997 2641 1250 2712 placitum
1284 2640 1631 2696 nihilominus
1656 2641 1940 2697 sentiatur.

975 2863 1304 2920 EPISTOLA
1341 2864 1473 2919 VIII.

591 2994 892 3034 ws'rmmuo
920 2993 1159 3032 AUGUSTO
1187 2993 1574 3032 AIIALASUNTHA
1602 2991 1814 3033 BBGINA.
1841 2975 1868 3016 ιδ

429 3091 597 3165 Rogat
622 3101 676 3145 ut
705 3108 963 3146 marmora
989 3092 1196 3165 aetolia
1219 3094 1531 3165 necessaria,
1553 3109 1665 3163 qua:
1686 3091 2012 3162 Culogenirus

570 3171 977 3233 comparamrat,
995 3161 1174 3232 jubeat
1202 3164 1270 3215 ad
1299 3165 1534 3234 reginam
1565 3161 1866 3218 transmitti.

495 3295 574 3350 Ita
605 3311 702 3350 nos
729 3295 898 3366 gratia
929 3303 1120 3349 vestrae
1146 3295 1358 3365 pietatis
1388 3296 1646 3362 oblectat,
1674 3304 1734 3351 ut
1763 3296 2014 3368 quidquid

425 3387 490 3442 ad
520 3387 767 3442 decorem
798 3395 1039 3444 nostrum
1069 3395 1248 3457 potest
1277 3386 1559 3458 proﬁcere,
1594 3390 1826 3445 libenter
1854 3406 1886 3445 a
1918 3406 2013 3446 ve-

424 3481 550 3537 stris
593 3481 822 3537 velimus
865 3483 1108 3552 partibus
1151 3484 1426 3552 postulare
1465 3503 1478 3538 :
1521 3485 1643 3554 quia
1689 3486 1815 3540 talia
1863 3487 2014 3546 vobis

425 3575 544 3648 [ηις.
577 3582 627 3628 et
654 3575 775 3646 Ac.,
805 3573 982 3645 nobis]
1023 3574 1209 3636 Divina
1246 3577 1567 3644 tribuerunt,
1593 3587 1652 3633 ut
1681 3588 1736 3634 et
1762 3596 1859 3635 vos
1897 3581 2016 3652 ejus

425 3663 708 3722 aﬂluenter
736 3666 1050 3722 muneribus
1071 3666 1373 3736 abundetis,
1404 3677 1458 3723 et
1486 3672 1825 3741 sperantibus
1858 3671 2012 3726 beni-

422 3771 526 3826 gno
558 3756 738 3812 animo
765 3771 884 3826 quae
924 3764 1048 3812 sunt
1086 3758 1390 3812 necessaria
1419 3759 1744 3815 concedatis.
1790 3759 1854 3814 Et
1892 3761 2012 3816 ideo

422 3847 884 3904 mansuetudinem
916 3857 1154 3904 vestram
1190 3857 1500 3905 reverenter
1529 3851 1790 3920 salutans,
1823 3852 2012 3907 harum

421 3939 737 4008 portitorem
770 3937 916 3992 illum
949 3939 1016 3993 ad
1047 3941 1382 3996 excellentiae
1408 3949 1604 3996 vestrae
1634 3940 1892 3996 beneﬁcia
1915 3943 2012 3998 de-

419 4030 632 4098 stinavi,
667 4038 725 4085 ut
754 4047 1046 4098 marmora,
1078 4033 1164 4087 vel
1203 4032 1306 4086 alia
1335 4034 1658 4099 necessaria,
1687 4049 1806 4102 quae
1835 4048 2010 4103 quon-

419 4119 543 4175 dam
571 4118 941 4190 Calogenitum
969 4137 1284 4192 comparare
1307 4122 1627 4190 feceramus,
1656 4138 1752 4192 per
1777 4138 2011 4193 prmscn-

419 4215 552 4268 tium
582 4213 723 4288 [Ac.,
755 4211 925 4286 pium]
957 4217 1272 4285 portitorem
1317 4216 1383 4270 ad
1427 4232 1524 4271 nos
1568 4219 1870 4290 pervenire,
1905 4217 2012 4273 Do-

418 4305 563 4360 mino
587 4305 815 4374 favente,
841 4306 1103 4375 jubcatis;
1128 4315 1186 4362 ut
1215 4323 1602 4377 cognoscamus
1631 4326 1730 4365 nos
1752 4326 1780 4364 ει
1811 4311 2010 4383 pietate

417 4407 596 4453 vestra
645 4414 834 4455 revera
876 4401 1044 4470 diligi,
1077 4417 1306 4472 quorum
1352 4401 1526 4458 facitis
1571 4411 1694 4459 vota
1726 4404 2004 4474 compleri.

420 4489 608 4552 Vestra
639 4492 779 4546 enim
810 4492 978 4560 gloria
1019 4501 1101 4548 est
1144 4503 1328 4550 noster
1370 4503 1610 4561 ornatus,
1654 4496 1869 4565 quando
1911 4509 2008 4550 vos

420 4581 728 4650 praestitisse
755 4585 1095 4651 cognoscitur
1121 4587 1265 4656 quod
1301 4589 1498 4642 nostris
1547 4587 1792 4641 laudibus
1831 4586 2007 4656 appli-
2037 4643 2040 4645 ,

417 4681 587 4727 catur.
619 4673 788 4727 Decet
815 4676 955 4729 enim
995 4685 1054 4730 ut
1094 4686 1148 4731 et
1177 4679 1322 4734 orbis
1353 4680 1452 4734 istc
1481 4681 1750 4733 Romanus
1787 4690 1808 4718 ο
1845 4679 2002 4748 juva-

416 4766 558 4820 mine
586 4775 768 4822 vestro
796 4768 1157 4841 resplendeat,
1188 4787 1346 4844 quem
1385 4787 1536 4826 amor
1571 4779 1767 4828 vestrm
1796 4769 2002 4827 sereni-

416 4858 541 4913 tatis
568 4857 818 4914 illustrat.

485 5132 513 5161 ι
539 5122 811 5179 Laudatur
838 5123 929 5180 hic
964 5132 1199 5192 quaastor
1225 5137 1292 5178 ex
1323 5139 1389 5178 eo
1417 5123 1560 5192 quod
1600 5123 1651 5177 in
1693 5119 1914 5191 agendis
1940 5128 1996 5175 et

413 5196 932 5268 perorandiscausis
956 5194 1022 5252 ab
1049 5194 1254 5268 injuriis
1279 5195 1378 5268 sibi
1406 5195 1624 5268 omnino
1655 5200 1992 5262 temperave-

413 5265 510 5337 rit;
543 5265 874 5337 turpissimus
905 5268 1046 5324 enim
1070 5265 1150 5320 est
1173 5266 1664 5337 conviciandlniqs,
1689 5270 1994 5337 attestatur

410 5331 815 5394 Valentinianus
845 5339 1033 5408 imper.
1068 5340 1118 5392 in
1147 5337 1182 5392 1.
1214 5335 1474 5406 Quisquis,
1585 5331 1662 5408 De
1683 5344 1817 5408 post.
1847 5331 1990 5408 133.c-

411 5413 558 5462 terca
589 5408 860 5463 orationes
891 5403 995 5464 non
1035 5419 1160 5466 sunt
1205 5403 1461 5463 (εοηνῖρίἱε
1506 5403 1807 5476 implendas.
1859 5403 2018 5457 Vide‘

410 5478 531 5532 Am.
564 5476 952 5548 Marcellinum,
983 5480 1078 5536 lib.
1113 5495 1241 5534 xxx.
1275 5478 1464 5533 Bnoss.
2010 5491 2015 5498 '

2112 1893 2353 1963 juvante,
2403 1895 2736 1964 perveniant,
2787 1908 2856 1949 ne
2907 1900 3148 1950 cassctur
3189 1892 3512 1950 desiderium
3555 1894 3716 1963 quod

2118 1989 2504 2045 convenienter
2549 1997 2632 2044 est
2677 1987 2748 2043 de
2789 1995 2968 2044 vestra
3010 1985 3432 2057 presumptione.
3456 2000 3716 2043 securim

2119 2085 2203 2157 [ed
2211 2125 2248 2152 .,
2279 2082 2567 2153 secutum].
3293 2087 3296 2090 ’

2689 2211 3023 2270 EPISTULA
3059 2211 3124 2268 X.

2261 2298 2560 2365 Tuscum”;
2593 2325 2848 2363 Αιτουδτιε
2881 2306 2906 2344 ά
2939 2321 3324 2362 AMALASUNTHA
3350 2319 3562 2361 REGINA.

2119 2400 2289 2473 Rogat
2329 2409 2384 2453 ut
2433 2401 2494 2453 de
2539 2401 2786 2468 sospitate
2822 2413 2918 2473 sua
2949 2415 3038 2466 per
3059 2398 3259 2473 _Iegatos
3289 2413 3414 2468 quos
3442 2395 3512 2450 ad
3537 2393 3707 2449 Justi-

2526 2473 2742 2524 niauum
2767 2470 2978 2522 miserat
3000 2468 3296 2521 admoneat.

2188 2563 2323 2617 Dum
2352 2561 2613 2632 pmpositi
2644 2561 2815 2614 nostri
2843 2560 2912 2613 sit
2941 2559 3027 2613 illa
3057 2574 3297 2628 quaerere
3325 2573 3445 2629 quae
3471 2558 3709 2629 proban-

2117 2665 2206 2714 tur
2227 2655 2294 2711 ad
2323 2656 2546 2724 gloriam
2573 2653 2646 2722 pii
2670 2651 2930 2722 principis
2953 2651 3242 2721 pertinere,
3270 2651 3490 2721 dignum
3509 2663 3596 2707 est
3611 2667 3710 2706 vos

2115 2763 2365 2816 sermone
2386 2745 2634 2802 venerari
2653 2759 2787 2814 quos
2812 2743 2970 2800 bonis
2992 2743 3238 2800 omnibus
3257 2749 3472 2800 constat
3493 2757 3711 2812 semper

2118 2841 2320 2910 augeri.
2353 2837 2652 2893 Concordia
2681 2850 2788 2890 non
2810 2842 2892 2890 est
2919 2834 3033 2890 sola
3062 2834 3405 2906 pmsentium
3429 2851 3444 2887 :
3464 2834 3707 2904 quinimo

2117 2931 2192 2986 illi
2222 2947 2280 2986 se
2310 2931 2501 2986 melius
2540 2929 2854 3000 respiciunt,
2885 2929 2976 2998 qui
3003 2927 3165 2982 animi
3193 2928 3459 2984 charitate
3487 2943 3546 2982 se
3575 2944 3706 2982 con-

2112 3025 2361 3095 jungunt.
2412 3021 2586 3091 Atque
2636 3020 2760 3076 ideo
2815 3019 3048 3076 reddens
3099 3028 3337 3090 augustae
3392 3021 3709 3076 reverentiae

2116 3101 2454 3170 salutationis
2495 3113 2766 3178 atiectum,
2813 3126 2974 3182 spero
3020 3119 3079 3166 ut
3124 3111 3473 3168 redeuntibus
3519 3111 3709 3181 legatis

2043 3239 2088 3303 ο
2120 3211 2339 3276 nostris,
2371 3224 2507 3278 quos
2548 3207 2614 3260 ad
2659 3205 3134 3262 clementissimum
3170 3213 3226 3261 et
3263 3205 3709 3276 gloriosissimum

2117 3302 2415 3375 principem
2441 3299 2842 3366 destinavimus,
2873 3299 2940 3352 de
2966 3306 3144 3354 vestra
3172 3315 3271 3354 nos
3298 3297 3504 3354 faciatis
3531 3297 3711 3368 sospi-

2117 3405 2229 3452 tate
2275 3397 2537 3468 gaudere;
2582 3395 2708 3464 quia
2751 3410 3009 3465 prospera
3047 3404 3224 3454 vestra
3264 3393 3334 3449 ita
3367 3393 3517 3452 nobis
3543 3400 3708 3462 grata

2115 3489 2384 3556 videntur,
2413 3495 2472 3542 ut
2500 3485 2749 3560 propria;
2781 3492 2834 3540 et
2861 3501 3082 3542 necesse
3111 3496 3196 3544 est
3223 3487 3529 3558 sospitatem
3553 3484 3707 3540 desi—

2115 3585 2368 3662 deranter
2389 3584 2684 3657 suscipere,
2714 3595 2876 3652 quam
2899 3599 2998 3642 nos
3021 3583 3222 3655 jugiter
3247 3590 3459 3644 constat
3491 3588 3704 3654 optare.

2677 3716 3008 3774 EPISTOLA
3047 3716 3135 3771 XI.

2116 3825 2320 3864 ΙΔΧῙΙΟ
2342 3824 2466 3866 νιιιο
2500 3825 2764 3874 ιιιυδτιιι,
2807 3823 3122 3872 DOES'I'ICO,
3163 3820 3550 3861 THEODABADDS
3578 3821 3706 3859 REX.

2115 3900 2402 3956 Maximum
2447 3918 2512 3955 ea:
2553 3901 2852 3955 Aniciorum
2881 3900 3102 3972 familia,
3139 3914 3251 3972 qua:
3279 3898 3458 3972 multis
3489 3906 3708 3972 ornatur

2184 3974 2448 4036 encomiis,
2491 3973 2788 4038 oriundum,
2831 3970 2888 4025 et
2913 3972 3066 4025 uxori
3113 3971 3267 4039 regia:
3303 3971 3485 4038 stirpis
3519 3970 3702 4024 amtti-

2184 4047 2357 4098 monio
2373 4045 2610 4115 junctmn
2637 4045 2705 4097 ad
2726 4043 3150 4114 primiceriatum,
3170 4043 3273 4096 sive
3292 4040 3700 4103 dometticatum,

2181 4124 2460 4186 promovet.

2190 4213 2344 4283 162
2379 4210 2433 4266 Si
2473 4211 2643 4280 gloria
2671 4217 2754 4266 est
2781 4211 3045 4265 bonorum
3075 4207 3376 4278 principum
3406 4201 3704 4272 incognitas

2112 4304 2405 4358 honoribus
2435 4301 2730 4357 clariﬁcare
2756 4313 3014 4371 personas
3047 4301 3192 4370 (dum
3222 4293 3482 4368 quidquid
3522 4308 3552 4345 a
3585 4292 3704 4346 sub-

2104 4395 2263 4464 jectis
2310 4394 2585 4464 proﬁcitur
2635 4394 2973 4462 regnantium
3029 4390 3292 4446 laudibus
3329 4383 3696 4456 applicatur),

2109 4495 2311 4558 quanto
2335 4487 2489 4542 nobis
2515 4490 2854 4556 przestantius
2876 4495 2960 4541 est
2982 4483 3325 4538 nobilissima
3344 4477 3560 4531 famiiire
3580 4473 3702 4529 red-

2109 4578 2238 4634 dere
2283 4577 2426 4648 quod
2473 4593 2593 4634 eam
2641 4577 3018 4646 cognoscimus
3058 4574 3220 4629 etiam
3263 4567 3518 4625 nascendi
3554 4575 3702 4620 sorte

2109 4675 2405 4730 meruisse?
2434 4672 2523 4728 Sic
2550 4674 2692 4729 enim
2719 4673 2980 4743 justitiam
3012 4670 3322 4742 sequimur,
3341 4666 3384 4722 si
3415 4662 3568 4720 bonis
3599 4662 3701 4714 hze—

2105 4766 2323 4821 redibus
2349 4773 2633 4836 parentum
2659 4766 2878 4835 prtemia
2906 4780 3014 4818 non
3053 4775 3325 4831 negemus.
3359 4756 3527 4810 Decet
3553 4752 3696 4807 enim

2105 4857 2266 4912 etiam
2295 4859 2506 4928 priores
2534 4872 2661 4912 suos
2689 4857 2924 4922 vincere,
2953 4854 3046 4924 qui
3077 4851 3146 4908 ad
3172 4859 3354 4908 nostra
3383 4849 3700 4903 meruerunt

2103 5117 2352 5174 Gothico.
2386 5116 2554 5172 Fons.

2157 5225 2198 5266 ,ο
2239 5212 2301 5267 L.
2335 5212 2423 5279 i7,
2471 5211 2535 5265 1n
2582 5209 2704 5266 orbe
2745 5209 3002 5272 Romano,
3035 5206 3101 5279 de
3130 5211 3288 5279 _s_tatu
3323 5203 3490 5279 .liom._
3527 5201 3690 5279 Elim,

2103 5285 2192 5338 lib.
2216 5273 2528 5347 xvu,'c.'l‘.’.;
2562 5282 2652 5335 lib.
2683 5298 2868 5346 XXXIII,
2903 5297 3021 5348 cap.
3045 5277 3095 5330 4.
3130 5275 3266 5350 Male
3290 5277 3452 5350 prius,
3479 5275 3529 5330 in
3558 5273 3708 5350 urbe,

2102 5355 2361 5420 Romanu,
2401 5345 2795 5422 legebatur,'d.
2827 5345 2864 5405 l.
2900 5345 3688 5422 i7,'qiiml‘qliiioFiorcntina

2102 5426 2278 5492 arguit
2311 5415 2412 5480 :vet
2433 5415 2542 5491 jam
2573 5424 2790 5488 Alciat.,
2823 5423 2914 5482 lib.
2947 5415 3127 5492 λιπέειν.
3159 5418 3228 5472 9:2.
3261 5417 3559 5492 Dispunctr
3594 5415 3690 5492 ag-

2102 5435 2278 5492 argntt
2311 5443 2323 5480 :
2357 5435 2412 5478 et
2433 5440 2542 5491 jam
2573 5435 2790 5488 Alcmt.,
2824 5435 2914 5482 tib.
2947 5437 2983 5476 tt
3012 5436 3127 5488 cap.
3159 5435 3228 5472 ξιξ.
3261 5435 3350 5470 ms
3367 5435 3559 5480 )uncn,
3594 5435 3690 5468 au-

2099 5505 2331 5558 notarat,
2376 5496 2461 5548 cui
2497 5503 2550 5547 ct
2597 5495 2684 5550 hic
2728 5494 2878 5548 locus
2909 5490 3247 5560 suﬁragatur,
3279 5435 3397 5544 et
3432 5490 3482 5558 l,
3513 5485 3574 5542 C.
3608 5484 3690 5540 De

477 5569 737 5626 Advocati
778 5570 830 5624 in
867 5572 1180 5639 perorandis
1215 5570 1392 5639 causis
1440 5577 1740 5639 temperare
1769 5565 1866 5620 sibi
1898 5564 1993 5618 de-
2092 5569 2357 5639 eunuchis.
2391 5565 2557 5620 Fons.

408 5639 538 5696 bent
559 5656 589 5696 a
614 5636 888 5696 conviciis:
925 5639 1053 5694 Vide
1081 5642 1115 5694 l.
1150 5657 1221 5702 v1,
1249 5639 1308 5694 C.
1345 5638 1421 5692 De
1458 5636 1801 5706 postulando;
1833 5644 2018 5706 notas.

408 5709 476 5765 ad
505 5707 838 5780 Symmach.,
871 5711 960 5764 lib.
993 5727 1068 5775 ix,
1100 5712 1256 5779 epist.
1288 5709 1376 5762 9.8.
1401 5708 1594 5764 Jnnnr.

2138 5638 2791 5737 ’ά-Τὴεοάονω-Αιιριεξιω,
2831 5653 3111 5734 ιῳιίιιίίιιιί
3150 5652 3390 5737 conjugi,‘
3422 5650 3492 5706 de
3529 5648 3692 5737 cuius

2090 5726 2403 5784 fortitudine
2448 5722 2631 5788 animi'
2660 5723 3264 5796 Procopius_memiuit.
3298 5722 3686 5796 Ad‘eaindem

479 5801 506 5841 ιι
545 5803 928 5858 Amalasuntha
944 5796 1988 5870 cogitavitabItaliaConstantinopoIim
2089 5782 2339 5856 scribitur
2366 5782 2526 5866 infra,
2555 5799 2711 5870 cpiSt.
2743 5782 2948 5865 20:21,
2975 5783 3078 5863 ἐξ».
3109 5782 3276 5864 huius
3298 5782 3440 5856 libri.
3473 5782 3644 5854 ron.
3699 5815 3706 5838 ρ

411 5885 580 5940 usque
603 5873 750 5928 adire
773 5867 1128 5926 Justinianum
1156 5874 1284 5942 imp.
1315 5871 1546 5940 Procop.
1575 5872 1668 5926 lib.
1699 5867 1987 5926 uleBello

3527 5903 3557 5928 il
