4006 6448
180 305 326 372 305.

1535 299 1896 384 VARIARUM
1936 311 2140 380 LIBER
2178 315 2249 374 Χ.

3403 327 3518 390 806

180 436 476 499 tempora,
494 428 797 500 pervenire.
830 432 1049 500 Anicius
1077 434 1293 505 quidem
1322 450 1460 506 pene
1489 435 1816 508 principibus
1844 434 1894 498 Δ
1921 441 2071 496 turus
2097 436 2240 492 nulla
2271 434 2548 496 videretur
2572 452 2806 508 sumere,
2835 442 2926 514 qui
2963 443 3248 515 primaevus
3283 453 3506 508 emerita
3531 459 3546 532 ἵ

182 534 381 588 pares
407 529 537 578 aetas
563 524 738 593 prisca
769 527 1055 596 progenuit
1087 545 1100 580 :
1131 542 1360 598 quorum
1388 528 1620 588 nominis
1643 529 1818 598 digni-

181 621 286 667 tas
319 613 400 668 ad
435 623 490 669 te
528 618 802 686 sanguinis
826 619 972 674 fonte
1001 619 1290 690 perducta,
1321 621 1564 678 collectis
1590 621 1812 684 viribus,

183 700 446 760 hilarior
475 706 774 770 instaurata
801 712 1056 778 rutilavit.
1087 711 1219 780 Quis
1247 728 1376 783 ergo
1407 714 1734 784 relinqueret
1761 715 1818 772 in

185 797 454 864 posteris
491 800 669 862 minus
707 802 945 860 honoros
989 803 1118 876 [ed.,
1163 803 1436 875 honoris],
1461 820 1604 874 quos
1627 806 1816 860 tandiu

189 899 439 956 constat
476 891 643 956 fuisse
683 895 1018 965 pracipuos?
1041 895 1435 958 Aeousarentur
1463 899 1659 960 smcula
1692 907 1741 963 ⁸,
1769 900 1816 954 si

189 985 340 1048 talis
384 987 648 1058 potuisset
693 989 864 1046 latere
908 988 1129 1046 familia.
1185 993 1360 1062 Atque
1407 994 1609 1057 utinam
1660 992 1818 1046 nobis

189 1073 422 1138 Marios
452 1078 543 1138 vel
559 1077 821 1142 Corvinus
848 1082 1108 1138 aunosior-
1143 1082 1256 1146 vita.
1288 1083 1578 1143 servasset!
1611 1083 1700 1138 vix
1727 1099 1818 1138 sa-

191 1168 447 1224 tiaretur
472 1170 728 1240 principis
754 1179 958 1237 votum,
989 1173 1034 1228 si
1066 1188 1165 1236 nos
1189 1175 1528 1243 contingeret
1558 1189 1816 1243 personas

192 1259 336 1314 illas
391 1260 579 1316 talium
627 1262 908 1335 possidere
961 1265 1300 1328 meritorum.
1351 1263 1816 1346 Quemadmodum

193 1370 362 1410 nunc
404 1357 652 1425 profecto
693 1357 1024 1426 negligamus
1057 1359 1294 1425 inventa,
1327 1359 1418 1428 qui
1448 1359 1816 1422 desideramus

188 1445 422 1501 habere
447 1448 757 1518 przeterita?
784 1447 961 1519 Atque
989 1447 1114 1508 ideo
1145 1449 1312 1520 (quod
1354 1448 1582 1506 feliciter
1610 1450 1812 1506 dictum

190 1536 298 1606 sit)
364 1539 781 1608 primiceriatus,
822 1541 1438 1609 quiat'domesticatus
1483 1543 1811 1607 nominatur,

199 1630 278 1683 ab
338 1630 635 1694 indictione
662 1633 870 1692 decima
908 1643 1102 1704 quarta
1134 1636 1308 1707 (Anno
1337 1636 1528 1691 Christi
1557 1635 1683 1705 556)
1716 1636 1813 1690 tibi

193 1722 548 1780 conferimus
576 1725 910 1794 dignitatem.
949 1725 1150 1784 Usurus
1175 1744 1234 1783 es
1255 1729 1504 1784 omnibus
1527 1729 1694 1784 titulis
1721 1730 1812 1798 qui

1919 529 2263 596 cognoscitur
2288 530 2581 599 accepisse.
2613 532 2773 589 Avari
2801 539 3001 608 quippe
3027 541 3280 613 principis
3310 548 3505 603 eratin

1919 637 2028 676 uno
2071 624 2280 680 honore
2317 625 2492 694 spatia
2531 626 2653 680 vita:
2699 637 2808 683 tam
2845 647 3039 703 magna
3081 638 3419 705 concludere,
3452 647 3510 696 et

1919 713 2044 770 ideo
2085 716 2254 785 magis
2300 717 2436 772 nihil
2483 727 2760 787 praestare,
2807 722 2932 790 quia
2972 727 3118 793 prius
3166 732 3533 814 cognoscitur‘

1917 823 2130 864 summa
2192 811 2455 866 meruisse
2503 829 2514 864 :
2567 815 2696 880 quin
2753 816 2932 884 potius
2979 822 3158 876 omnia
3207 811 3534 896 promiscue:T

1919 901 2298 958 concedamus.
2358 902 2514 958 Nulla
2556 905 2790 974 dignitas
2838 909 3016 964 minor
3059 921 3159 977 est,
3204 929 3328 970 cum
3368 917 3509 975 bene

1918 994 2138 1060 geritur,
2171 996 2384 1064 quando
2410 999 2766 1054 reverentiam
2794 1001 3110 1074 plerumque
3131 1009 3274 1064 actio
3296 1011 3512 1068 videtur

1919 1083 2168 1154 accipere
2193 1086 2261 1140 de
2290 1087 2540 1143 claritate
2568 1105 2831 1159 personae.
2867 1091 2992 1149 Haec
3017 1105 3195 1151 autem
3226 1105 3356 1156 tunc
3385 1111 3510 1157 sunt

1917 1177 2174 1243 gradibus
2207 1178 2480 1248 distincta,
2522 1196 2644 1236 cum
2691 1183 2916 1239 diversis
2961 1186 3159 1242 fuerint
3204 1189 3504 1249 distributa.

1917 1266 2050 1322 Nam
2078 1268 2342 1324 honorem
2373 1287 2529 1326 suum
2558 1289 2772 1344 semper
2797 1278 3076 1345 aequaliter
3102 1281 3319 1348 retinet,
3353 1285 3512 1353 quid—

1917 1359 2044 1426 quid
2075 1361 2244 1429 probe
2275 1365 2508 1430 gesserit
2539 1367 2857 1424 consularis.
2898 1369 2986 1425 Sic
3024 1374 3289 1430 minorum
3332 1377 3510 1433 ﬂumi-

1918 1465 2046 1504 num
2093 1453 2356 1508 vocabula
2403 1455 2575 1524 major
2614 1460 2786 1513 amnis
2836 1461 3119 1532 absorbet,
3173 1475 3227 1521 et
3265 1472 3509 1537 quamvis

1916 1543 2144 1612 plurima
2174 1544 2374 1600 fluenta
2403 1547 2608 1603 Tiberis
2639 1559 2816 1606 vester
2839 1555 3085 1626 accipiat,
3116 1565 3294 1614 tamen
3324 1578 3352 1616 a
3386 1579 3510 1632 pro-

1917 1636 2036 1703 prio
2065 1637 2282 1692 nomine
2310 1655 2418 1694 non
2448 1641 2698 1697 declinat.
2733 1644 2799 1698 Et
2829 1647 2970 1714 ideo,
2999 1650 3142 1716 quod
3175 1651 3400 1708 feliciter
3423 1655 3507 1710 di-

1917 1735 2063 1782 ctum
2091 1731 2180 1794 sit,
2213 1731 2403 1787 illustri
2435 1734 2552 1788 viro
2581 1744 2742 1806 atque
2775 1740 3056 1806 magniﬁco
3087 1743 3312 1812 patricio
3338 1745 3509 1801 Maxi-

191 1814 269 1868 ad
297 1815 428 1882 ejus
449 1817 724 1885 pertinent,
756 1819 1043 1878 actionem.
1075 1817 1172 1874 llic
1194 1819 1365 1874 honor
1386 1820 1630 1888 quamvis
1654 1820 1816 1874 tantis
1849 1825 1889 1884 Β
1919 1833 2009 1874 mo
2037 1821 2451 1890 primiceriatus,
2494 1827 2584 1894 qui
2624 1835 2680 1882 et
2713 1829 3094 1888 domesticatus
3122 1835 3449 1906 nominatur,
3477 1856 3509 1894 a

193 1906 496 1962 natalibus
542 1908 788 1970 videatur
836 1910 1077 1975 inferior,
1107 1911 1317 1967 cunctis
1359 1919 1540 1966 tamen
1577 1909 1814 1965 fascibus

194 2001 320 2056 tuis
374 2002 587 2058 videtur
629 2019 750 2066 esse
799 2003 1035 2070 felicior;
1073 2004 1228 2072 cujus
1274 2012 1520 2074 tempore
1565 2005 1812 2059 meruisti

195 2092 504 2163 conjugem
529 2095 690 2163 regite
730 2097 918 2167 stirpis.
946 2098 1214 2168 accipere,
1244 2113 1405 2168 quam
1436 2098 1488 2151 in
1518 2097 1622 2152 tuis
1651 2113 1813 2153 curu-

193 2185 357 2243 libus
389 2187 504 2261 [Gr.
537 2197 588 2244 et
613 2188 754 2260 Cuj.,
785 2199 878 2246 tuo
916 2190 1220 2262 consulatu]
1253 2206 1351 2247 nec
1382 2190 1811 2261 praesumpsisses

194 2289 430 2349 optare.
461 2279 575 2350 Age
606 2297 764 2348 tiunc,
796 2291 855 2338 ut
883 2283 1022 2340 sicut
1051 2283 1144 2337 tibi
1179 2291 1262 2338 est
1291 2283 1522 2347 votivus,
1552 2283 1623 2336 ita
1655 2282 1810 2337 nobis

193 2373 472 2436 reddatur
515 2383 785 2445 acceptus.
829 2375 1128 2442 Considera
1169 2375 1296 2444 quid
1333 2375 1617 2441 merueris,
1649 2384 1703 2428 et
1727 2374 1811 2429 di-

195 2477 380 2532 suum
414 2471 464 2519 ιθ
490 2475 674 2528 nostra
700 2466 960 2522 affinitate
989 2467 1264 2524 tractabis.
1299 2466 1432 2520 Nam
1468 2467 1570 2536 qui,
1594 2467 1814 2522 familiar

198 2558 494 2626 regnantis
536 2559 860 2628 adjungitur,
897 2561 952 2618 in
995 2561 1210 2624 laudum
1252 2559 1457 2628 gremio
1487 2559 1804 2614 collocatur.

200 2647 372 2704 Nunc
402 2649 573 2720 major
609 2667 772 2721 opera
811 2651 1208 2712 mansuetudini
1233 2652 1422 2716 detur;
1456 2667 1598 2711 nunc
1633 2651 1810 2707 omni-

202 2741 316 2794 bus
358 2742 667 2806 communio
709 2743 938 2812 benigna
968 2743 1298 2812 praebeatur;
1330 2750 1390 2796 ut
1417 2741 1578 2795 talem
1607 2741 1810 2810 probe-

203 2847 342 2892 mur
371 2832 616 2902 elegisse,
649 2848 807 2901 quem
856 2833 1000 2890 nulla
1044 2833 1216 2902 possit
1257 2831 1586 2902 prosperitas
1611 2832 1809 2889 immu—

207 2931 356 2980 tare.
387 2924 614 2992 Humilis
644 2939 744 2993 age
784 2941 901 2984 rem
927 2926 1131 2994 gloriae,
1155 2925 1280 2994 quia
1307 2924 1374 2982 de
1407 2925 1669 2984 modestia
1696 2926 1814 2980 laus

205 3016 470 3082 sumitur,
497 3017 567 3074 de
602 3017 836 3080 elatione
875 3017 1054 3072 odium
1097 3017 1420 3074 concitatur.
1461 3016 1812 3074 I’rovectibus

206 3106 440 3176 quidem
469 3107 715 3174 proxima
745 3115 831 3169 est
874 3107 1235 3172 indubitanter
1276 3107 1503 3173 invidia;
1547 3107 1642 3162 sed
1671 3108 1810 3163 tole-

1921 1919 2112 1979 quarta
2143 1913 2349 1968 decima
2393 1916 2684 1994 indictione
2717 1921 2890 1989 (Anno
2930 1923 3122 1978 Christi
3162 1925 3286 1998 556)
3314 1943 3509 1997 geren-

1918 2002 2042 2060 dam
2088 2005 2372 2063 tribuimus
2413 2009 2748 2080 dignitatem,
2790 2022 2850 2069 ut
2895 2016 3238 2074 mediocritas
3288 2021 3508 2077 honoris

1915 2096 2109 2151 merito
2158 2111 2430 2156 cresceret
2478 2105 2832 2174 praesidentis.
2879 2107 3064 2178 Neque
3109 2111 3248 2165 enim
3297 2111 3379 2169 fas
3427 2122 3510 2169 est

1914 2187 2115 2245 humile
2153 2191 2260 2247 dici
2298 2195 2443 2264 quod
2486 2198 2625 2266 gerit
2666 2197 2884 2256 Anicius
2918 2220 2930 2255 :
2965 2203 3160 2258 familia
3213 2213 3326 2262 toto
3375 2209 3509 2264 orbe

1913 2283 2224 2352 praedicata,
2257 2302 2374 2356 qua}
2423 2305 2551 2344 vere
2597 2292 2793 2347 dicitur
2835 2295 3048 2364 nobilis,
3083 2300 3295 2368 quando
3335 2303 3403 2359 ab
3441 2319 3506 2360 ea

1913 2373 2143 2428 actionis
2170 2377 2412 2446 probitas
2443 2395 2548 2434 non
2578 2383 2802 2438 recedit.
2827 2383 2932 2439 Sed
2961 2386 3039 2443 bis
3062 2389 3219 2445 bonis
3241 2391 3501 2460 addimus,

1910 2471 2094 2534 patres
2123 2469 2434 2538 conscripti,
2467 2478 2524 2525 ut
2553 2481 2753 2530 nostrze
2788 2475 3034 2533 aﬂinitati
3066 2483 3329 2550 prmcclsac
3359 2487 3506 2542 clara

1912 2551 2126 2610 familia;
2154 2567 2345 2614 vestra:
2363 2561 2534 2628 gratia
2560 2563 2868 2620 misceatur.
2904 2566 3096 2624 Verum
3120 2572 3255 2629 hanc
3279 2575 3504 2642 gloriam

1911 2662 2020 2702 non
2063 2649 2182 2720 sibi'
2210 2660 2418 2706 tantum
2465 2662 2648 2724 potest
2687 2675 2826 2714 unus
2874 2676 3167 2731 assumere,
3208 2681 3368 2734 quam
3409 2686 3506 2725 nos

1912 2741 2206 2810 probamur
2233 2744 2480 2802 Romano
2526 2749 2731 2803 nomini
2774 2753 3081 2808 contulisse.
3120 2754 3348 2812 Reddite
3377 2759 3505 2815 ail‘e-

1911 2833 2022 2886 ctui
2049 2848 2172 2889 meo
2201 2836 2564 2906 plenissimam
2594 2840 2934 2897 charitatem.
2968 2842 3093 2900 Plus
3135 2856 3218 2902 est
3247 2850 3505 2908 amandus

1914 2939 1944 2977 a
1969 2923 2214 2993 dontino,
2243 2929 2334 2998 qui
2364 2932 2602 2999 parentis
2630 2949 2826 2988 nomen
2867 2935 3113 3004 dignatus
3143 2951 3222 2995 est
3249 2953 3505 3012 praestare

1914 3016 2176 3085 subjecto.
2207 3019 2314 3075 Sed
2343 3038 2556 3092 aequum
2585 3031 2684 3091 est,
2727 3034 2908 3095 patres
2945 3033 3254 3103 conscripti,
3290 3044 3345 3089 ut
3372 3037 3503 3091 clla-

1913 3124 2008 3162 rus
2034 3111 2250 3176 existat,
2283 3129 2380 3182 per
2406 3131 2568 3185 quem
2598 3118 2749 3173 vobis
2789 3127 2899 3176 tam
2939 3107 3111 3178 felicia
3141 3128 3501 3196 contigerunt.

206 3194 399 3248 nantia
438 3195 629 3258 melius
657 3196 908 3262 vincitur,
939 3212 1058 3267 quae
1088 3197 1433 3254 contentione
1467 3213 1683 3268 semper
1710 3215 1808 3255 an—
1836 3206 1894 3274 cp
1915 3199 2193 3258 Exsultate
2223 3208 2565 3274 generaliter,
2593 3219 2648 3264 et
2683 3213 2782 3268 bas
2817 3217 3030 3284 nuptias
3062 3216 3245 3272 lmtitia
3287 3194 3507 3289 profusa

206 3296 397 3355 getur.
429 3287 600 3360 Supra
630 3299 856 3350 caeteras
881 3291 1027 3345 enim
1059 3291 1280 3350 virtutes
1300 3292 1530 3356 amicam
1551 3294 1811 3362 sapienti-

204 3378 315 3433 bus
355 3394 475 3434 ama
518 3381 872 3450 patientiam:
911 3392 1126 3438 erectus
1163 3397 1234 3437 ex
1275 3383 1452 3448 nobis,
1495 3383 1810 3442 sustinendo

208 3473 398 3541 potius
426 3487 588 3541 quam
615 3473 939 3529 vindicando
974 3475 1294 3532 laudaberis.
1335 3475 1474 3539 Iram
1503 3477 1678 3540 vince,
1712 3477 1810 3533 be-

209 3563 379 3630 nigna
418 3563 598 3631 dilige,
630 3579 762 3620 cave
808 3580 876 3619 ne
917 3565 1089 3633 major
1130 3565 1376 3620 videatur
1422 3582 1542 3622 esse
1583 3567 1810 3623 felicitas

211 3654 458 3708 moribus
486 3655 624 3721 tuis;
651 3655 745 3711 sed
768 3657 858 3726 qui
889 3665 1075 3712 nostro
1100 3656 1342 3726 jungeris
1378 3660 1581 3726 generi,
1623 3661 1807 3729 proxi-

211 3760 335 3799 mus
365 3746 614 3813 gloriosis
642 3748 946 3803 actionibus
991 3751 1377 3820 comproberis.
1422 3749 1649 3806 Laudati
1684 3763 1810 3808 sunt

209 3836 482 3894 hactenus
527 3847 782 3908 parentes
822 3840 918 3904 tui,
951 3841 1045 3896 sed
1089 3848 1236 3894 tanta
1281 3856 1390 3897 non
1428 3851 1552 3896 sunt
1579 3842 1809 3911 conjun-

212 3928 403 3983 ctione
441 3928 698 3986 decorati.
751 3929 1014 3987 Nobilitas
1061 3940 1151 3986 tua
1202 3947 1310 3987 non
1353 3940 1438 3986 est
1481 3932 1619 3987 ultra
1662 3933 1808 4002 quod

211 4030 445 4082 crescat.
499 4021 767 4092 Quidquid
844 4025 1239 4095 prnoonialiter
1310 4021 1519 4096 egeris,
1587 4027 1808 4097 proprio

215 4112 566 4176 matrimonio
592 4113 940 4183 dignissimus
966 4116 1327 4172 :estimarisb.

770 4231 1101 4290 EPISTOLA
1139 4235 1251 4292 XII.

435 4341 658 4381 SENATUI
687 4343 836 4381 URBIS
863 4343 1018 4382 ROMz‘E
1053 4344 1437 4383 'I'IIEODAI'IADUS
1462 4345 1589 4382 REX.

219 4415 415 4472 Scribit
446 4435 500 4470 se
528 4418 760 4473 Maximo
800 4421 922 4472 olim
965 4420 1160 4473 consuli
1195 4421 1570 4490 primitur-intus
1598 4439 1685 4476 seu
1715 4423 1810 4477 do-

285 4490 586 4544 mesticatus
615 4491 916 4561 dignitatem
956 4501 1003 4544 et
1042 4507 1253 4544 uxorem
1284 4494 1441 4561 regia:
1467 4494 1645 4562 stirpis
1684 4511 1808 4547 con-

286 4562 529 4683 ceislifse,
581 4570 629 4616 et
683 4563 806 4631 petit
850 4570 904 4614 ut
953 4562 1048 4616 leas
1102 4562 1310 4632 nuptias
1360 4563 1544 4622 lwtitia
1593 4568 1809 4636 profusa

287 4647 393 4683 σεε
431 4640 560 4683 rent.

287 4647 560 4685 celebrent.

286 4721 368 4777 Ne
387 4724 505 4792 quis
529 4738 647 4792 nos,
674 4731 855 4793 patres
883 4724 1192 4793 conscripti,
1221 4725 1272 4778 in
1299 4725 1592 4782 honoribus
1616 4727 1806 4785 dandis

222 4831 328 4869 non
357 4815 586 4870 aestimet
626 4814 876 4870 habuisse
921 4815 1202 4877 rationem,
1236 4817 1379 4885 quod
1419 4826 1541 4886 post
1582 4818 1805 4887 insignia

223 4906 531 4961 consulatus
551 4907 759 4960 minora
785 4908 952 4975 magis
975 4908 1238 4978 posterius
1262 4906 1615 4966 conferamus.
1640 4912 1806 4979 Quin-

225 4996 329 5054 imo
356 5006 644 5054 suaserunt
690 5000 846 5055 nobis
883 5001 1076 5055 merita
1123 5001 1413 5067 candidati,
1456 5020 1523 5059 ne
1546 5005 1656 5074 jam
1693 5023 1805 5063 ma-

292 5162 319 5189 °
350 5151 639 5228 Disciplina
671 5160 970 5228 temporum
1001 5162 1054 5208 et
1084 5156 1262 5228 steculi
1294 5155 1517 5228 felicitas
1548 5173 1576 5211 a
1602 5160 1801 5228 princi-

223 5224 374 5300 pibus
413 5223 751 5300 pnedicatur,
793 5224 886 5300 lib.
924 5240 971 5300 _t,_
1009 5225 1166 5300 epist.
1201 5227 1384 5300 Βίων.
1418 5245 1473 5289 n,
1513 5223 1668 5298 epist.
1701 5231 1797 5300 13;

224 5296 310 5347 lib.
348 5310 419 5360 1v,
451 5295 606 5370 epist.
653 5294 747 5361 ID;
792 5295 1038 5370 ho_c_lib.,
1070 5299 1228 5365 epist.
1262 5298 1358 5370 18;
1385 5309 1439 5352 et
1467 5294 1599 5353 alias
1626 5294 1799 5370 saepe;

227 5381 462 5421 numero.
507 5365 672 5422 Fons.
726 5396 798 5408 -‹
843 5365 1046 5424 Plinius
1096 5383 1203 5430 non
1253 5369 1477 5423 multum
1527 5365 1803 5428 dissimilia

227 5437 442 5509 protulit
471 5437 522 5490 in
556 5437 882 5507 Panegyrico
903 5437 968 5490 de
996 5437 1077 5492 sui
1106 5439 1282 5496 surculi
1313 5440 1566 5494 felicitate
1596 5457 1759 5509 agens
1785 5462 1798 5496 :

227 5506 487 5580 Salvacst
514 5509 759 5561 omnibus
779 5509 906 5580 vita,
940 5508 1034 5576 ait,
1065 5516 1118 5561 et
1146 5509 1375 5576 dignitas
1400 5511 1540 5573 vita),
1572 5506 1671 5567 nec
1690 5513 1798 5580 jam

229 5577 590 5651 consideratus
610 5593 672 5633 ac
698 5579 928 5648 sapiens,
952 5580 1044 5648 qui
1073 5587 1286 5633 aetatem
1321 5582 1370 5634 in
1398 5583 1630 5636 tenebris
1652 5577 1760 5651 agit
1786 5603 1797 5638 :

230 5647 410 5722 eadem
439 5650 637 5720 quippe
679 5647 777 5703 sub
819 5647 1058 5718 principe
1095 5651 1378 5706 virtutibus
1415 5655 1647 5722 praemia,
1683 5647 1802 5722 qua:

229 5716 279 5771 in
307 5716 588 5784 libertate;
622 5737 720 5775 nec
761 5716 1055 5777 benefactis
1103 5729 1310 5778 tantum
1359 5716 1430 5779 ex—
1469 5716 1800 5781 conscientia

230 5801 446 5861 merces,
473 5790 566 5845 sed
592 5793 752 5846 etiam
780 5793 994 5861 prsentia
1022 5801 1166 5848 sunt.
1200 5793 1387 5849 Bnoss.

294 5858 324 5901 δ
358 5860 554 5918 Vetere
581 5869 636 5918 et
663 5858 891 5931 eleganti
919 5864 1171 5933 loquendi
1199 5881 1367 5932 more,
1396 5869 1613 5941 propria
1641 5885 1795 5925 uxor.

1914 3295 2203 3351 celebrate.
2231 3297 2384 3355 Unde
2412 3301 2626 3370 prolicit
2646 3319 2842 3361 nomen
2870 3309 3128 3377 omnium,
3157 3320 3279 3368 vota
3309 3313 3509 3371 debent

1915 3403 2036 3443 esse
2063 3399 2400 3448 cunctorum.
2425 3393 2555 3461 Quae
2581 3412 2768 3466 preces
2796 3415 2826 3453 a
2856 3415 2943 3456 me
2970 3403 3185 3472 exigere
3214 3415 3507 3477 potuerunt

1912 3481 2057 3548 quod
2096 3499 2250 3540 meus
2291 3487 2500 3543 animus
2541 3499 2835 3559 spontanea
2865 3492 3250 3553 deliberatione
3281 3515 3509 3557 com-cs-

1913 3574 2014 3642 sit,
2048 3582 2106 3628 ut
2130 3578 2294 3632 vestri
2338 3578 2545 3634 ordinis
2584 3581 2728 3637 viros
2765 3593 3016 3653 parentes
3063 3604 3191 3645 vere
3233 3593 3506 3663 appellare

1913 3669 2198 3738 possimus,
2215 3673 2306 3740 qui
2332 3673 2487 3728 nobis
2508 3673 2783 3731 affinitatis
2804 3679 3047 3736 claritate
3064 3681 3323 3752 jungcndi
3346 3696 3510 3742 sunt?

2450 3806 2786 3866 EPlSTOLA
2825 3810 2960 3870 XIII.

2123 3935 2350 3978 SENATUI
2381 3938 2528 3984 URBIS
2555 3940 2716 3984 3015
2749 3941 3144 3982 THEODklIkDUS.
3163 3943 3288 3981 REX.

1912 4034 2198 4110 Senatores
2211 4038 2552 4110 reprehendit
2577 4040 2714 4110 quod
2743 4039 2905 4104 plebis
2933 4043 3127 4095 levitati
3157 4054 3208 4095 et
3246 4046 3389 4098 vanis
3417 4063 3505 4099 su-

1981 4108 2296 4189 spicionibus
2318 4112 2370 4164 in
2401 4111 2526 4179 ipsis
2551 4108 2703 4181 regni.
2722 4111 2833 4180 ejus
2860 4113 3166 4179 primordiis
3190 4130 3294 4168 non
3322 4132 3506 4169 occur-

1981 4187 2161 4230 reriut.

1983 4267 2271 4338 Postquam
2306 4269 2638 4326 venerabiles
2665 4271 2809 4326 viros
2835 4274 3121 4344 episcopos
3148 4277 3326 4345 agnita
3354 4279 3502 4348 loga.

1915 4361 2057 4415 tione
2106 4362 2433 4429 remisimus,
2477 4379 2578 4418 nec
2625 4365 2973 4434 petitionibus
3011 4370 3226 4438 vestris,
3259 4375 3504 4440 quamvis

1911 4459 2088 4507 essent
2118 4453 2361 4523 quaedam
2391 4456 2854 4524 reprehensibilia,
2896 4461 3054 4530 163
3081 4471 3263 4517 noster
3292 4467 3503 4524 animus

1914 4545 2186 4600 obviasset
2218 4565 2229 4598 :
2256 4547 2535 4602 venientes
2560 4548 2627 4602 ad
2658 4565 2756 4604 nos
2787 4551 2953 4622 aliqui
2984 4555 3284 4610 retulerunt
3314 4559 3504 4612 civita-

1915 4645 2022 4692 tcm
2054 4636 2348 4691 Romanam
2393 4640 2569 4695 adhuc
2608 4641 2792 4712 inepta
2831 4643 3191 4702 sollicitudine
3234 4648 3501 4717 laborare,

1915 4740 1968 4784 ct
1998 4730 2049 4785 id
2079 4747 2237 4799 agere
2268 4741 2324 4787 ut
2354 4734 2452 4788 nisi
2491 4744 2689 4790 nostra:
2732 4740 3156 4794 mansuetudinis
3193 4744 3500 4807 interesset,

1912 4825 2151 4896 pericula
2202 4827 2302 4880 sibi
2349 4829 2530 4897 potius
2578 4837 2725 4883 certa
2771 4847 2838 4885 ex
2886 4832 3060 4888 dubiis
3108 4835 3502 4904 su5picionibus

1913 4919 2229 4974 concitaret.
2280 4918 2430 4974 Unde
2478 4923 2742 4976 aestimate
2796 4924 2881 4978 cui
2936 4925 3131 4980 debeat
3182 4928 3502 4997 populorum

1913 5011 2086 5066 inanis
2114 5011 2306 5067 levitas
2337 5013 2609 5084 imputari,
2642 5013 2744 5070 nisi
2775 5024 2957 5071 vestro
2986 5016 3182 5082 ordini,
3211 5033 3241 5072 a
3268 5034 3373 5088 quo
3403 5020 3501 5074 de-

1906 5164 2059 5224 Serv.
2090 5164 2418 5230 Honoratus,
2443 5167 2498 5222 in
2529 5166 2656 5222 illud
2684 5167 2872 5238 Virgil.
2905 5169 2998 5224 lib.
3029 5184 3056 5223 ιη
3075 5175 3131 5222 et
3155 5184 3207 5222 ιν
3236 5166 3456 5226 IEueid.
3485 5189 3499 5225 :

1997 5256 2251 5310 Cnnnultio
2269 5259 2469 5320 jungam
2496 5260 2677 5317 stabili,
2712 5262 3052 5323 prepriamque
3077 5261 3270 5311 dicabo.

1905 5339 2154 5414 Hersilia}
2180 5344 2416 5412 precatio
2442 5344 2580 5414 apud
2607 5347 2727 5401 Aul.
2751 5345 2912 5414 Gell.,
2940 5346 3032 5400 lib.
3061 5362 3173 5412 mn,
3205 5362 3252 5402 c.
3287 5345 3349 5400 ﬁt
3385 5365 3397 5400 :
3433 5347 3502 5402 Ut

1905 5412 2064 5488 liccat
2090 5415 2288 5482 nuptiis
2315 5412 2544 5488 propriis
2570 5426 2627 5472 et
2648 5412 2928 5488 prosperis
2944 5418 3051 5482 uti;
3079 5433 3178 5476 nec
3198 5419 3502 5480 enim-uxor

1908 5485 1972 5557 ad
2007 5493 2235 5557 tempus,
2267 5488 2357 5539 sed
2385 5485 2437 5540 in
2469 5485 2743 5557 perpetuze
2770 5485 2892 5543 vitm
2924 5490 3370 5548 cousuﬂudinem
3402 5492 3512 5552 due.

1909 5555 2066 5630 citur.
2099 5556 2155 5610 L.
2191 5557 2239 5620 I,
2272 5558 2339 5630 de
2370 5559 2456 5611 rit.
2493 5555 2665 5626 nnpt.,
2700 5559 2726 5630 ᾗ
2769 5559 2816 5623 I,
2862 5560 2929 5613 de
2968 5559 3154 5627 patria:
3192 5570 3388 5628 potest.
3418 5559 3501 5615 in-

1905 5627 2101 5699 stitnt.,
2135 5628 2404 5699 cap._ult.,
2439 5637 2588 5682 extra
2620 5629 2687 5682 de
2706 5627 2876 5683 cond.
2910 5645 3096 5699 appos.
3133 5627 3297 5686 qus.

1977 5697 2108 5752 Vide
2224 5696 2556 5779 i‘licronym"
2586 5699 2675 5779 lib.
2699 5716 2734 5753 ιι
2758 5701 2808 5755 in
2837 5696 3107 5779 Joviiiiau.
3137 5719 3149 5779 ξ
3175 5702 3331 5779 N_ulla
3353 5703 3498 5779 apud

1903 5767 2222 5847 eos_conjux
2261 5767 2476 5838 propria
2519 5778 2622 5840 est,
2653 5779 2782 5841 etc.;
2812 5780 2866 5836 et
2894 5772 3075 5836 Altim.
3119 5771 3362 5847 Avitum,
3386 5767 3498 5840 Ἰὼ.

1887 5854 1957 5893 -ιι.
1989 5837 2182 5898 Juns'r.
