3998 6344
456 298 570 357 807

1670 295 1741 351 Μ.
1784 291 2062 353 AURELII
2097 291 2505 352 CASSIODORI

459 414 685 467 cuerant
718 403 1215 478 cunctarcompoui.
1249 406 1353 463 Per
1378 415 1612 465 vestram
1655 409 1916 480 siquidem
1952 425 2043 465 sa-
2073 411 2122 471 Δ
2147 410 2499 481 reperiamus,
2529 408 2675 481 quod
2703 408 2897 465 nostris
2918 406 3374 481 indignationibus
3402 424 3526 469 esse
3567 414 3737 484 possit

458 501 714 574 pientiam
751 499 1028 554 admoneri
1055 500 1362 569 provincias
1390 500 1632 569 oportuit
1660 501 1959 569 universas,
1987 508 2049 554 ut

462 593 585 647 talia
619 591 977 662 probarentur
1014 606 1292 647 assumere
1320 607 1441 661 quae
1468 591 1725 662 principis
1752 590 2045 661 primordia

458 682 768 739 viderentur
795 698 1012 739 ornare.
1046 683 1242 738 Verum
1268 698 1387 752 qua:
1416 683 1604 739 civitas
1633 699 1740 738 non
1771 684 1864 737 tiat
1883 698 2047 738 excu-

459 775 662 841 sabilis,
699 775 745 830 si
786 774 959 830 Roma
996 773 1317 845 deliquerit?
1360 773 1477 831 Rex
1516 775 1694 829 minor
1721 774 1788 829 ad
1816 773 2047 844 potioris

460 867 629 922 currit
653 866 981 936 exemplum,
1012 873 1068 920 et
1096 866 1257 921 alieni
1285 864 1413 923 facti
1447 866 1568 936 jure
1597 865 1848 920 invidiam
1886 865 2049 920 susti-

460 967 573 1029 net,
615 974 736 1028 quae
778 960 1016 1029 peccatis
1057 967 1277 1029 praestat
1322 960 1644 1029 exemplum.
1695 958 1803 1015 Sed
1847 958 2048 1029 gratias

460 1048 738 1104 Divinitati
786 1049 1094 1117 referimus,
1138 1064 1256 1119 quae
1302 1048 1444 1104 dona
1488 1064 1584 1104 sua
1633 1049 1825 1104 vestris
1868 1048 2050 1119 potius

461 1141 676 1195 ornavit
711 1139 1039 1195 excessibus.
1087 1138 1228 1195 Ecce
1277 1140 1427 1210 prius
1470 1141 1655 1210 culpas
1701 1140 2047 1209 ignoscimus,

462 1250 621 1305 quam
645 1233 959 1289 devotiones
985 1233 1191 1301 aliquas
1227 1234 1541 1289 sentiamus.
1575 1232 1655 1286 Nil
1684 1232 1962 1298 debemus,
1993 1237 2052 1287 et

462 1325 717 1382 solvimus
741 1343 755 1379 :
783 1334 910 1380 ante
937 1322 1162 1379 beneﬁci
1193 1340 1399 1395 sumus,
1424 1334 1482 1379 ut
1502 1334 1689 1396 postea
1717 1324 2051 1394 gratissimos

462 1417 705 1472 invenire
751 1418 1035 1488 possimus.
1081 1416 1191 1472 Sed
1243 1418 1369 1473 licet
1416 1418 1471 1472 in
1519 1419 1621 1473 hac
1660 1424 1814 1489 parte
1853 1423 2051 1472 nostra:

461 1507 737 1562 modestiae
785 1508 1020 1576 gravitas
1065 1516 1356 1575 asseratur,
1414 1508 1665 1564 nolumus
1715 1517 1896 1564 tamen
1950 1523 2049 1564 nos

460 1606 669 1653 tantum
697 1598 994 1669 praedicari,
1030 1598 1130 1656 nisi
1160 1607 1219 1654 ut
1255 1607 1309 1653 et
1335 1599 1642 1655 devotionis
1672 1599 1928 1656 Romanae
1955 1600 2053 1656 be-

458 1690 692 1758 nignitas
728 1691 900 1761 possit
942 1691 1172 1746 ostendi.
1218 1689 1344 1747 Plus
1389 1692 1533 1747 enim
1572 1700 1755 1748 vestra
1798 1691 2052 1764 opinione

2146 501 2418 558 idoneum.
2452 502 2611 558 Fides
2632 511 2832 567 vestra,
2861 517 2980 572 quae
3013 518 3111 559 vos
3155 503 3417 559 hactenus
3465 505 3737 570 asseruit,

2149 595 2313 651 modo
2339 595 2518 666 potius
2541 595 2815 651 evidenter
2843 596 3093 652 ostendat
3123 594 3201 670 [N
3205 597 3270 651 iv.
3303 605 3355 652 et
3382 594 3508 663 0a.,
3557 606 3741 653 osten—

2147 685 2346 759 datur].
2378 686 2495 742 Non
2523 688 2729 743 varium
2760 686 2885 761 [Ed.
2918 687 3159 761 vanum],
3202 705 3310 744 non
3332 689 3609 753 dolosum,
3646 707 3740 747 nec

2146 777 2500 835 seditionibus
2528 779 2748 849 plenum
2775 780 3034 851 populum
3061 782 3219 838 decet
3242 798 3360 840 esse
3409 783 3738 841 Romanum.

2146 864 2271 921 Mali
2318 882 2499 924 mores
2546 876 2729 924 vestro
2769 870 2972 925 nomini
3003 871 3302 941 probantur
3346 871 3589 929 adversi.
3641 872 3742 931 Sed

2145 957 2254 1013 hoc
2289 974 2506 1031 quoque
2532 960 2780 1017 mirabile
2807 969 2909 1028 est,
2954 961 3101 1031 quod
3144 964 3465 1033 gravitatem
3505 974 3743 1021 vestram

2147 1051 2391 1121 cogimur
2418 1053 2728 1123 admonere,
2750 1071 2914 1126 quam
2942 1064 3155 1113 constat
3182 1074 3399 1131 semper
3424 1070 3632 1132 sponte
3657 1078 3742 1119 sa-

2148 1142 2350 1213 puisse.
2382 1143 2553 1201 Nullte
2574 1161 2672 1203 vos
2719 1146 2915 1217 ineptae
2938 1149 3291 1220 suspiciones,
3335 1152 3485 1207 nulla
3534 1154 3743 1211 timoris

2150 1237 2337 1291 umbra
2360 1236 2655 1294 deterreat.
2686 1239 2907 1297 Habetis
2935 1243 3236 1313 principem
3260 1245 3352 1315 qui
3376 1246 3603 1316 pietatis
3630 1256 3740 1303 stu-
3774 1320 3777 1321 ν

2150 1326 2241 1383 dio
2276 1335 2429 1398 optet
2479 1329 2535 1384 in
2563 1331 2716 1387 vobis
2737 1332 2979 1389 invenire
3031 1336 3176 1405 quod
3226 1336 3427 1406 diligat.
3486 1338 3743 1395 Hostibus

2150 1418 2364 1484 vestris,
2400 1435 2508 1476 non
2535 1419 2907 1479 defensoribus
2930 1423 3180 1481 obvietis.
3212 1426 3468 1495 lnvitare,
3510 1445 3625 1484 non
3652 1447 3741 1486 ex-

2151 1507 2369 1565 cludere
2395 1509 2659 1567 debuistis
2685 1513 3106 1569 auxilium.1ed
3146 1530 3338 1573 sensus
3363 1517 3469 1574 iste
3497 1519 3742 1575 fortassis

2151 1615 2343 1656 eorum
2371 1608 2458 1658 est
2490 1602 2583 1672 qui
2625 1602 2805 1659 minus
2845 1606 3144 1675 probantur
3171 1606 3473 1678 intelligere
3502 1625 3626 1680 qua:
3654 1627 3743 1681 ge-

2152 1690 2409 1747 neraliter
2434 1698 2688 1762 poterant
2732 1696 3007 1766 expedire.
3056 1696 3139 1752 Ad
3165 1706 3407 1756 vestrum
3445 1702 3629 1772 potius
3658 1719 3745 1758 re-

459 1782 751 1853 pascimur,
781 1797 941 1853 quam
984 1784 1031 1839 si
1077 1782 1145 1839 de
1189 1792 1374 1839 nostra
1409 1799 1625 1857 semper
1658 1785 2049 1857 tranquillitate
2078 1808 2127 1868 Β
2153 1780 2262 1837 dite
2290 1782 2592 1839 consilium.
2624 1783 2875 1856 Nunquid
2902 1802 3000 1844 vos
3044 1804 3186 1846 nova
3231 1792 3405 1861 gentis
3432 1792 3603 1849 facies
3631 1796 3739 1850 ulla

460 1872 823 1929 laudaremur.
865 1872 1126 1929 Amovete
1164 1875 1498 1946 suspiciones
1532 1876 1600 1931 ab
1635 1876 1825 1932 ordine
1866 1883 2050 1931 vestro

460 1977 675 2034 semper
702 1973 1009 2021 extraneas.
1040 1963 1158 2019 Non
1187 1964 1341 2021 decet
1377 1975 1623 2022 senatum
1650 1966 1845 2036 corrigi
1880 1975 1926 2033 ι,
1959 1965 2052 2035 qui

463 2052 625 2110 debet
658 2056 793 2111 alios
820 2067 1045 2129 paterna
1083 2056 1463 2113 exhortatione
1501 2057 1791 2113 moderari.
1822 2056 1956 2111 Nam
1983 2071 2053 2112 ex

461 2146 656 2216 quibus
685 2148 959 2204 habebunt
981 2150 1194 2219 genium
1226 2166 1424 2218 mores,
1454 2151 1500 2207 si
1530 2159 1782 2222 parentes
1809 2150 2054 2221 publicos

461 2237 698 2294 minores
721 2241 1009 2309 contigerit
1029 2244 1291 2299 inveniri?
1313 2241 1596 2300 Sufﬁciunt
1619 2243 1735 2299 haec
1759 2243 2048 2308 nobilibus,

460 2327 735 2384 sufficiunt
779 2331 882 2386 ista
924 2335 1266 2404 verecundis,
1306 2345 1366 2391 ut
1414 2336 1483 2392 ad
1527 2336 1763 2392 studium
1802 2335 2052 2406 perfecta:

460 2418 763 2477 devotionis
791 2423 1096 2496 incitemus,
1125 2444 1262 2498 quos
1288 2430 1561 2503 paululum
1590 2431 1656 2486 de
1684 2444 1847 2504 prava
1876 2427 2053 2499 suspi-

460 2512 618 2568 cione
662 2515 1012 2586 culpavimus.
1047 2518 1156 2575 Nos
1198 2521 1362 2589 enim,
1401 2523 1545 2592 quod
1586 2526 1923 2595 praesentiam
1951 2536 2049 2581 ve»

461 2611 630 2660 stram
673 2608 1061 2680 expetivimus,
1115 2627 1222 2668 non
1272 2615 1572 2671 vexationis
1628 2617 1902 2685 injuriam,
1954 2618 2049 2675 sed

461 2694 707 2751 utilitatis
733 2707 928 2754 vestrae
956 2715 1147 2756 causas
1184 2703 1449 2773 profunda
1478 2706 1804 2775 cogitatione
1844 2715 2055 2763 tracta-.

458 2785 661 2855 vimus;
687 2797 747 2844 ut
768 2790 901 2847 illud
928 2795 1097 2863 magis
1119 2794 1441 2855 debuissetis
1468 2798 1700 2866 efﬁcere,
1725 2801 1869 2871 quod
1895 2802 2048 2858 vobis

458 2879 809 2949 cognovimus
836 2885 1114 2955 expedire.
1143 2887 1302 2944 Certe
1346 2906 1542 2966 munus
1575 2900 1659 2948 est
1684 2894 1869 2950 videre
1895 2896 2048 2966 prin-

458 2968 653 3039 cipem.
683 2971 798 3029 Hoc
824 2988 857 3029 a
882 2976 1038 3033 vobis
1065 2993 1163 3048 pro
1192 2964 1503 3052 reipublicae
1543 2984 1775 3040 utilitate
1799 2964 2048 3043 volumus

459 3060 593 3130 fieri,
626 3065 771 3134 quod
808 3068 1040 3137 praemiis
1085 3069 1295 3125 solebat
1331 3072 1528 3143 optari.
1571 3073 1682 3129 Sed
1722 3090 1791 3132 ne
1817 3076 1933 3147 ipsa
1960 3093 2047 3135 re-

458 3157 634 3211 media
666 3158 719 3213 in
747 3159 926 3229 aliqua
965 3170 1120 3232 parte
1158 3164 1467 3222 viderentur
1511 3176 1748 3236 austera,
1790 3186 1913 3226 cum
1960 3186 2048 3227 res

459 3251 798 3319 poposcerit,
836 3251 1047 3322 aliquos
1083 3254 1151 3308 ad
1197 3271 1297 3311 nos
1338 3257 1677 3328 praecipimus
1714 3262 1959 3329 evocari,
1990 3271 2050 3319 ut

459 3352 563 3393 nec
613 3338 786 3394 Roma
830 3342 941 3397 suis
971 3336 1496 3417 civibusenudetur,
1528 3360 1584 3407 et
1619 3360 1804 3408 nostra
1830 3354 2051 3413 consilia

463 3427 595 3482 viris
622 3429 973 3499 prudentibus
1014 3434 1353 3504 adjuventur.
1389 3439 1585 3497 Redite
1618 3458 1747 3514 ergo
1784 3446 1841 3501 in
1869 3448 2052 3517 pristi-

460 3531 586 3572 nam
634 3519 1002 3591 devotionem,
1046 3535 1106 3581 ut
1144 3528 1535 3588 sollicitudines
1582 3550 1739 3605 meae,
1780 3553 1915 3608 quas
1950 3557 2050 3612 pro

462 3612 814 3707 generalitate
842 3620 1101 3689 sustineo,
1133 3635 1315 3681 vestro
1342 3630 1523 3697 potius
1549 3631 1875 3701 adiuventur
1902 3638 2050 3707 inge-

461 3699 592 3755 nio:
623 3705 746 3773 quia
774 3712 880 3765 hoc
904 3712 1058 3769 vobis
1086 3730 1300 3788 semper
1325 3719 1543 3777 insitum
1574 3723 1691 3793 fuit,
1720 3728 2051 3799 principibus

461 3794 658 3850 vestris
695 3808 881 3858 votum
923 3806 1172 3874 puritatis
1208 3808 1430 3881 oﬂ‘erre;
1460 3830 1562 3872 nec
1591 3794 1783 3889 parere
1812 3825 2050 3880 necessi-

462 3888 573 3940 tate
602 3892 844 3960 terroris,
878 3895 974 3951 sed
1003 3900 1182 3969 potius
1226 3917 1412 3961 amore
1439 3888 1783 3968 dominantis.
1820 3913 2049 3986 Reliqua

460 3993 559 4049 per
584 3980 733 4039 illum
759 3985 954 4044 barum
982 3994 1303 4061 portitorem
1331 4001 1498 4057 verbo
1523 4002 1749 4060 dicenda
1777 3980 2053 4065 commisi-

459 4084 611 4140 mus,
652 4083 710 4131 ut
757 4079 1020 4139 submotis
1062 4088 1480 4156 cogitationibus
1523 4096 1806 4171 ambiguis,
1850 4103 2050 4161 nostris

461 4164 916 4231 admonitionibus
940 4178 1162 4235 credere
1189 4180 1453 4243 debeatis.

1003 4312 1335 4374 EPISTOLA
1372 4320 1510 4379 XIV.

728 4419 932 4463 μορυιο
967 4424 1179 4468 ROMANO
1218 4431 1598 4477 TREODAHADUS
1633 4438 1760 4479 REX.

461 4483 719 4560 Populum
755 4497 1007 4586 adgﬁdem
1048 4504 1161 4573 regi
1175 4508 1492 4586 _servandam
1520 4520 1571 4564 et
1599 4513 1669 4565 ad
1699 4512 2047 4586 abjiciendam

829 4584 1017 4625 vanam
1043 4575 1385 4641 suspicionem
1409 4580 1663 4637 hortatur.

531 4650 682 4708 Licet
702 4656 857 4714 vobis
870 4659 939 4714 sit
964 4661 1183 4721 insitum
1212 4665 1459 4727 dominos
1470 4686 1680 4731 vestros
1707 4693 1841 4748 pura
1863 4690 2044 4740 mente

457 4740 699 4812 diligere,
724 4754 780 4801 et
809 4748 1079 4821 obsequiis
1109 4756 1161 4810 id
1192 4772 1370 4829 agere,
1414 4771 1473 4818 ut
1494 4768 1768 4836 regnantis
1804 4772 2042 4830 animum

453 4942 757 4991 vestrorum
784 4952 999 5012 semper
1024 4948 1302 5017 proprium
1332 4947 1450 5020 fuit,
1483 4960 1542 5008 ut
1580 4963 1833 5026 tanquam
1867 4978 2042 5019 mem-

453 5022 551 5125 bra
580 5029 766 5100 capiti,
806 5032 881 5087 ita
934 5036 1045 5093 suis
1085 5039 1415 5113 principibus
1437 5022 1748 5105 viderentur
1792 5052 2033 5125 adjungi.

453 5114 627 5185 Quam
654 5122 800 5178 enim
828 5125 1250 5186 vicissitudinem
1295 5135 1504 5204 reddat,
1553 5141 1646 5209 qui
1693 5114 1931 5202 maximo
1961 5114 2039 5203 la-

451 5208 587 5267 bore
612 5212 946 5287 defenditur,
981 5221 1131 5291 cuius
1160 5239 1260 5295 per
1285 5225 1399 5283 dies
1426 5208 1663 5300 singulos
1687 5236 1916 5293 civilitas
1941 5254 2039 5294 cu-

450 5304 701 5378 stoditur,
732 5311 917 5369 nisiut
942 5314 1063 5372 illos
1102 5317 1289 5388 diligat
1333 5337 1501 5395 supra
1548 5328 1747 5396 omnia,
1778 5344 1875 5401 per
1902 5347 2039 5403 quos

448 5395 651 5494 habere
671 5405 931 5471 probatur
971 5409 1218 5467 universa
1265 5412 1433 5487 [Ac.,
1491 5416 1752 5476 immensa
1779 5395 1834 5494 Τί
1884 5395 2039 5480 Absit

447 5492 593 5550 enim
621 5510 655 5552 a
683 5500 1015 5572 temporibus
1061 5505 1264 5564 nostris
1308 5516 1369 5565 ut
1404 5509 1461 5566 in
1488 5510 1643 5570 vobis
1682 5492 1885 5585 aliquid
1932 5518 2038 5574 tale

522 5698 729 5785 ‘mQrdo
752 5715 1062 5785 senatorum
1087 5725 1276 5785 carere
1311 5714 1459 5785 omni
1477 5714 1609 5772 vitio
1635 5714 1816 5771 debet.
1845 5714 1908 5771 L.
1940 5716 2027 5785 74,

808 5777 876 5833 de
904 5765 1107 5857 Dccur.
1133 5765 1281 5857 {Qui
1309 5765 1459 5840 vitiis
1492 5765 1770 5857 anteactae
1786 5765 1910 5841 in};
1938 5765 2029 5857 6131

450 5839 686 5909 probriis
719 5839 998 5919 laborent,
1039 5839 1369 5921 amplissimo
1415 5839 1615 5913 ordine
1644 5839 2029 5929 indigni—iudi-

2153 1874 2451 1933 deterruit?
2477 1876 2588 1933 Cur
2631 1880 2954 1950 expavistis,
2992 1897 3131 1952 quos
3175 1894 3429 1955 parentes
3478 1888 3742 1945 hactenus

2153 1966 2504 2023 nominastis?
2536 1967 2638 2035 Qui
2660 1970 2862 2026 relictis
2886 1972 3102 2030 familiis
3129 1975 3197 2029 ad
3219 1992 3316 2032 vos
3328 1979 3515 2034 venire
3546 1996 3742 2050 prope-

2151 2055 2363 2123 rabant,
2391 2056 2461 2112 de
2504 2069 2685 2115 vestra
2730 2069 2885 2116 erant
2932 2065 3113 2134 potius
3163 2068 3458 2124 securitate
3504 2070 3738 2127 solliciti.

2152 2150 2400 2220 Quando,
2430 2167 2594 2223 rogo,
2628 2154 2750 2212 talis
2800 2157 2868 2212 ab
2913 2158 3006 2214 illo
3032 2159 3343 2218 vicissitudo
3385 2172 3611 2235 recepta
3640 2173 3736 2227 est.

2152 2244 2239 2301 cui
2267 2244 2454 2303 salutis
2482 2248 2701 2319 praemia
2722 2248 3094 2307 debebantur?
3128 2253 3263 2309 illud
3298 2256 3468 2325 enim,
3501 2257 3649 2327 quod
3677 2258 3741 2311 ad

2152 2352 2251 2393 nos
2278 2338 2489 2405 attinet,
2507 2341 2646 2395 scire
2667 2339 2949 2410 debuistis,
2999 2345 3122 2414 quia
3152 2346 3238 2401 die
3268 2356 3546 2418 noctuque
3568 2349 3740 2405 inces-

2151 2438 2334 2486 santer
2361 2440 2609 2502 optamus
2637 2441 2698 2489 ut
2723 2434 2866 2503 quod
2892 2444 3176 2506 parentum
3196 2449 3508 2495 nostrorum
3531 2450 3739 2512 tempo-

2151 2526 2300 2581 ribus
2341 2537 2555 2583 constat
2597 2531 2912 2599 enutritum,
2963 2532 3063 2587 sub
3106 2532 3264 2588 nobis
3314 2535 3496 2605 potius
3549 2535 3743 2592 divinis

2149 2615 2364 2674 auxiliis
2394 2628 2671 2689 augeatur.
2705 2618 2807 2675 Ubi
2848 2622 2991 2676 enim
3037 2620 3178 2679 fama
3222 2627 3500 2694 regnantis
3530 2628 3652 2695 erit,
3698 2628 3742 2683 si

2149 2728 2248 2769 vos
2274 2711 2439 2784 (quod
2470 2713 2628 2783 absit)
2657 2716 2925 2784 patiamur
2953 2717 3232 2773 imminui?
3259 2719 3438 2775 Nolite
3486 2722 3617 2776 talia
3647 2738 3743 2778 co-

2148 2805 2351 2874 gitare,
2405 2803 2585 2876 quatis
2631 2821 2731 2860 nos
2781 2807 3001 2863 minime
3040 2809 3236 2866 videtis
3292 2826 3590 2869 assumere.
3631 2813 3744 2869 lmo

2147 2897 2340 2965 magis,
2370 2898 2415 2953 si
2443 2900 2565 2969 quis
2593 2900 2767 2972 aliqua
2798 2899 3082 2976 iniquitate
3118 2901 3409 2973 depressus
3454 2914 3563 2972 est,
3592 2921 3743 2977 spem

2149 2988 2219 3045 de
2241 2990 2385 3046 bona
2412 2995 2740 3052 conscientia
2762 3014 2868 3054 non
2899 2996 3132 3071 amittat,
3177 2999 3431 3067 quoniam
3459 3000 3745 3056 sublevare

2150 3082 2395 3152 cupimus
2419 3099 2558 3154 quos
2586 3089 2865 3148 intendere
2910 3096 3096 3165 probis
3124 3095 3363 3155 moribus
3417 3093 3743 3150 invenimus.

2078 3201 2123 3267 Ο
2152 3171 2344 3243 Aliqua
2374 3177 2536 3233 etiam
2556 3180 2710 3237 vobis
2750 3199 2848 3253 per
2874 3185 3025 3242 illum
3068 3188 3293 3245 dicenda
3333 3193 3744 3261 commisimus:

2154 3273 2216 3320 ut
2243 3275 2488 3324 nostrum
2515 3271 2661 3328 circa
2691 3289 2787 3329 vos
2812 3275 2867 3330 in
2895 3278 3043 3332 omni
3084 3289 3238 3350 parte
3284 3283 3518 3338 animum
3549 3287 3744 3354 propi-

2153 3356 2287 3412 tium
2315 3360 2629 3430 sentientes,
2658 3363 2874 3434 jugibus
2914 3369 3077 3440 (sicut
3121 3373 3359 3445 oportet)
3386 3375 3657 3447 obsequiis
3684 3385 3748 3431 et

2151 3452 2400 3511 oratione
2429 3454 2640 3513 sincera
2665 3458 2846 3515 devoti
2875 3477 2997 3519 esse
3032 3463 3294 3522 debeatis.

2707 3612 3043 3673 EPISTOLA
3078 3618 3193 3676 XV.

2316 3720 2620 3763 JUSTINIANO
2658 3712 2981 3768 terrenarum
3023 3731 3405 3773 rnaonwsnus
3441 3735 3568 3775 nux.

2152 3792 2219 3851 Ei
2259 3800 2583 3875 commendat
2608 3804 2878 3875 quemdam
2903 3823 2998 3875 pro
3028 3806 3279 3864 Ecclesia:
3300 3810 3621 3868 Ravennatis
3649 3832 3743 3870 ne-

2472 3871 2629 3943 gotio
2652 3871 3155 3948 Constantinopolim
3185 3884 3415 3937 missum.

2222 3983 2446 4040 Constat
2473 3986 2798 4044 desiderium
2821 4000 3019 4047 nostra:
3039 3995 3333 4052 voluntatis
3351 3998 3582 4067 expleri,
3614 4014 3744 4069 quo-

2151 4076 2253 4132 ties
2280 4078 2349 4131 ad
2377 4079 2630 4149 pietatem
2656 4092 2890 4147 vestram
2919 4087 3224 4144 salutiferos
3254 4092 3434 4161 apices
3453 4094 3744 4163 contigerit

2149 4169 2430 4239 destinari,
2481 4175 2608 4244 quia
2653 4190 2868 4249 semper
2914 4178 3056 4235 felici
3111 4183 3306 4251 gaudio
3336 4185 3603 4256 repletur,
3649 4187 3743 4256 qui

2149 4263 2426 4320 vobiscum
2455 4266 2664 4323 sincera
2688 4280 2869 4327 mente
2896 4274 3243 4344 colloquitur.
3260 4275 3330 4331 Et
3349 4278 3473 4334 ideo
3503 4281 3744 4336 salutans

2148 4355 2492 4414 clementiam
2524 4369 2757 4417 vestram
2796 4363 3205 4421 honoriﬁcentia
3249 4371 3599 4438 competenti,
3644 4372 3743 4426 ba-

2148 4465 2267 4505 rum
2293 4453 2612 4522 portitorem
2638 4471 2737 4525 pro
2760 4460 2976 4527 negotio
3008 4458 3335 4516 Ravennatis
3363 4461 3624 4519 Ecclesia:
3651 4482 3741 4521 ve—

2070 4540 2387 4647 Dnientem
2449 4546 2751 4614 gratissima
2799 4551 2953 4605 vobis
3028 4554 3289 4622 petitione
3344 4559 3668 4614 commendo
3723 4579 3738 4614 :

2149 4636 2364 4707 quando
2414 4638 2535 4693 talis
2574 4639 2796 4695 offertur
2841 4658 3000 4698 causa
3050 4648 3358 4716 prtestandi,
3391 4649 3483 4704 ubi
3531 4667 3739 4707 merces

2148 4728 2394 4785 videatur
2419 4733 2642 4801 acquiri,
2690 4749 2850 4804 quam
2877 4752 2974 4792 vos
3022 4736 3199 4794 facere
3236 4755 3454 4810 semper
3477 4752 3737 4813 exoptant

2146 4824 2237 4892 qui
2278 4825 2623 4881 serenitatem
2646 4836 2882 4883 vestram
2920 4826 3115 4887 ﬂorere
3155 4831 3481 4890 desiderant.
3514 4835 3634 4892 Non
3659 4846 3735 4894 est

2145 4915 2286 4971 enim
2314 4916 2531 4973 dubium
2562 4920 2789 4977 meliora
2818 4922 3082 4993 recipere,
3114 4939 3250 4996 quos
3288 4927 3555 4999 contingit
3589 4928 3736 4997 just:

2142 5018 2416 5082 praestare.

2584 5171 2742 5244 161,
2766 5170 3097 5229 EPISTULA
3134 5172 3272 5231 XVI.

2332 5279 2558 5321 εεΝΑτυι
2597 5282 2744 5321 URBIS
2780 5282 2938 5323 ROIE
2979 5284 3363 5327 THEODAHADUS
3397 5286 3529 5328 REX.

2143 5354 2338 5412 Scribit
2366 5374 2419 5412 se
2445 5359 2648 5413 misisse
2686 5358 2883 5431 aliquos
2907 5360 2977 5484 ag
3005 5373 3334 5417 sacramenta
3360 5367 3566 5420 senatui
3592 5383 3731 5438 prc-

2815 5441 2931 5484 stan
2971 5448 3023 5484 α.

2815 5441 3023 5485 stando.

2210 5518 2503 5592 Imperiosa
2527 5523 2749 5579 nimium
2778 5540 2866 5582 res
2891 5534 2995 5596 est,
3018 5535 3199 5599 patres
3219 5529 3532 5602 conscripti,
3557 5531 3731 5602 pietas

2094 5737 2102 5747 ·
2134 5732 2343 5809 fantur,
2373 5726 2496 5809 quia
2526 5726 2749 5809 famosis
2778 5729 3111 5809 dignitatum
3142 5743 3317 5809 portae
3360 5752 3469 5793 non
3511 5746 3727 5809 patent.

2134 5791 2267 5850 Vide
2293 5791 2507 5854 Cornel.
2543 5797 2745 5868 Tacit.,
2775 5791 2877 5857 lib:
2903 5818 2956 5860 ιι
2986 5791 3177 5861 Annal.
3220 5805 3410 5865 Bnoss.
