4006 6452
156 316 284 375 eos
1487 306 1762 376 vanum

1885 321 2082 378 LIBER
2127 324 2189 381 Χ.
3379 337 3484 394 810

153 441 406 501 nostra,
437 429 651 502 quando
679 430 895 501 propria
928 431 1202 487 voluntate
1226 432 1505 499 vincimur,
1531 433 1622 502 qui
1650 432 1783 488 alie-
1815 436 1862 496 Α
1888 446 2071 491 mente
2098 438 2444 492 tractavimus
2475 440 3025 513 [cd.,transmisimus
3052 478 3092 518 λ,
3119 463 3231 504 non
3257 449 3488 506 sinimus

155 520 255 576 nis
288 521 709 577 conditionibus
737 536 844 576 non
873 528 1135 577 tenemur.
1166 522 1303 577 Nam
1335 539 1456 579 cum
1490 524 1626 591 (Deo
1661 538 1801 593 prac-
1905 526 2058 582 vobis
2097 526 2214 583 fieri
2254 530 2445 584 acerba
2493 534 2797 600 suspicione
2836 540 3199 608 contrarium;
3236 543 3362 613 quia
3388 543 3483 600 lae-

126 611 393 680 'stante)
428 612 697 681 possimus
734 612 936 678 omnia,
973 613 1087 667 sola
1119 614 1272 669 nobis
1320 614 1489 670 licere
1530 614 1799 670 credimus
1902 614 2069 671 sionis
2115 617 2285 673 instar
2319 627 2403 675 est
2450 621 2661 675 occulte
2706 625 3011 691 consulere,
3064 637 3121 683 et
3173 611 3316 687 aliud
3339 633 3483 689 velle

163 700 497 757 laudanda.
529 702 885 771 Cognoscitis,
909 704 1202 775 prudentes
1223 706 1345 771 viri,
1373 707 1537 762 verba
1564 722 1685 777 quae
1715 707 1797 760 lo-
1900 718 2221 763 monstrare.
2244 709 2573 781 Cognoscite
2600 713 2781 782 itaque
2804 732 2950 771 arma
2983 730 3164 776 nostra
3190 739 3288 793 pro
3308 727 3485 781 salute

155 792 433 861 quimur,
464 793 550 847 vel
578 810 722 849 nunc
751 795 1096 850 clementiam
1127 812 1288 867 quam
1335 797 1489 851 vobis
1516 804 1641 851 ante
1668 811 1796 865 pro-
1900 806 2078 852 vestra
2107 800 2285 867 potius
2310 800 2613 868 destinata;
2645 812 2703 856 ut
2728 807 2820 873 qui
2847 822 2942 861 vos
2962 792 3289 868 tentaverint
3317 831 3485 885 appe-

158 881 417 936 mittere
444 880 704 938 debuistis
732 886 1029 951 agnoscite.
1060 885 1200 941 Ecce
1236 902 1339 942 nec
1365 886 1630 942 sollicitos
1656 886 1793 955 patio
1900 896 2032 952 tere,
2067 889 2248 945 divino
2275 893 2474 947 auxilio
2504 909 2695 951 manus
2724 897 2804 952 eis
2850 898 3148 956 Gothorum
3178 880 3374 961 debeat
3390 880 3482 962 ob-

156 989 323 1039 mur,
359 976 563 1043 quibus
592 975 786 1031 infensi
814 991 935 1032 esse
976 979 1318 1047 putabamur.
1364 978 1453 1034 Sic
1481 987 1565 1033 est
1591 994 1621 1031 a
1650 978 1794 1047 prin-
1894 979 2062 1034 viare.
2088 980 2222 1034 Nam
2247 982 2289 1036 si
2321 982 2543 1040 insidias
2568 986 2747 1055 gregis
2784 995 3035 1044 strenuus
3082 1002 3269 1061 pastor
3297 997 3479 1051 exclu-

156 1064 295 1134 cipe
328 1065 522 1134 gravis
550 1067 811 1121 vincenda
838 1068 1103 1137 suspicio;
1134 1069 1215 1122 sic
1244 1084 1435 1124 curare
1462 1069 1666 1132 debuit,
1697 1070 1789 1137 qui
1892 1067 1998 1132 dit,
2047 1069 2094 1123 si
2144 1073 2532 1139 paterfamilias
2577 1075 2804 1144 diligens
2856 1078 3250 1148 decipientibus
3299 1084 3479 1139 locum

158 1156 387 1212 noxius
425 1170 548 1211 esse
589 1171 699 1211 non
739 1158 926 1211 voluit.
974 1157 1249 1213 Postulata
1293 1157 1557 1228 siquidem
1605 1173 1789 1211 sacra-
1890 1160 2254 1230 subreptionis
2284 1164 2574 1234 intercipit,
2598 1182 2704 1236 qua
2730 1183 2828 1222 nos
2847 1172 3100 1225 convenit
3126 1174 3335 1229 cautela
3365 1174 3479 1229 Ro-

154 1259 369 1303 menta
401 1250 560 1305 vobis
581 1250 649 1305 ab
679 1250 771 1305 illo
798 1259 960 1319 atque
982 1251 1074 1305 illo
1104 1251 1347 1320 praestari
1380 1259 1566 1305 nostra
1598 1249 1788 1305 decre-
1890 1264 2032 1303 mam
2057 1251 2364 1318 defendere,
2384 1270 2547 1323 quam
2577 1267 2793 1313 constat
2820 1260 2874 1314 in
2902 1261 3103 1316 mundo
3145 1264 3319 1320 simile
3347 1267 3478 1321 nihil

155 1338 246 1391 vit
278 1340 624 1405 auctoritas;
656 1339 801 1408 quod
831 1340 968 1394 bene
997 1340 1331 1410 imperaturo
1380 1356 1487 1394 non
1536 1348 1621 1396 est
1647 1339 1786 1395 difli-
1890 1338 2130 1395 habere?
2158 1341 2377 1397 Summa
2408 1361 2516 1399 non
2547 1347 2833 1403 mittuntur
2861 1350 2915 1405 in
2945 1368 3094 1418 casu,
3123 1355 3248 1424 quia
3279 1358 3478 1426 proba-

152 1431 275 1485 cile
304 1447 602 1501 persuasu,
630 1434 755 1501 quia
783 1432 862 1487 sic
891 1432 1040 1489 vobis
1068 1434 1412 1489 securitatem
1438 1433 1706 1498 dedimus,
1727 1446 1786 1486 ut
1889 1436 1977 1483 tur
1998 1432 2174 1489 minus
2200 1433 2444 1503 diligere,
2474 1438 2566 1507 qui
2592 1440 2812 1509 negligit
2835 1442 3057 1499 adversa
3088 1453 3340 1504 tractare.
3366 1447 3475 1504 Sed

156 1522 310 1576 nihil
339 1532 540 1578 nostro
569 1525 846 1594 proposito
869 1524 1067 1579 addere
1088 1524 1411 1581 videremur.
1436 1524 1586 1578 Talia
1615 1524 1785 1594 siqui-
1864 1534 1954 1593 ‘ne
1982 1521 2034 1575 in
2063 1522 2246 1591 aliquo
2276 1526 2429 1581 vobis
2458 1530 2637 1596 gravis
2667 1530 2925 1587 existeret
2950 1535 3035 1588 vel
3065 1535 3180 1605 ipsa
3208 1538 3470 1603 defensio,

154 1612 299 1668 dem
332 1612 524 1682 qualia
552 1615 914 1684 promittimus
943 1630 1155 1670 eramus
1176 1614 1369 1677 acturi,
1399 1614 1525 1684 quia
1552 1614 1665 1669 Deo
1693 1614 1783 1669 de-
1884 1615 2147 1669 exercitui
2178 1615 2473 1688 chIinato,
2502 1621 2789 1677 ordinante
2820 1624 2935 1689 illo,
2980 1640 3225 1682 annonas
3247 1627 3473 1685 fecimus

155 1701 373 1758 hemus
407 1705 529 1769 ista,
554 1720 662 1759 non
691 1706 914 1761 homini.
956 1706 1089 1760 Nam
1135 1706 1229 1775 qui
1277 1721 1374 1775 per
1402 1706 1661 1761 lectiones
1688 1721 1778 1761 sa-
1883 1706 2180 1761 secundum
2219 1707 2394 1763 forum
2438 1727 2619 1767 rerum
2657 1714 2924 1769 venalium
2972 1720 3272 1788 computari
3317 1720 3471 1791 [ed.,

155 1808 294 1847 cras
345 1794 574 1863 antiqua
618 1809 782 1863 regna
825 1796 1177 1860 cucurrimus,
1226 1796 1355 1864 quid
1401 1795 1543 1849 aliud
1590 1802 1781 1865 Optare
1812 1805 1858 1863 Β
1885 1796 2243 1870 comparari];
2276 1809 2333 1853 ut
2361 1809 2416 1855 et
2449 1802 2555 1857 illis
2585 1802 2867 1861 tolleretur
2895 1810 3190 1864 necessitas
3215 1812 3472 1867 exceden-

156 1900 496 1955 possumus,
529 1884 629 1939 nisi
656 1885 799 1954 quod
828 1885 1103 1941 Divinitati
1131 1887 1183 1940 in
1214 1888 1333 1942 aliis
1363 1887 1625 1957 placuisse
1655 1902 1779 1941 sen-
1882 1887 1957 1953 di,
1989 1898 2046 1943 et
2074 1890 2228 1945 vobis
2277 1893 2578 1949 auferretur
2624 1911 2789 1952 causa
2834 1898 3117 1969 dispendii.
3166 1901 3261 1957 llis
3306 1905 3467 1959 etiam

156 1976 341 2031 timus
360 1977 387 2029 ἲ
417 1974 536 2045 Ipse
565 1976 709 2030 enim
730 1987 1106 2030 remuneratur
1133 1983 1215 2031 est
1243 1977 1507 2031 bonorum
1536 1977 1775 2031 omnium
1881 1977 2219 2047 pnnfecimus
2248 1981 2506 2051 majorem
2554 1985 2751 2042 domus
2786 1999 2986 2047 nostra:
3011 1991 3343 2059 Vaccenem,
3376 1996 3466 2065 qui

156 2065 353 2133 Deus,
390 2083 517 2122 nam
547 2065 806 2136 quidquid
833 2068 888 2121 in
926 2066 1197 2135 subjectos
1241 2068 1459 2137 pietatis
1488 2066 1773 2137 eflicimus,
1881 2085 1978 2139 pro
2003 2086 2217 2125 suarum
2248 2074 2506 2142 qualitate
2533 2077 2789 2133 virtutum
2818 2079 3167 2138 bellatoribus
3188 2094 3332 2139 esset
3345 2084 3469 2154 jure

156 2156 329 2212 illum
369 2159 531 2212 nobis
578 2173 867 2229 repensare
914 2159 1033 2213 sine
1071 2157 1236 2212 dubio
1259 2158 1595 2233 judicamus.‘
1630 2157 1776 2239 Qua-
1878 2162 2239 2229 reverendus;
2270 2165 2425 2234 cujus
2467 2169 2717 2238 exemplo
2748 2180 2803 2225 et
2848 2187 3105 2228 excessus
3131 2174 3382 2241 vitarent,
3412 2187 3469 2232 et

155 2257 414 2319 propter
440 2250 821 2304 conscientiam
851 2249 1061 2304 fidelem
1082 2250 1273 2319 adepta
1297 2250 1588 2305 securitate
1618 2267 1774 2305 mon-

154 2350 386 2407 strate;
432 2342 558 2411 quia
607 2350 729 2412 post
777 2342 902 2396 talia
950 2341 1190 2397 redditur
1235 2342 1533 2397 clementia:
1576 2353 1773 2398 nostrae

162 2433 369 2505 potius
403 2447 565 2503 quam
603 2432 825 2488 offertur
855 2430 1096 2489 aliectus.

715 2587 1047 2644 EPISTOLA
1080 2587 1243 2643 XVII.

454 2694 658 2735 POPULO
697 2695 908 2735 BOIANO
949 2694 1337 2735 THEODAI‘IADUS
1374 2695 1500 2733 REX.

162 2766 381 2823 Scribit
412 2785 466 2823 se
511 2769 709 2839 aliquos
759 2768 979 2892 Romzzn
1033 2770 1254 2891 misisse,
1305 2769 1391 2840 qui
1435 2769 1569 2840 regis
1614 2769 1773 2839 ﬁdem

862 2858 893 2892 ο
949 2856 1062 2892 men
1091 2878 1106 2891 .

862 2856 1106 2910 oougeuz.

239 2925 871 2997 Cognoscite,Quirites,
904 2929 1049 2997 quali
1079 2944 1177 2985 vos
1202 2929 1453 2999 princeps
1480 2936 1664 2985 vester
1691 2929 1776 2985 lir-

163 3019 375 3073 mitate
404 3019 673 3085 dilexerit,
720 3028 780 3073 ut
824 3028 1061 3074 tentatus
1100 3020 1305 3089 asperis
1338 3020 1499 3077 rebus
1539 3036 1646 3075 non
1675 3037 1775 3076 vos

166 3119 467 3182 pateretur
493 3126 610 3166 esse
634 3112 896 3167 sollicitos
925 3131 940 3164 :
978 3127 1079 3168 nec
1107 3113 1356 3169 volumus
1388 3114 1620 3183 amplius
1645 3121 1773 3168 vota

164 3209 367 3257 vestra
398 3201 616 3268 differri,
643 3218 784 3273 quos
808 3218 1022 3274 semper
1047 3213 1299 3274 optamus
1325 3205 1380 3259 in
1420 3220 1630 3259 summa
1659 3204 1769 3260 rei-

163 3292 414 3364 publica:
437 3292 750 3348 celebritate
777 3293 962 3348 lactari.
994 3292 1185 3348 Vestra
1210 3294 1354 3348 enim
1380 3294 1642 3349 securitas
1671 3309 1771 3349 no-

165 3391 289 3439 ster
318 3392 550 3439 ornatus
585 3392 698 3450 est;
741 3392 798 3439 et
834 3385 938 3440 boc
965 3400 1094 3439 vere
1134 3393 1410 3452 gratanter
1452 3385 1766 3455 accipimus,

168 3488 297 3528 cum
328 3473 525 3541 gaudia
546 3488 644 3528 vos
672 3473 875 3529 habere
922 3475 1204 3531 sentimus.
1249 3473 1609 3546 Quapropter,
1642 3475 1767 3531 ﬂexi

167 3564 529 3634 petitionibus
552 3565 776 3629 vestris,
805 3580 902 3634 per
930 3566 1078 3619 illum
1125 3573 1288 3636 atque
1331 3566 1480 3620 illum
1524 3567 1767 3636 praestari

169 3654 331 3709 vobis
362 3665 702 3710 sacramenta
730 3657 1135 3727 censuimus,ut
1162 3658 1306 3725 regis
1332 3659 1499 3713 vestri
1529 3660 1764 3716 animum

167 3759 282 3800 non
312 3746 563 3801 habeatis
591 3746 921 3815 incognitum
955 3765 969 3800 :
1015 3763 1118 3802 nec
1144 3748 1307 3803 liceat
1338 3748 1486 3805 falsis
1510 3751 1767 3820 suspicio-

170 3837 339 3892 nibus
359 3851 566 3902 errare,
596 3836 721 3891 dum
766 3836 1051 3893 manifeste
1091 3846 1337 3893 teneatur
1369 3840 1511 3908 quod
1542 3841 1764 3898 creditis

168 3926 223 3982 in
244 3928 514 3997 principe.
549 3926 839 3983 Estimate
878 3930 1006 3998 quid
1035 3930 1187 3985 vobis
1213 3930 1557 4000 benignitatis
1588 3933 1765 3988 videa-

168 4024 258 4071 tur
285 4018 549 4088 impendi,
578 4019 794 4086 quando
820 4019 911 4074 ille
932 4020 1102 4089 jurat,
1124 4023 1215 4091 qui
1243 4037 1353 4077 non
1397 4032 1575 4093 potest
1616 4026 1760 4095 cogi.

167 4108 387 4165 Scimus
435 4110 577 4163 enim
626 4125 725 4179 pro
766 4112 1006 4167 remedio
1056 4129 1156 4169 nos
1186 4115 1343 4169 datos
1381 4130 1503 4171 esse
1539 4126 1761 4172 cuncto-

167 4214 288 4254 rum
315 4219 329 4255 :
354 4217 469 4256 non
491 4201 815 4272 despicimus
841 4219 1035 4261 sanare
1058 4206 1361 4275 subjectos;
1391 4216 1446 4262 et
1467 4209 1610 4274 ideo,
1636 4209 1762 4265 licet

169 4288 401 4344 culmini
429 4299 617 4347 nostro
644 4293 915 4348 videretur
960 4296 1348 4366 incongruum,
1404 4298 1635 4354 libenter
1678 4316 1765 4356 ac-

168 4380 477 4449 quievimus
502 4381 684 4437 facere
719 4385 863 4452 quod
892 4387 1300 4453 generalitatem
1345 4388 1636 4457 probamus
1661 4404 1759 4459 op—

170 4478 327 4526 tasse.
355 4471 648 4541 lntelligite
673 4482 932 4543 quantum
966 4476 1117 4531 vobis
1163 4477 1441 4547 imponere
1471 4488 1648 4535 vester
1673 4482 1758 4534 vi-

168 4560 358 4617 deatur
388 4562 611 4619 affectus
662 4582 676 4618 :

169 4652 283 4708 solo
306 4654 477 4711 verbo
506 4656 768 4725 promissa
794 4673 1012 4713 servare
1045 4661 1211 4715 sacris
1235 4661 1557 4718 lectionibus
1579 4665 1759 4719 admo-

170 4755 382 4799 nemur.
411 4744 691 4802 Ostendite
718 4764 860 4804 nunc
898 4749 1241 4807 devotionem
1267 4762 1539 4820 vestram;
1570 4770 1758 4825 super-

172 4847 251 4887 nae
270 4836 539 4906 majestati
556 4838 1082 4913 jugitersuwlicate,
1102 4854 1161 4899 ut
1177 4847 1459 4917 tranquilla
1490 4856 1751 4919 tempora,

171 4937 285 4993 quae
310 4945 411 4986 vos
453 4931 654 4987 habere
699 4934 982 5004 cupimus,
1029 4937 1236 4992 caelesti
1285 4955 1511 4996 munere
1555 4957 1752 4997 conce-

174 5013 385 5074 dantur.

688 5154 1019 5214 EPISTOLA
1055 5160 1238 5217 XVIII.

360 5257 587 5301 SENATUI
616 5260 765 5303 UIBIS
802 5265 958 5306 BOIB
999 5268 1384 5310 τηεοωιιωυε
1422 5272 1553 5313 REX.

176 5326 359 5413 Scribit
399 5338 761 5417 seeacercitum
781 5340 849 5392 ad
870 5341 1227 5417 Romanorum
1259 5347 1608 5417 defensionem
1649 5353 1751 5405 mi-

240 5403 380 5482 sisse,
412 5413 463 5458 et
481 5408 528 5460 ei
560 5406 843 5464 Vaccenem
884 5413 1137 5483 majorem
1165 5403 1348 5470 domus
1371 5421 1527 5489 regia:
1565 5403 1754 5493 praefe-

240 5485 383 5529 61886.

244 5556 554 5623 Remedium
581 5569 725 5637 quod
762 5587 860 5641 pro
886 5572 1037 5629 vobis
1060 5615 1074 5640 ,
1106 5584 1287 5646 patres
1316 5581 1627 5651 conscripti,
1661 5585 1749 5653 pia

244 5739 590 5829 :I‘dentidem
619 5747 722 5803 hoc
767 5749 1108 5829 inculcatum
1130 5755 1260 5811 satis
1286 5756 1506 5829 indicat
1541 5771 1742 5829 quanta

178 5803 326 5867 fuerit
349 5818 678 5889 principibus
698 5803 1111 5879 cura‘fanimisui
1135 5803 1338 5894 saeculi,
1366 5803 1740 5903 stuprarepi's‘t‘:

601 5911 712 5972 ΡΑῑ
732 5928 870 5971 ιιοι..
911 5913 1142 5974 LXIX.

1879 2250 2207 2308 fortitudinis
2253 2255 2609 2312 instrumenta
2644 2261 3039 2329 perquirerent.
3090 2264 3237 2331 Quos
3282 2275 3465 2322 tamen

1877 2340 2010 2396 locis
2038 2344 2179 2412 aptis
2208 2346 2544 2415 praecipimus
2581 2349 2876 2415 immorari,
2912 2360 2967 2406 ut
2996 2350 3127 2409 foris
3155 2355 3224 2409 sit
3253 2366 3464 2411 armata

1877 2429 2138 2498 defensio,
2175 2433 2320 2489 intus
2352 2436 2503 2491 vobis
2550 2441 2838 2509 tranquilla
2877 2442 3127 2499 civilitas.
3179 2444 3466 2517 lntelligite

1876 2519 2003 2587 quid
2028 2523 2416 2591 excogitaverit
2447 2528 2869 2583 consolatorium
2900 2532 3157 2603 principis
3185 2550 3283 2605 pro
3312 2536 3465 2592 vobis

1877 2611 2148 2680 ingenium
2183 2633 2197 2669 :
2229 2616 2470 2671 defensio
2496 2634 2594 2674 vos
2634 2621 2881 2689 obsidet,
2932 2640 3001 2678 ne
3030 2642 3217 2682 manus
3248 2628 3463 2685 inimica

1878 2702 2206 2772 circumdet;
2235 2715 2291 2761 et
2318 2723 2348 2760 a
2379 2711 2626 2778 periculis
2641 2714 2971 2782 excepimus,
2991 2731 3126 2785 quos
3155 2728 3462 2777 nostrorum

1876 2795 2134 2863 sanguine
2161 2798 2514 2855 vindicamus.
2540 2802 2693 2856 Absit
2722 2804 2865 2859 enim
2893 2814 2952 2858 ut
2975 2814 3001 2843 ι
3024 2811 3221 2864 nostris
3249 2817 3463 2880 tempo-

1876 2883 2026 2940 ribus
2058 2884 2197 2941 Urbs
2231 2888 2322 2942 illa
2352 2892 2520 2946 muris
2539 2892 2783 2948 videatur
2810 2898 3037 2965 protegi,
3061 2916 3222 2969 quam
3253 2913 3462 2959 constat

1876 2977 2125 3044 gentibus
2157 2980 2239 3035 vel
2268 2982 2381 3036 sola
2403 2983 2657 3052 opinione
2683 2984 2847 3041 fuisse
2875 2991 3086 3044 terrori.
3120 2991 3199 3046 Ita
3228 2995 3370 3049 enim
3395 2996 3463 3052 de

1878 3066 2061 3123 divino
2090 3086 2370 3140 speramus
2403 3075 2626 3142 auxilio,
2657 3085 2718 3131 ut
2737 3093 2857 3147 qua:
2901 3095 3119 3151 semper
3146 3083 3245 3138 fuit
3272 3085 3459 3150 libera,

1800 3173 1850 3239 ο
1878 3159 2076 3217 nullius
2089 3162 2402 3222 inclusionis
2416 3165 2753 3224 decoleretur
2764 3168 3230 3248 [F.decoloretur]
3243 3176 3460 3246 injuria.

2406 3319 2735 3379 EPISTULA
2774 3325 2914 3383 XIX.

2038 3425 2343 3465 JUSTINIANO
2381 3428 2703 3472 IMPERATORI
2742 3406 3124 3480 TREODAIIADUS
3160 3441 3288 3480 REI.

1874 3496 2504 3587 Laudat-imperatorem,
2546 3509 2674 3587 petit
2711 3511 2865 3587 Pacis
2891 3516 3362 3587 conservationem;
3408 3532 3461 3576 et

1944 3572 2155 3696 remitti;
2175 3572 2676 3695 Copstantinop'olim
2700 3572 2912 3636 Petrum
2935 3582 3180 3655 legatum,
3210 3572 3458 3662 adjuncle

1944 3658 1987 3695 ei
2010 3659 2103 3696 suo
2152 3660 2245 3696 eaa
2270 3661 2323 3696 ο.

1941 3658 1987 3695 et
2010 3659 2103 3696 suo
2132 3658 2323 3715 legato.

1940 3750 2151 3808 Gratias
2175 3753 2445 3811 Divinitati
2470 3756 2770 3823 referimus,
2804 3761 2890 3817 cui
2920 3772 3002 3817 est
3030 3756 3215 3833 regum
3243 3783 3458 3840 semper

1869 3852 2090 3913 accepta
2126 3847 2504 3917 tranquillitas,
2534 3849 2681 3919 quod
2725 3866 3038 3921 provectum
3086 3865 3328 3913 nostrum
3355 3862 3457 3916 cle-

1868 3937 2081 3991 mentiae
2110 3947 2301 3992 vestrae
2329 3940 2690 4007 gratissimum
2718 3957 2838 3999 esse
2865 3944 3200 4004 declarastis.
3231 3947 3456 4010 Constat

1867 4030 2010 4085 enim
2036 4046 2220 4086 amare
2251 4049 2349 4087 vos
2372 4049 2550 4102 posse,
2584 4050 2744 4105 quem
2775 4038 3020 4105 gaudetis
3054 4041 3120 4095 ad
3151 4044 3304 4111 regni
3348 4047 3455 4101 θυι.

1866 4120 2011 4174 mina
2041 4122 2365 4189 pervenisse.
2411 4122 2502 4177 Sic
2545 4124 2726 4179 decuit
2770 4128 2968 4196 suscipi
3011 4131 3105 4197 qui
3132 4146 3192 4186 se
3234 4149 3332 4203 per
3360 4124 3455 4191 vos

1865 4211 2204 4278 praesumpsit
2245 4213 2449 4281 augeri.
2509 4214 2767 4270 Praestate
2812 4216 2975 4287 igitur
3020 4223 3223 4278 mundo
3260 4235 3453 4283 vestrm

1862 4300 2205 4367 benignitatis
2233 4303 2560 4372 exemplum,
2611 4314 2670 4359 ut
2714 4304 2872 4361 detur
2921 4308 3144 4379 intelligi
3190 4324 3451 4383 quantum

1863 4399 2247 4460 promoveatur
2275 4393 2368 4461 qui
2397 4408 2455 4449 se
2500 4410 2631 4463 pura
2658 4397 2811 4452 vobis
2856 4398 3142 4457 affectione
3169 4419 3447 4463 commen-

1861 4483 1973 4538 dat.
2004 4483 2119 4538 Non
2151 4486 2292 4540 enim
2318 4487 2461 4542 rixas
2491 4490 2644 4560 165
2668 4489 2803 4545 viles
2827 4507 2923 4561 per
2943 4490 3448 4569 regnarequiritis;

2492 4547 2641 4560 —v-
2827 4547 2841 4561 I
2985 4547 3105 4563 ’U""
3136 4547 3150 4550 '
3170 4547 3407 4567 "l—'"""
3432 4547 3448 4569 ν

727 4564 831 4621 ﬁde
872 4567 1028 4623 vobis
1076 4571 1526 4638 constringimur:
1554 4573 1644 4641 qui
1671 4574 1757 4628 vel
1786 4547 1836 4607 θ
1863 4590 1972 4629 non
2003 4590 2099 4629 vos
2129 4575 2323 4643 injusta
2354 4579 2673 4643 certamina,
2702 4596 2822 4650 quae
2851 4591 2977 4637 sunt
3021 4584 3180 4642 bonis
3208 4590 3449 4648 moribus

1863 4664 2099 4729 inimica,
2130 4664 2401 4721 delectant
2444 4685 2457 4721 :
2488 4669 2612 4737 quia
2654 4670 2785 4724 nihil
2824 4671 2966 4727 aliud
2992 4689 3091 4731 vos
3119 4687 3333 4733 constat
3361 4695 3449 4750 ap.

1862 4763 2071 4825 petere,
2098 4756 2200 4810 nisi
2230 4758 2375 4825 quod
2416 4759 2727 4828 opinionem
2752 4770 2984 4816 vestram
3028 4767 3202 4834 possit
3228 4784 3444 4825 ornare.

1862 4847 2323 4914 Quemadmodum
2353 4852 2495 4905 enim
2526 4867 2711 4921 pacem
2761 4855 2971 4909 exorati
3017 4857 3251 4926 abjicere
3294 4868 3447 4930 pote-

1861 4941 2171 5009 ritis,quam
2199 4956 2296 5010 pro
2316 4942 2550 5011 ingenita
2574 4943 2777 5013 pietate
2801 4954 2856 4999 et
2898 4945 3169 5002 iracundis
3198 4950 3444 5035 gentibus

1862 5034 2218 5102 consuevistis
2248 5034 2560 5104 imponere?
2589 5034 2736 5091 Bona
2765 5040 2979 5106 quidem
3004 5050 3194 5096 vestra:
3219 5034 3443 5099 concor-

1860 5126 1961 5180 dia:
1992 5142 2097 5178 non
2131 5132 2389 5179 tacemus.
2421 5123 2614 5180 Totum
2639 5128 2873 5183 creditur
2892 5130 3168 5199 eximium,
3188 5130 3442 5201 quidquid

1861 5216 2013 5273 vobis
2060 5215 2219 5270 fuerit
2269 5215 2597 5285 praedicabili
2627 5217 2892 5275 charitate
2920 5222 3203 5276 sociatum.
3252 5221 3361 5278 Sed
3390 5234 3442 5279 et

1863 5309 2032 5374 vobis,
2058 5309 2282 5376 gloriosi
2305 5309 2598 5379 principes,
2631 5328 2751 5366 cum
2796 5313 2913 5368 sitis
2956 5313 3199 5369 absolute
3228 5316 3438 5371 mirabi-

1860 5402 1957 5465 les,
1990 5401 2187 5469 aliquid
2218 5409 2395 5456 tamen
2419 5401 2654 5467 additur,
2674 5420 2809 5459 cum
2840 5420 2939 5458 vos
2960 5393 3141 5459 Omnia
3164 5421 3327 5475 regna
3352 5425 3439 5463 ve-

1859 5502 2137 5549 nerantur.
2171 5492 2301 5546 Nam
2328 5509 2613 5548 commune
2642 5506 2722 5549 est
2751 5495 2959 5549 cunctis
2979 5495 3032 5549 in
3062 5496 3173 5552 suis
3202 5497 3438 5567 imperiis

1858 5584 2134 5658 pnedicari
2164 5602 2175 5637 :
2210 5584 2303 5639 sed
2331 5584 2458 5640 illud
2489 5593 2574 5640 est
2603 5585 2924 5640 omnimodis
2946 5586 3236 5654 singulare,
3268 5587 3321 5644 in
3341 5604 3437 5648 ex-

1856 5764 1942 5829 ll;
1974 5763 2131 5833 hujus
2159 5764 2249 5818 lib.
2284 5764 2438 5833 epist.
2466 5762 2526 5829 5;
2553 5762 2645 5817 lib.
2676 5779 2693 5817 ι
2720 5762 2878 5833 cpist.
2908 5762 3006 5830 l5;
3032 5763 3123 5818 lili.
3154 5782 3225 5822 vn
3256 5777 3310 5821 ei
3337 5764 3426 5823 lib.

1854 5851 1905 5890 Iv
1934 5836 2092 5904 epist.
2122 5834 2206 5888 1‘2.
2240 5833 2402 5889 Fons.

2878 5923 2956 5982 28
