4006 6458
541 322 641 382 fill

1762 321 1828 374 id.
1875 321 1914 374 Α
1927 319 1962 373 ἰ]
1976 319 2147 372 llIiIJI
2189 319 2584 372 (ῖΑςςιουυιιι

540 448 730 494 tranea
757 446 914 502 gente
946 436 1132 491 laudes
1164 436 1412 506 proprias
1436 435 1710 500 invenire;
1745 436 1867 504 quia
1903 434 1973 486 ibi
2003 441 2128 484 sunt
2157 437 2202 490 Α
2234 440 2472 484 nostrum
2505 431 2608 484 tale
2655 438 2755 495 est,
2787 437 2845 483 ut
2885 432 3279 486 interveniente
3304 429 3477 499 gratia
3501 444 3620 484 non
3645 429 3830 486 milia

541 545 670 590 vera
691 527 910 596 judicia.
945 527 1035 581 ubi
1061 529 1332 582 neminem
1362 526 1670 596 comprimit
1695 525 1799 580 ulla
1844 524 2121 578 timiditas.

541 616 783 684 Diligeris
811 617 1046 685 quidem,
1079 617 1316 686 piissime
1344 617 1658 686 imperator,
1691 616 1742 670 in
1777 617 2012 684 propriis
2037 631 2123 668 re-

539 707 657 776 gitis
687 725 701 761 :
733 708 827 763 sed
849 719 1053 776 quanto
1082 710 1423 780 pnestantius
1453 709 1508 762 in
1537 707 1702 762 Italiae
1743 708 1984 778 partibus
2009 707 2128 774 plus

543 801 730 864 amari,
765 799 904 854 unde
934 815 1130 856 nomen
1161 801 1462 855 Romanum
1507 816 1604 870 per
1633 802 1819 854 orbem
1863 808 2126 854 terrarum

543 902 760 949 constat
781 909 900 948 esse
929 893 1208 948 diﬁ'usum!
1241 892 1470 962 Oportet
1493 906 1624 961 ergo
1671 902 1908 946 nostram
1939 905 2127 961 pacem

543 987 770 1054 servari,
791 1002 912 1056 qua:
933 986 1085 1040 vobis
1099 987 1325 1056 contulit
1351 987 1588 1054 gloriosa
1616 985 1839 1039 exordia
1854 981 2123 1036 vocabuli.

544 1077 653 1129 Sed
685 1084 743 1130 ut
768 1055 936 1130 sacris
965 1076 1211 1129 allatibus
1232 1055 1429 1130 ordine
1470 1074 1800 1143 respondere
1829 1072 2125 1133 videamur,

549 1169 980 1223 reverentissi-ma
1011 1168 1333 1223 salutatione
1363 1167 1610 1232 decursa,
1638 1166 1738 1235 piis
1767 1164 2014 1219 sensibus
2044 1162 2128 1215 in-

547 1262 807 1326 dicamus,
849 1260 1215 1314 beatissimum
1251 1273 1443 1330 papam
1485 1259 1631 1312 urbis
1662 1258 1865 1322 Romae,
1896 1257 1977 1310 vel
2017 1271 2133 1309 am-

550 1353 846 1415 piissimum
867 1362 1113 1406 senatum
1152 1361 1332 1407 nostra
1362 1353 1722 1422 praeceptione
1751 1350 2129 1411 commonitos,

553 1452 610 1496 ut
637 1443 718 1497 vir
744 1443 1220 1512 eloquentissimus
1248 1440 1436 1497 Petrus
1481 1443 1690 1511 legatus
1718 1442 2024 1499 serenitatis
2049 1456 2133 1494 ve-

551 1543 692 1600 strae,
721 1543 775 1587 et
794 1534 1036 1588 doctrina
1085 1549 1342 1599 summus,
1392 1542 1448 1588 et
1495 1534 1842 1589 conscientia:
1889 1532 2134 1587 claritate

555 1625 892 1692 przecipuus,
943 1625 1063 1678 sine
1111 1624 1288 1692 aliqua
1337 1624 1596 1679 dilatione
1639 1624 2002 1692 competentia
2045 1636 2132 1676 re-

551 1731 749 1784 sponsa
799 1716 1087 1783 reciperet,
1134 1730 1232 1769 nec
1287 1724 1475 1770 contra
1521 1715 1852 1769 voluntatem
1900 1723 2134 1768 vestram

552 1822 733 1861 moras
758 1807 1084 1874 incongruus
1112 1807 1422 1871 sustineret,
1472 1807 1595 1877 quia
1635 1815 1804 1861 totum
1835 1805 1967 1860 illud
1991 1805 2134 1860 desi-
2169 1815 2212 1874 κ

553 1900 806 1955 deramus
825 1898 1062 1963 cllicere,
1095 1900 1237 1967 quod
1267 1908 1446 1953 vestro
1469 1908 1703 1967 nequeat
1723 1897 1925 1966 judicio
1945 1897 2133 1967 diSpli-

553 2006 677 2045 cere
709 2009 721 2043 :
752 1990 966 2060 quando
993 1999 1050 2044 et
1095 1992 1352 2060 pietatem
1380 1998 1612 2044 vestram
1643 1989 1747 2042 hoc
1782 1989 2000 2042 studere
2039 2004 2134 2041 co-

554 2082 879 2148 gnoscimus,
902 2081 1044 2149 quod
1076 2082 1230 2135 nobis
1250 2095 1347 2149 per
1367 2080 1547 2135 omnia
1571 2080 1828 2149 prodesse
1853 2078 2134 2132 sentimus.

556 2173 656 2228 Cui
683 2174 854 2227 virum
883 2173 1241 2228 venerabilem
1271 2172 1440 2235 illum,
1484 2171 1718 2240 legatum
1748 2178 2010 2232 nostrum,
2041 2169 2140 2221 ad-

558 2265 882 2336 iungendum
914 2280 1032 2319 esse
1061 2264 1419 2327 credidimus,
1453 2273 1511 2317 ut
1539 2278 1648 2316 non
1678 2277 1774 2330 per
1803 2262 2138 2316 occasionem

561 2356 842 2423 legationis
886 2365 1103 2418 vestrae,
1152 2355 1246 2409 sed
1296 2355 1511 2423 propria
1557 2354 1739 2423 potius
1781 2353 2142 2408 destinatione

563 2455 742 2501 nostra
765 2445 980 2516 possitis
995 2454 1119 2500 vota
1148 2459 1493 2512 cognoscere.

1101 2575 1429 2631 EPISTOLA
1474 2575 1588 2632 XX.

774 2684 1074 2723 TIIEODORE
1114 2683 1370 2724 Αυαυετιε
1409 2684 1669 2723 ουυειιιυ
1712 2683 1924 2724 REGINA.

560 2758 770 2812 Gratius
793 2760 902 2829 agit
939 2759 1000 2812 de
1028 2760 1196 2828 legato
1225 2765 1275 2812 et
1314 2759 1545 2828 epistolis
1590 2760 1734 2829 ejus;
1777 2759 2050 2829 scribitque
2094 2775 2146 2810 se

631 2832 886 2900 curavisse
912 2840 966 2882 ut
997 2847 1130 2899 papa
1155 2839 1461 2900 senatusque
1494 2829 1573 2882 illi
1603 2847 1691 2896 per
1707 2829 1906 2882 litteras
1925 2845 2142 2900 respon-

629 2902 803 2953 deant.
838 2899 965 2952 Tum
997 2898 1122 2952 dicit
1148 2917 1203 2953 se
1224 2899 1292 2952 ad
1322 2898 1464 2953 illam
1491 2900 1693 2956 misisse
1716 2901 1942 2969 legatum
1969 2898 2146 2951 multis

620 2970 902 3025 virtutibus
932 2980 981 3024 et
1011 2971 1251 3026 doctrina
1279 2971 1574 3041 prwditum.

633 3084 864 3138 Litteras
923 3082 1140 3152 pietatis
1184 3092 1376 3138 vestra:
1429 3083 1634 3151 gratia,
1690 3098 1795 3151 qua
1848 3082 2144 3136 desiderata

547 3191 778 3245 semper
805 3183 1108 3238 sumuntur,
1159 3176 1376 3244 accepi;
1425 3183 1480 3228 et
1523 3175 1788 3244 colloquia
1817 3176 1928 3229 oris
1957 3177 2140 3236 vestri,
2171 3184 2216 3243 ς

554 3267 876 3322 'inuncribus
906 3267 1155 3320 omnibus
1181 3267 1430 3333 celsiora,
1457 3267 1888 3320 reverentissima
1910 3265 2148 3334 gratula-

567 3365 712 3410 tione
757 3356 1069 3424 promerui:
1111 3364 1304 3409 cuncta
1343 3356 1473 3408 mihi
1502 3356 1569 3409 dc
1613 3364 1719 3409 tam
1747 3370 1940 3410 sereno
1969 3356 2148 3408 animo

568 3446 908 3515 promittens,
949 3444 1163 3512 quando
1192 3445 1449 3514 quidquid
1479 3454 1669 3514 Optare
1714 3446 1888 3515 potui,
1938 3446 1989 3499 in
2041 3454 2148 3500 tam

569 3536 794 3604 benigna
849 3535 1210 3590 collocutione
1263 3536 1494 3604 suscepi.
1551 3533 1851 3590 Ilortamini
1905 3537 2044 3591 enim
2095 3545 2150 3591 ut

567 3627 820 3696 quidquid
851 3627 1208 3696 erpetendum
1240 3643 1270 3681 a
1306 3627 1611 3694 triumphali
1661 3627 1904 3696 principe
1948 3629 2150 3684 domno

567 3719 732 3790 jugali
762 3727 948 3773 nostro
977 3716 1264 3782 credimus,
1299 3717 1494 3772 vestris
1541 3725 1666 3771 ante
1712 3718 1956 3772 sensibus
2004 3718 2155 3786 inge-

572 3824 773 3864 ramus.
826 3808 956 3874 Quis
1006 3805 1117 3875 jam
1175 3807 1380 3860 dubitet
1425 3805 1490 3859 ad
1548 3805 1797 3860 ell'ectum
1849 3808 2150 3876 pervenire,

569 3899 712 3970 quod
742 3899 858 3953 talis
887 3905 1125 3968 potestas
1153 3896 1458 3964 dignabitur
1483 3895 1752 3964 allegare?
1774 3896 1912 3951 Ante
1936 3897 2152 3966 quidem

571 3993 639 4044 de
685 4004 964 4043 causarum
1015 3995 1320 4040 nostrarum
1373 3988 1625 4054 :cquitale
1675 3988 2149 4057 pmsumpsimus,

569 4078 666 4132 sed
714 4093 855 4130 nunc
884 4077 1122 4146 amplius.
1157 4076 1223 4130 de
1255 4085 1430 4130 vestra
1483 4075 1838 4146 promissione
1886 4077 2149 4130 laetamur.

571 4171 688 4224 Non
720 4172 862 4225 enim
885 4177 1138 4240 poterunt
1155 4177 1277 4223 vota
1303 4180 1486 4223 nostra
1503 4169 1722 4233 dilTerri,
1750 4169 1966 4238 quando
1985 4170 2153 4224 inter-

568 4272 670 4326 est,
704 4276 822 4331 qua:
861 4270 1134 4315 merentur
1192 4259 1384 4313 audiri.
1416 4259 1566 4314 Nunc
1597 4259 1815 4328 implete
1847 4259 2110 4328 promissa
2138 4299 2152 4322 ,

571 4364 628 4403 ut
661 4368 769 4404 rem
804 4363 986 4406 tenere
1015 4349 1240 4415 faciatis,
1269 4350 1353 4405 cui
1386 4366 1535 4418 spem
1577 4349 1933 4406 certissimam
1965 4358 2155 4404 contu-

571 4444 726 4496 listis.
759 4444 1008 4497 Additum
1039 4451 1121 4496 est
1144 4443 1310 4497 etiam
1336 4442 1528 4511 gaudio
1559 4458 1680 4496 meo
1710 4441 1852 4511 quod
1883 4443 2047 4497 talem
2079 4445 2156 4496 vi-

2234 521 2286 575 in
2331 536 2498 588 regno
2545 529 2729 576 nostro
2771 535 2932 589 quam
2982 523 3032 576 in
3061 530 3244 577 vestro
3285 521 3519 589 iubeatis
3575 519 3825 588 imperio.

2232 612 2605 680 Signilicamus
2649 613 2830 680 itaque
2859 613 3224 682 supradictum
3255 619 3378 666 ante
3416 625 3518 665 nos
3548 625 3582 663 a
3605 624 3826 665 venera-

2233 703 2324 755 bili
2354 702 2467 755 viro
2512 716 2651 771 papa
2682 702 2862 770 egredi
2912 704 3126 768 fecisse,
3177 718 3336 771 quam
3383 709 3570 756 vester
3623 701 3826 768 legata

2236 793 2424 847 harum
2452 795 2684 862 portitor
2711 795 2778 848 de
2819 795 2953 850 urbe
2993 795 3163 850 Roma
3213 796 3480 866 potuisset
3533 794 3712 857 exire,
3765 809 3826 847 ne

2234 884 2431 952 aliquid
2461 885 2741 940 accederet
2769 886 2914 953 quod
2935 888 3127 941 vestris
3155 887 3348 940 animis
3375 885 3649 939 obviaret.
3689 885 3823 949 Qua-

2234 985 2452 1045 propter
2483 976 2778 1031 salutautes
2803 978 3152 1033 veneratione
3175 993 3295 1047 qua:
3325 975 3490 1030 tantis
3518 974 3690 1028 debet
3717 990 3822 1026 ine-

2233 1068 2346 1120 ritis
2375 1066 2636 1130 exhiberi,
2665 1067 2838 1120 virum
2867 1067 3233 1121 venerabilem
3277 1065 3449 1128 illum,
3482 1073 3537 1117 et
3589 1062 3822 1116 malitia

2231 1159 2584 1226 doctrinaque
2613 1159 2919 1226 pollentem,
2951 1157 3254 1212 sanctitatis
3290 1156 3457 1211 etiam
3486 1153 3708 1206 honore
3735 1167 3814 1204 re-

2233 1251 2542 1312 verendum,
2576 1249 2645 1304 ad
2674 1259 2908 1305 vestram
2949 1247 3288 1304 clementiam
3328 1244 3624 1312 legationis
3652 1240 3823 1296 olﬁcie

2234 1344 2578 1414 peculiariter
2627 1343 2936 1398 curavimus
3002 1339 3422 1396 destinandum:
3478 1336 3610 1406 quia
3657 1344 3824 1402 gratas

2234 1435 2385 1489 vobis
2414 1434 2532 1488 illas
2575 1435 2846 1488 credimus
2879 1447 3000 1488 esse
3026 1445 3304 1501 personas,
3333 1442 3472 1497 quas
3498 1424 3706 1478 divinis
3729 1419 3822 1472 Ii-

2237 1526 2468 1580 nisteriis
2491 1524 2792 1594 judicamus
2819 1531 3092 1593 acceptas.

2785 1673 3112 1728 EPISTULA
3151 1670 3292 1725 XXI.

2455 1783 2753 1822 THEODOIUE
2792 1781 3045 1821 Αυςυετιε
3083 1781 3344 1830 θυυεμκλ
3393 1777 3622 1818 κίρνη.

2243 1860 2448 1916 Iudicat
2469 1876 2522 1912 se
2549 1868 2598 1911 et
2629 1856 3033 1911 Theodnhadum
3065 1857 3290 1925 gratiam
3311 1854 3424 1922 ejus
3451 1853 3668 1906 enixius
3692 1867 3818 1925 W-

2312 1948 2457 1998 rere,
2486 1939 2535 1982 et
2573 1937 2721 1998 rogat
2749 1936 2803 1980 ut
2833 1928 2885 1980 in
2915 1923 3096 1996 glorilz
3125 1926 3236 1995 ejus
3268 1926 3577 1980 societatem
3608 1923 3819 1976 ueniant.

2314 2017 2603 2072 :Estimare
2631 2025 2683 2071 te
2711 2016 2982 2080 convenit,
3009 2022 3352 2082 augustarum
3382 2011 3816 2081 prudentissima.

2240 2109 2455 2179 quantis
2501 2107 2712 2176 cupiam
2767 2105 2971 2161 nisibus
3007 2105 3235 2172 gratiam
3280 2111 3518 2156 vestram
3565 2114 3820 2169 quaerere,

2242 2209 2297 2255 et
2326 2200 2554 2254 domnus
2577 2197 2773 2267 jugalis
2794 2213 2948 2250 meus
2970 2210 3166 2264 magno
3197 2193 3374 2249 studio
3400 2192 3681 2246 desiderat
3701 2191 3817 2249 obli-

2246 2309 2392 2349 nere.
2425 2292 2557 2347 Nam
2588 2291 2711 2346 licet
2732 2291 2835 2345 hoc
2865 2290 2938 2344 illi
2964 2289 3034 2343 sit
3062 2286 3387 2343 omnimodis
3408 2286 3663 2348 charum,
3705 2283 3820 2336 mihi

2246 2394 2426 2439 tamen
2483 2381 2829 2450 cognoscitur
2878 2395 2998 2433 esse
3056 2377 3418 2448 praecipuum;
3469 2373 3692 2443 quando
3745 2385 3821 2424 me

2245 2483 2405 2529 tanta:
2433 2472 2663 2527 dominas
2691 2471 2764 2523 ita
2791 2476 2968 2538 potest
3011 2482 3164 2521 amor
3191 2465 3418 2532 erigere,
3451 2472 3514 2518 nt
3551 2477 3719 2532 supra
3747 2476 3820 2515 re-

2244 2579 2406 2634 gnum
2433 2576 2731 2630 cognoscar
2765 2559 2937 2628 majus
2965 2557 3162 2626 aliquid
3203 2556 3469 2610 invenire.
3517 2553 3663 2619 Quid
3691 2553 3821 2606 enim

2245 2657 2447 2728 gratius
2477 2669 2638 2723 quam
2664 2652 2711 2708 si
2752 2651 2939 2721 gloria:
2963 2659 3158 2705 vestra:
3185 2649 3372 2702 videar
3396 2647 3683 2701 charitatis
3707 2660 3822 2713 par-

2249 2750 2559 2820 ticipatione
2595 2745 2826 2811 sociari,
2891 2752 2950 2798 ut
3003 2743 3129 2812 quia
3181 2756 3280 2795 vos
3330 2736 3547 2794 abunde
3603 2734 3825 2806 fulgetis,

2247 2841 2400 2895 nobis
2428 2839 2656 2894 libenter
2675 2837 2741 2891 de
2769 2834 2989 2906 proprio
3018 2830 3306 2902 splendore
3331 2827 3679 2892 mutuemini,
3707 2839 3821 2879 culi

2247 2933 2498 2987 damnum
2523 2945 2632 2984 non
2659 2935 2742 2982 est
2785 2925 2992 2989 lumini,
3023 2924 3179 2978 alteri
3217 2921 3288 2976 de
3324 2936 3424 2975 sua
3451 2919 3704 2973 claritate
3728 2917 3825 2970 lar-

2248 3027 2381 3095 giri?
2409 3024 2614 3079 Fovete
2641 3021 2905 3077 desideria
2935 3027 3140 3086 nostra,
3169 3032 3290 3086 qua:
3314 3015 3646 3082 cognoscitis
3664 3014 3827 3068 since-

2250 3121 2410 3172 ritate
2438 3115 2728 3186 praecipua.
2761 3113 2947 3168 Gratia
2977 3119 3156 3167 vestra
3202 3124 3302 3179 per
3325 3109 3507 3164 omnia
3539 3123 3641 3161 nos
3676 3119 3828 3173 regna

2249 3207 2609 3266 commendet.
2642 3203 2860 3259 Debetis
2887 3201 3033 3257 enim
3080 3217 3178 3256 nos
3221 3201 3397 3254 claros
3445 3197 3700 3261 reddere,
3747 3195 3828 3264 φή

2249 3301 2315 3355 de
2343 3306 2519 3352 vestra
2547 3295 2795 3350 volumus
2824 3294 2943 3348 luce
2987 3292 3212 3360 fulgere.
3242 3288 3603 3357 Quapropter,
3633 3286 3829 3340 sereni-

2254 3390 2348 3444 tati
2379 3396 2571 3442 vestras
2616 3383 2976 3439 reverentiam
3021 3379 3360 3436 salutationis
3399 3378 3732 3448 impertiens,
3760 3375 3832 3428 af-

2252 3478 2490 3533 l‘ectuosa
2539 3490 2624 3530 me
2667 3473 2863 3530 animis
2891 3472 3083 3528 vestris
3130 3469 3547 3540 pnesumptione
3573 3483 3834 3522 comma

2251 3571 2320 3623 do
2347 3586 2358 3621 .
2394 3581 2617 3636 sperans
2645 3573 2706 3618 ut
2733 3565 2811 3618 sic
2832 3565 3013 3618 omnia
3061 3561 3320 3616 mirabilis
3347 3559 3641 3629 prudentia
3668 3569 3834 3612 vestra

2253 3665 2558 3727 componat,
2599 3663 2866 3724 quatenus
2908 3653 3099 3708 ﬁducia
3123 3667 3242 3722 qua:
3268 3650 3426 3704 nobis
3451 3649 3526 3704 de
3543 3649 3725 3704 animo
3752 3661 3834 3701 ve-

2253 3761 2364 3804 stro
2413 3749 2538 3802 data
2595 3755 2680 3802 est
2728 3747 2948 3800 uberius
3001 3753 3278 3813 augeatur.
3309 3741 3444 3796 Nam
3473 3758 3599 3797 cum
3651 3741 3837 3796 nullam

2257 3840 2395 3892 inter
2426 3837 2668 3891 Romana
2703 3849 2865 3903 regna
2903 3835 3095 3890 deceat
3122 3849 3241 3889 esse
3280 3833 3629 3896 discordiam,
3679 3845 3836 3886 eniti:b

2255 3930 2324 3984 sit
2354 3936 2531 3981 tamen
2563 3935 2617 3981 et
2645 3927 2877 3995 qualitas
2903 3925 2999 3988 rei,
3025 3939 3146 3992 qua:
3189 3938 3286 3978 nos
3323 3922 3546 3978 el‘licere
3569 3923 3838 3976 elisi-iores

2269 4031 2466 4077 vestite
2487 4020 2684 4073 debeat
2705 4019 2968 4087 aequitati.

2684 4171 2840 4241 166
2877 4167 3209 4225 EPISTOLA
3251 4168 3409 4224 XXII.

2429 4276 2734 4317 ιυςτιΝιΑΝο
2773 4276 3094 4314 IMPERATORI
3135 4276 3518 4314 THEODAIIADUS
3556 4275 3683 4316 REX.

2268 4330 2454 4406 Pacem
2508 4352 2570 4402 ab
2611 4367 2669 4404 eo
2699 4351 2824 4418 petit
2858 4366 2947 4418 per
2977 4352 3203 4420 legatum
3253 4351 3551 4403 sacerdotio
3581 4351 3778 4403 clarum
3798 4357 3837 4403 et

2637 4420 2891 4474 doctrina:
2921 4421 3072 4473 laude
3111 4422 3463 4488 conspicuum.

572 4549 688 4585 rum
715 4541 892 4587 vestra
919 4533 1180 4586 serenitas
1202 4532 1509 4599 destinavit,
1539 4533 1752 4602 qualem
1775 4540 1831 4586 ct
1861 4540 2007 4586 tanta
2034 4533 2151 4600 glo-
2186 4558 2237 4616 Ι)
2332 4534 2613 4597 Retinetis,
2647 4533 3040 4604 sapientissime
3081 4535 3406 4604 principum,
3440 4547 3494 4590 et
3525 4553 3624 4606 per
3656 4537 3840 4605 legatos

573 4627 650 4678 ria
681 4624 864 4677 debuit
886 4625 1114 4689 mittere,
1147 4636 1199 4679 et
1229 4632 1407 4679 vestra
1432 4625 1586 4678 decet
1614 4623 1872 4692 obsequia
1899 4625 2155 4678 retinere.

577 4717 799 4770 Dubium
831 4718 970 4771 enim
1002 4733 1108 4771 non
1138 4727 1219 4772 est
1247 4717 1390 4771 illam
1442 4733 1620 4772 mores
1658 4718 1788 4773 dare
1843 4717 1971 4788 |etl.,
2027 4719 2156 4771 reti-

574 4807 747 4878 nere],
779 4808 861 4862 cui
892 4808 1206 4862 observatur
1251 4809 1387 4882 [Jun
1416 4824 1431 4860 :
1474 4807 1664 4873 Forte,
1705 4807 2043 4878 obversatur]
2074 4825 2159 4862 as-

573 4899 744 4961 sidue,
778 4895 908 4950 dum
950 4890 1163 4950 constat
1191 4897 1435 4952 tlefmcari
1483 4899 1719 4951 animum
1763 4899 1918 4952 bonis
1961 4913 2157 4967 prince-

573 4990 846 5059 plionibus
878 4987 1199 5041 institutum.
1235 4986 1369 5041 Hinc
1392 4996 1474 5042 est
1499 4987 1660 5056 quod,
1696 4995 1872 5042 vestra
1901 5003 2155 5041 reveren-

576 5072 644 5134 tia
683 5079 1016 5142 commoniti,
1050 5075 1297 5132 duximus
1328 5077 1680 5132 ordinandum
1732 5086 1789 5132 ut
1814 5078 1927 5132 sive
1954 5077 2157 5131 beatis-

573 5173 738 5227 simus
763 5186 922 5240 papa,
951 5171 1063 5225 sive
1084 5178 1302 5224 senatus
1330 5170 1688 5238 amplissimus
1724 5170 1839 5223 sine
1867 5170 2044 5237 aliqua
2073 5168 2156 5222 di-

569 5263 776 5317 latione
804 5259 1186 5330 respondeant,
1218 5259 1360 5329 quod
1390 5260 1459 5314 ab
1506 5259 1584 5315 eis
1629 5261 1990 5332 expetendum
2041 5275 2159 5314 esse

570 5351 879 5420 iudicastis;
911 5367 979 5407 ne
1000 5351 1168 5420 gloria
1196 5359 1371 5406 vestra
1396 5351 1569 5404 minus
1590 5350 1885 5405 reverenda
1918 5359 2158 5420 putetur,

573 5441 659 5495 cui
686 5442 916 5497 studium
939 5442 1210 5498 dilationis
1236 5443 1548 5512 opponitur,
1581 5442 1676 5496 sed
1716 5444 1894 5512 potius
1922 5442 1989 5496 de
2018 5443 2160 5497 cele-

560 5534 732 5588 ritate
757 5533 880 5589 facti
908 5535 1087 5589 votiva
1115 5534 1286 5602 gratia
1326 5533 1497 5602 possit
1551 5533 1754 5599 augeri.
1811 5533 1942 5588 Nam
2011 5532 2159 5586 etde

574 5617 664 5676 illa
695 5639 946 5692 petsona,
975 5624 1040 5678 de
1071 5638 1173 5691 qua
1196 5621 1265 5676 ad
1315 5638 1411 5676 nos
1456 5622 1655 5690 aliquid
1701 5623 1866 5676 verbo
1909 5622 2158 5676 titillante

576 5716 840 5781 pervenit,
882 5715 988 5769 hoc
1021 5715 1322 5769 ordinatum
1349 5729 1470 5769 esse
1510 5715 1838 5782 cognoscite,
1888 5713 2030 5782 quod
2059 5729 2154 5768 ve-

569 5805 701 5857 stris
728 5804 1052 5858 credidimus
1079 5803 1268 5865 animis
1296 5805 1607 5860 convenire.
1649 5803 1981 5860 Desiderium
2009 5807 2153 5860 enim

2263 4637 2504 4699 nostros,
2553 4631 2606 4677 et
2647 4640 2744 4694 per
2773 4627 2943 4678 virum
2986 4625 3392 4679 disertissimum
3424 4625 3671 4691 Petrum,
3701 4643 3840 4696 quem

2258 4733 2427 4786 nuper
2453 4716 2518 4770 ad
2571 4732 2669 4770 nos
2698 4723 2871 4772 vestra
2915 4716 3087 4786 pietas
3136 4715 3466 4781 destinavit,
3525 4733 3635 4787 quo
3687 4719 3840 4773 studio

2260 4806 2604 4859 concordiam
2645 4812 2885 4874 augustae
2933 4806 3237 4860 serenitatis
3285 4815 3558 4875 optemus.
3608 4805 3677 4862 Et
3725 4822 3841 4860 nunc

2265 4895 2455 4950 iterum
2484 4910 2580 4964 per
2602 4893 2748 4948 illum
2778 4895 2950 4948 virum
2981 4895 3375 4949 sanctissimum
3405 4895 3599 4950 eadem
3629 4898 3839 4950 credidi-

2263 5003 2380 5041 mus
2407 5003 2524 5040 esse
2552 4986 2864 5056 repetenda,
2896 4995 2954 5040 ut
2983 5002 3106 5040 vera
3137 4995 3297 5054 atque
3326 4987 3619 5042 all'ectuosa
3649 4989 3837 5056 judice-

2265 5078 2330 5130 tis
2351 5093 2468 5147 qua:
2495 5077 2802 5145 frequenter
2830 5078 3066 5145 expetita
3093 5078 3437 5144 cognoscitis.
3464 5077 3664 5133 Pacem
3689 5079 3838 5147 siqui-

2264 5169 2385 5222 dem
2417 5168 2516 5221 sub
2542 5167 2688 5220 omni
2717 5167 3024 5221 sinceritate
3050 5147 3301 5235 petimus,
3327 5167 3418 5232 qui
3449 5182 3642 5222 causas
3676 5178 3835 5222 certa-

2269 5261 2427 5314 minis
2483 5276 2589 5314 non
2621 5260 2898 5314 habemus.
2932 5258 3078 5313 Talis
3122 5272 3250 5327 ergo
3298 5259 3366 5312 ad
3411 5276 3511 5314 nos
3537 5263 3742 5327 veniat,
3780 5263 3842 5314 sic

2267 5353 2580 5422 composita,
2639 5351 2717 5406 sic
2761 5353 2977 5413 decora,
3031 5358 3092 5404 ut
3130 5365 3249 5404 eam
3282 5353 3442 5405 tantis
3469 5353 3611 5406 votis
3661 5355 3838 5406 merita

2265 5444 2542 5512 quaesiisse
2595 5443 2892 5496 videantur.
2949 5441 3101 5496 Absit
3155 5451 3335 5496 autem
3386 5451 3443 5496 ut
3496 5445 3641 5512 quod
3703 5445 3839 5496 nobis

2267 5535 2621 5589 cmnmittitur
2643 5533 2839 5586 debeat
2867 5533 3165 5600 ingravare.
3203 5530 3307 5586 Pro
3336 5533 3493 5588 nobis
3533 5515 3680 5603 161'...
3729 5531 3837 5585 Nir.

2263 5635 2311 5678 ct
2336 5623 2460 5687 (2a.,
2494 5621 2669 5692 vobis]
2710 5623 2888 5692 potius
2917 5629 3140 5674 tractato
3171 5620 3312 5689 quod
3351 5625 3623 5675 convenit.
3662 5622 3838 5676 Trahi-

2268 5723 2353 5768 tur
2393 5716 2536 5769 eniin
2567 5713 2637 5767 ad
2667 5713 2949 5774 benevola,
2982 5712 3068 5766 cui
3091 5728 3254 5768 causa
3283 5714 3523 5770 creditur
3550 5716 3835 5770 rationabi-

2264 5809 2382 5861 litcr
2411 5805 2736 5872 ordinanda;
2778 5820 2879 5860 nec
2922 5811 3100 5874 potest
3130 5804 3422 5860 utilitatem.
3440 5808 3718 5875 propriam
3745 5821 3836 5858 an-
