4006 6452
180 305 288 365 815

1485 312 1844 368 V'AIIIARUM
1888 314 2087 370 LIBER
2129 317 2189 371 Χ.

3351 335 3460 391 att.
3535 403 3542 408 ,

185 424 399 488 tet'erre,
433 424 518 478 cui
570 425 738 494 magis
778 426 1035 483 decorum
1067 436 1150 482 est
1197 429 1435 484 credenti
1484 429 1762 500 profutura
1796 433 1843 489 Α
1870 428 1958 484 dio
2004 431 2187 499 opinio
2208 443 2385 488 vestra
2416 445 2732 495 cunctorum
2781 441 3138 500 admiratione
3172 447 3446 516 laudetur.

183 526 458 589 praestare.
535 518 887 575 Considerate
930 523 1118 590 etiam,
1171 524 1440 593 principes
1495 517 1662 590 doeti,
1713 532 1768 577 et

189 611 338 669 abavi
369 610 532 665 vestri
569 611 820 667 historica
845 615 1170 669 monimenta
1217 616 1458 681 recolite,
1507 625 1767 684 quantum

193 702 499 762 Iecessores
526 704 689 758 vestri
729 704 1031 760 studuerint
1069 706 1137 762 de
1158 722 1257 761 suo
1281 706 1404 776 jure
1437 708 1765 776 relinquere,

189 799 243 845 ut
294 792 374 847 eis
439 801 723 861 parentum
791 803 1098 849 nostrorum
1148 794 1350 850 fmdera
1403 795 1768 864 provenirent.

183 880 474 938 Estimate
502 897 607 952 qua
629 883 797 951 gratia
827 884 1026 940 debent
1053 885 1230 940 oblata
1257 885 1473 953 suscipi,
1497 899 1617 954 quae
1642 901 1772 939 con-

184 979 474 1026 sueverant
518 974 800 1041 postulari.
831 974 947 1029 Non
1003 985 1316 1044 arroganter
1362 976 1650 1044 loquimur,
1680 978 1772 1045 qui

185 1061 472 1115 veritatem
497 1061 742 1117 fatemur.
767 1062 962 1120 Gloria:
978 1072 1168 1119 vestra:
1189 1066 1368 1135 potius
1387 1065 1600 1135 prolicit
1627 1065 1772 1134 quod

185 1150 560 1207 demonstrare
592 1153 984 1217 contendimus,
1015 1157 1230 1225 quando
1270 1176 1412 1216 nunc
1438 1161 1513 1214 illi
1541 1168 1770 1214 vestram

183 1239 418 1306 gratiam
447 1240 589 1294 ultro
611 1250 875 1310 quaerunt,
911 1244 1003 1312 qui
1029 1245 1140 1300 suis
1176 1248 1488 1315 parentibus
1525 1249 1774 1302 meliores

184 1342 244 1382 se
286 1343 410 1383 esse
454 1340 805 1398 cognoscunt.
857 1333 1206 1389 Associentur
1253 1337 1487 1391 amicitia
1542 1338 1772 1406 gratuita

182 1420 386 1474 vestris
432 1423 644 1486 anitnis,
699 1439 836 1493 quos
883 1426 1032 1493 prius
1079 1428 1229 1483 vobis
1278 1428 1541 1499 largitatis
1596 1430 1772 1484 studio

179 1506 506 1577 jungebatis,
531 1526 599 1565 ne
626 1511 769 1566 bona
793 1520 1000 1571 tantum
1031 1516 1246 1572 illorum
1280 1530 1580 1590 temporum
1610 1518 1774 1575 fuisse

182 1597 478 1652 credantur
498 1638 513 1662 ,
545 1614 662 1668 qua:
689 1617 788 1656 vos
814 1612 871 1657 et
914 1606 1135 1674 c0piosa
1173 1608 1503 1677 benignitate
1538 1609 1773 1678 vincitis,

182 1693 240 1740 et
263 1685 506 1742 afﬂuenti
532 1704 753 1745 munere
781 1694 1068 1760 superatis.
1092 1695 1267 1765 Atque
1289 1699 1411 1752 ideo
1439 1699 1775 1754 salutationis

1874 519 2227 577 Familiariter
2248 539 2344 578 vos
2366 531 2422 578 et
2444 526 2753 596 frequenter
2782 533 2958 588 videat
2983 535 3172 590 harum
3203 539 3454 608 portitor,

1870 624 2032 678 quem
2061 609 2264 681 direxi,
2291 624 2556 682 quatenus
2585 618 2836 675 etfectum
2866 625 3036 692 possit
3063 626 3298 683 celerem
3329 644 3457 699 pro-

1872 702 2090 764 mereri,
2123 704 2216 771 qui
2246 703 2314 758 ad
2355 719 2734 778 prmsumptam
2774 714 3000 778 gratiam
3047 716 3192 772 visus
3238 727 3323 774 est
3370 718 3464 775 de-

1871 789 2080 843 stinari.
2124 791 2420 860 Speramus
2465 798 2604 850 enim
2640 798 2804 866 jnsta,
2836 817 2942 878 non
2972 807 3186 872 gravia,
3219 823 3343 862 cum
3387 817 3470 864 ta-

1873 895 1998 934 men
2062 882 2190 936 nihil
2239 885 2483 940 videatur
2526 889 2888 961 impossibile,
2943 895 3087 963 quod
3146 912 3245 967 per
3298 900 3470 955 talem

1872 972 2098 1040 gloriam
2128 977 2506 1044 cognoscimus
2536 981 2791 1048 allegare.

2396 1107 2724 1165 EPISTULA
2763 1111 2947 1168 XXIV.

2051 1237 2352 1278 JUSTINIANO
2391 1241 2713 1280 IMPERATORI
2761 1241 3022 1283 GUDELINA
3073 1246 3284 1286 REGINA.

1876 1330 2086 1414 Iudicat
2133 1350 2187 1386 se
2213 1335 2270 1414 ei
2308 1338 2576 1414 scripsisse
2621 1355 2711 1414 per
2754 1338 3086 1414 Theodahadi
3119 1343 3365 1414 legatum,
3419 1356 3472 1397 ut

1946 1404 2146 1478 rediens
2188 1405 2376 1473 afferat
2415 1404 2628 1478 litteras
2660 1409 2986 1478 imperatoris
3016 1404 3386 1468 incolumitatis
3423 1429 3470 1468 et

1944 1475 2130 1544 gratia:
2157 1492 2277 1546 erga
2307 1481 2474 1546 ipsam
2496 1475 2808 1532 Gudelinam
2839 1488 2887 1532 et
2917 1483 3159 1537 maritum
3181 1492 3355 1541 testes.

1948 1586 2212 1642 Veniente
2241 1589 2359 1643 viro
2388 1589 2790 1659 sapientissimo
2835 1589 3014 1655 Petro,
3067 1593 3140 1645 ita
3181 1609 3282 1649 nos
3310 1607 3464 1648 amor

1877 1688 2069 1733 vestra:
2097 1682 2401 1736 serenitatis
2446 1683 2703 1752 explevit,
2753 1693 2815 1737 ut
2853 1684 3050 1738 vidisse
3087 1701 3186 1740 nos
3228 1688 3463 1742 :cstime-
3535 1715 3538 1720 -

184 1775 660 1832 honorificentiam
686 1780 983 1849 prmlocuti,
1015 1783 1161 1838 illum
1187 1787 1360 1840 virum
1392 1789 1768 1850 venerabilem,
1808 1794 1850 1852 B
1878 1784 2012 1833 mus,
2044 1769 2196 1838 cuius
2226 1771 2496 1840 ⁰⁰¹¹⁰Ψ¹Ῑ³
2517 1773 2745 1841 δθηίὲηθ
2773 1775 3125 1844 suscepin’“s'
3158 1775 3287 1841 Qnis
3315 1792 3460 1832 em"

179 1865 492 1922 sacerdotio
532 1869 756 1936 clarum,
812 1871 1071 1927 doctrina:
1101 1875 1261 1930 laude
1296 1879 1667 1947 conspicuum,
1699 1881 1776 1934 le-

176 1956 417 2026 gationis
456 1967 655 2015 nostrae
701 1961 767 2014 ad
805 1962 1064 2033 pietatem
1093 1976 1325 2020 vestram
1381 1969 1606 2025 fecimus
1646 1979 1774 2025 vota

177 2045 416 2102 deferre.
445 2047 775 2106 Couﬁdimus
801 2054 944 2108 enim
986 2057 1041 2110 in
1068 2057 1268 2113 virtute
1314 2059 1494 2113 divina
1538 2061 1682 2128 quod
1719 2071 1776 2117 et

174 2136 294 2191 suis
322 2140 532 2195 meritis
554 2141 710 2196 vobis
731 2143 940 2199 abunde
967 2135 1194 2215 placeat,
1220 2156 1274 2202 et
1296 2148 1560 2204 desideria
1589 2137 1773 2221 proba

175 2227 464 2296 petitionis
489 2229 750 2299 obtineat,
800 2247 1082 2303 sperantes
1129 2246 1187 2290 ut
1237 2254 1359 2292 eum
1409 2256 1529 2294 cum
1578 2241 1770 2297 elIcctu

179 2313 313 2384 [θείη
336 2316 554 2389 affectu]
584 2335 763 2374 rerum
791 2324 1020 2378 celerius
1050 2327 1292 2395 recipere
1319 2328 1638 2385 debeamus.
1667 2333 1771 2386 Sed

174 2406 305 2474 quia
331 2408 638 2476 epistolaris
683 2414 848 2468 series
889 2416 1170 2470 continere
1223 2433 1329 2472 non
1379 2428 1596 2488 poterat
1649 2422 1761 2476 uni-

176 2511 373 2560 versa,
425 2497 603 2567 aliqua
676 2503 844 2558 sacris
916 2505 1160 2560 sensibus
1214 2506 1382 2561 verbo
1451 2508 1770 2566 insinuanda

175 2591 564 2657 commisimus,
589 2608 658 2648 ne
685 2593 956 2650 fastidium
985 2597 1138 2653 vobis
1163 2595 1366 2654 faceret
1385 2600 1546 2656 lectio
1575 2601 1766 2659 ditl'usa

176 2679 511 2736 chartarum.

688 2813 1024 2872 EPISTOLA
1060 2815 1250 2872 XXIII.

395 2919 689 2960 'I'IIEODOIUE
728 2923 980 2962 AUGUSTE
1019 2924 1283 2965 GUDELINA
1321 2927 1534 2969 REGINA.

174 2990 376 3045 Scribit
401 3010 455 3046 se
483 2997 745 3074 excepisse
771 3000 1000 3066 gratanti
1029 3001 1204 3074 animo
1237 3000 1448 3074 Petrum
1481 3003 1592 3072 ejus
1620 3003 1766 3074 lega-

248 3071 380 3125 tum,
409 3071 459 3143 et
482 3081 572 3132 per
598 3067 781 3129 virum,
812 3083 958 3143 quem
979 3069 1048 3121 ad
1070 3086 1182 3143 eum
1217 3073 1390 3135 mittit,
1422 3067 1565 3142 pacis
1592 3067 1766 3143 ﬁrmi-

255 3141 413 3183 tatem
441 3134 576 3185 inter
605 3134 876 3204 utrumque
899 3137 1176 3206 imperium
1204 3150 1372 3211 rogat.

250 3218 620 3290 Suscipientes
656 3224 889 3293 legatum
922 3237 1155 3285 vestrum
1183 3231 1356 3286 virum
1385 3233 1768 3302 eloquentissi—

175 3327 332 3369 mum
359 3312 600 3382 Petrum,
629 3326 703 3381 et,
735 3318 882 3386 quod
909 3329 994 3374 est
1023 3320 1153 3390 ipsis
1176 3323 1521 3390 dignitatibus
1537 3327 1771 3384 honora—

175 3401 362 3468 biiius,
403 3405 597 3458 vestris
641 3406 912 3475 obsequiis
961 3408 1331 3479 inhterentem,
1382 3425 1567 3485 optata
1616 3420 1770 3475 nobis

175 3506 424 3564 augusta:
449 3497 636 3564 gratim
658 3510 1006 3555 monumenta
1049 3509 1079 3541 ι
1107 3502 1390 3570 fulserunt,
1425 3516 1484 3562 ut
1512 3525 1607 3578 per
1645 3526 1768 3567 eum

181 3585 516 3640 disceremus
541 3597 822 3658 acceptum
849 3592 1004 3646 vobis
1051 3608 1169 3648 esse
1197 3597 1340 3663 quod
1368 3599 1421 3652 in
1463 3599 1567 3655 hac
1611 3618 1771 3672 repu-

139 3678 144 3682 “
181 3673 321 3730 inca
349 3684 564 3730 constat
591 3679 856 3734 evenisse.
887 3679 1205 3738 Ostendistis
1233 3702 1331 3741 vos
1358 3688 1581 3759 diligere
1610 3695 1768 3761 quid-

180 3767 308 3832 quid
337 3766 406 3820 ad
425 3767 690 3835 justitiam
711 3774 1056 3839 cognoscitur
1082 3778 1373 3845 pertinere,
1405 3783 1640 3849 quando,
1675 3799 1770 3852 per

178 3856 418 3911 divinam
447 3860 836 3927 providentiam
872 3869 1020 3918 omni
1066 3867 1374 3935 suspicione
1402 3869 1636 3936 detersa,
1667 3874 1764 3927 de-

177 3945 484 4002 siderabilis
509 3957 688 4018 potest
729 3953 1055 4009 unanimitas
1100 3971 1441 4025 permanere.
1483 3960 1634 4016 Nunc
1687 3973 1770 4018 est

185 4038 366 4104 potius
394 4039 540 4108 quod
567 4055 732 4108 regna
760 4042 1348 4115 conjungatpromissio
1380 4049 1484 4104 lixa
1513 4063 1566 4106 et
1586 4055 1766 4108 votiva

175 4129 490 4183 concordia.
537 4120 606 4185 Et
633 4131 757 4186 ideo
784 4133 932 4188 illum
959 4137 1130 4190 virum
1161 4141 1544 4206 venerabilem,
1577 4146 1768 4200 vestris

181 4222 561 4290 conspectibus
587 4239 717 4278 vere
745 4225 1132 4293 dignissimum,
1166 4231 1396 4299 legatum
1427 4244 1670 4289 nostrum
1699 4237 1766 4290 ad

180 4324 275 4365 vos
302 4314 614 4384 specialiter
640 4317 964 4372 credidimus
1003 4336 1122 4374 esse
1167 4323 1520 4390 dirigentium,
1552 4335 1628 4388 ut,
1669 4342 1767 4380 vo—

181 4401 259 4456 bis
287 4407 667 4470 annuentibus,
698 4411 1026 4464 serenissimi
1048 4413 1247 4480 jugalis
1274 4417 1444 4469 nostri
1471 4418 1620 4485 pacis
1641 4433 1766 4487 gra-

1879 1866 2026 1912 tanta
2074 1860 2386 1916 atl'abilitate
2418 1873 2680 1933 suscepta
2731 1880 2840 1920 non
2886 1865 3075 1919 reddat
3101 1868 3464 1922 venerationis

1875 1950 2092 2014 eximia,
2121 1953 2207 2005 cui
2244 1961 2370 2006 ante
2398 1955 2722 2021 dignationis
2750 1956 3022 2029 eloquium
3046 1957 3168 2026 jure
3196 1959 3263 2012 ab
3289 1962 3464 2014 omni-

1870 2039 1973 2092 bus
2001 2043 2486 2097 commendationis
2514 2059 2625 2099 sua:
2654 2044 2884 2100 debetur
2910 2044 3187 2102 ofﬁcium?
3231 2048 3300 2102 Et
3339 2049 3463 2104 ideo

1872 2146 1972 2199 per
1994 2131 2142 2185 illum
2168 2132 2344 2187 virum
2375 2135 2761 2203 venerabilem,
2807 2136 3041 2204 legatum
3065 2137 3246 2191 domui
3269 2139 3462 2207 jugali:

1873 2221 2062 2286 nostri,
2094 2221 2162 2275 ad
2190 2237 2287 2277 vos
2314 2225 2622 2292 specialiter
2660 2226 2947 2290 directum,
2997 2226 3306 2281 salutiferos
3342 2230 3461 2301 api—

1873 2327 1964 2366 ces
1992 2315 2298 2368 curavimus
2325 2315 2702 2382 destinandos,
2746 2324 2805 2370 ut
2844 2333 3130 2373 recurrens
3154 2327 3347 2372 vestra:
3373 2333 3462 2374 se-

1871 2401 2112 2458 renitatis
2139 2404 2350 2471 atratus,
2381 2415 2436 2459 et
2463 2407 2531 2461 de
2575 2417 2760 2477 optata
2793 2408 3164 2464 incolumitate
3203 2409 3460 2474 IEDIIIICBI,

1871 2505 1928 2549 et
1955 2495 2022 2550 de
2051 2496 2369 2552 ﬁrmissima:
2393 2502 2578 2567 gratia:
2608 2517 2706 2556 nos
2746 2500 2912 2557 faciat
2945 2504 3306 2558 exsultatione
3332 2518 3462 2572 gauo

1870 2586 2018 2641 dere.
2047 2586 2162 2642 Tali
2191 2591 2337 2644 enim
2379 2594 2701 2661 compendio
2730 2609 3012 2649 causarum
3045 2596 3183 2650 bene
3219 2595 3462 2668 disponi-

1873 2686 1962 2730 tur
1990 2677 2141 2740 ordo,
2171 2687 2226 2732 et
2254 2691 2454 2735 nostra:
2505 2685 2905 2754 tranquillitatis
2949 2687 3218 2756 geminata
3265 2688 3461 2742 crescit

1873 2769 2108 2824 alIectio.
2148 2771 2514 2841 Suscipianms-
2539 2790 2668 2843 ergo
2711 2779 2875 2830 vestri
2906 2780 3068 2832 animi
3117 2780 3259 2835 bona
3292 2797 3305 2832 :
3333 2781 3462 2850 quia

1871 2860 1977 2914 hoc
2024 2871 2107 2914 est
2160 2877 2286 2916 vere
2339 2866 2521 2931 regale
2568 2869 2932 2938 propositum,
2985 2870 3219 2935 gloriose
3273 2871 3456 2924 vivere

1870 2964 2057 3004 amore
2085 2959 2418 3008 cunctorum.
2456 2955 2712 3021 Qum-dam
2739 2959 2893 3012 vobis
2937 2976 3033 3029 per
3060 2963 3249 3018 harmn
3289 2963 3461 3031 porti-

1873 3048 2044 3094 torem
2077 3044 2240 3098 verbo
2263 3047 2596 3114 suggerenda
2644 3051 3030 3116 commisimus,
3079 3068 3202 3122 qua:
3248 3070 3348 3124 pro
3376 3054 3459 3108 in-

1791 3146 1836 3208 c
1867 3134 2047 3201 genita
2077 3139 2484 3192 mansuetudine
2527 3150 2580 3194 et
2607 3139 2835 3195 libenter
2877 3145 3124 3214 accipite,
3169 3155 3224 3199 et
3267 3145 3456 3203 efﬁca-

1873 3228 2027 3289 citer,
2053 3226 2164 3280 Deo
2193 3229 2506 3294 auxiliante,
2541 3242 2806 3299 pnestate.

2310 3365 2462 3435 167
2495 3363 2824 3419 EPISTULA
2864 3366 3020 3427 xxv.

2045 3470 2348 3512 JUS'I'LVIANO
2386 3475 2706 3515 iurennoni
2739 3471 3121 3525 rusonsuaou's
3150 3484 3272 3527 Rex.

1873 3544 2147 3623 Signiﬁcat
2182 3550 2538 3623 senacrepisse
2578 3553 2776 3604 litteras
2821 3556 3146 3623 imperatoris
3189 3562 3252 3613 ab
3280 3561 3458 3616 Hera-

1939 3618 2151 3704 ειιεαηοἸ
2164 3618 2343 3687 quibus
2365 3621 2537 3700 statim
2561 3623 2857 3702 respondet,
2883 3618 3129 3682 nuntians
3155 3647 3210 3682 se
3228 3649 3323 3699 pro
3346 3635 3458 3704 ejus

1945 3698 2060 3738 voto
2081 3689 2151 3738 ad
2177 3705 2367 3757 papam
2388 3689 2676 3759 scripsisse.

1868 3824 1874 3828 .
1944 3775 2046 3832 Per
2069 3780 2432 3837 venerabilem
2463 3783 2634 3837 virum
2675 3783 3065 3844 Heracleanum
3089 3790 3228 3862 [Gr.,
3255 3793 3371 3864 Cuj.
3405 3805 3456 3850 et

1870 3867 2027 3934 For.,
2057 3868 2394 3944 Eracemutn]
2426 3875 2799 3946 presbyterum
2823 3889 3048 3946 augusta
3076 3883 3232 3936 nobis
3261 3887 3454 3952 pagina

1871 3969 2062 4015 vestae
2104 3963 2409 4022 serenitatis
2439 3965 2635 4034 illuxit,
2670 3969 2896 4036 gratiam
2924 3973 3188 4027 sermonis
3225 3973 3458 4044 benigne
3508 4050 3510 4052 _

1869 4055 2128 4119 tribuens,
2162 4065 2217 4111 et
2244 4067 2368 4127 apte
2389 4074 2612 4113 munera
2653 4061 2991 4118 salutationis
3019 4064 3362 4134 impertiens;
3395 4079 3456 4128 ut

1869 4163 2057 4201 revera
2088 4164 2340 4218 magnum
2383 4152 2453 4205 sit
2481 4153 2796 4208 beneﬁcium
2835 4164 2947 4210 tam
2985 4174 3150 4212 suave
3197 4163 3450 4234 principis

1869 4241 2128 4295 meruisse
2150 4242 2499 4311 colloquium.
2541 4244 2639 4298 Cui
2669 4246 2957 4311 reddimus,
2988 4261 3188 4318 quanta
3211 4256 3452 4313 valemus

1869 4334 2151 4397 charitate.
2185 4350 2525 4405 responsum,
2557 4349 2810 4408 optantes
2842 4353 2897 4396 ut
2925 4353 2977 4397 et
3000 4349 3314 4415 sospitatem
3359 4370 3456 4408 ve-

1869 4429 2034 4474 stram
2063 4424 2257 4491 smpius
2283 4439 2381 4479 nos
2410 4426 2592 4480 audire
2617 4430 2912 4498 contingat,
2937 4442 2992 4486 et
3016 4437 3164 4503 regni
3195 4427 3355 4497 veStri
3387 4443 3458 4498 fe-

179 4492 252 4545 tia
278 4495 564 4563 solidetur,
596 4507 862 4565 quatenus
901 4503 1230 4566 generalitas
1272 4504 1554 4563 evidenter
1593 4523 1761 4576 aguo-
1797 4507 1840 4564 D
1866 4513 2042 4567 licitas
2068 4529 2283 4584 semper
2311 4526 2622 4571 accrescat:
2655 4521 2778 4588 quia
2823 4523 2926 4577 tale
2957 4492 3139 4580 vottun
3169 4544 3269 4584 nos
3301 4531 3458 4588 decet

178 4593 290 4636 seat
339 4587 536 4640 merito
579 4589 792 4644 venisse
838 4605 938 4644 nos
963 4591 1029 4644 ad
1077 4595 1394 4650 suavitatem
1426 4595 1641 4652 fmderis
1670 4615 1766 4669 per

178 4672 282 4726 tale
309 4675 583 4730 vinculum
609 4677 906 4734 charitatis.
939 4681 1007 4734 Et
1055 4683 1182 4750 quia
1233 4686 1400 4740 semel
1446 4688 1585 4742 bene
1635 4689 1765 4744 inita

178 4765 318 4820 nulla
348 4766 550 4822 debent
586 4772 856 4826 contraria
898 4774 1185 4829 occasione
1221 4778 1497 4845 suspendi,
1549 4781 1593 4834 si
1637 4782 1793 4851 quid_

179 4863 258 4910 est
285 4859 434 4928 quod
479 4857 794 4918 difﬁcultate
833 4865 914 4919 sui
944 4865 1100 4921 nobis
1127 4883 1237 4924 non
1280 4879 1498 4939 oportet
1538 4872 1764 4942 imponi,

178 4948 454 5014 sapientiae
483 4961 674 5006 vestrae
702 4954 1073 5014 moderatione
1103 4961 1396 5029 mitigetur,
1428 4971 1486 5017 ut
1511 4963 1758 5021 allectum

178 5050 336 5102 quem
365 5041 509 5097 circa
553 5056 778 5111 regnum
807 5056 1045 5102 vestrum
1073 5050 1275 5106 habere
1304 5054 1583 5122 cmpimus,
1613 5057 1759 5125 jugi-

179 5126 270 5182 bus
297 5130 492 5185 studiis
517 5147 830 5200 augeamus:
851 5135 1191 5207 Quapropter
1228 5142 1426 5210 exigite
1453 5153 1648 5198 vestra;
1674 5163 1762 5199 sa-

156 5217 389 5297 lpientire
412 5221 737 5287 ﬁrmitatem,
769 5233 825 5279 et
853 5226 991 5281 hanc
1018 5230 1170 5283 vobis
1193 5231 1424 5298 palmam
1453 5236 1759 5290 concordia:

179 5311 482 5374 specialiter
503 5312 796 5379 vindicate;
826 5324 883 5368 ut
909 5316 1049 5371 sicut
1078 5319 1480 5376 clementissimi
1521 5324 1757 5394 impera-

181 5400 306 5455 toris
331 5400 474 5458 l‘ama
500 5403 554 5456 in
584 5403 778 5472 ptmliis
805 5404 1004 5476 inclyta
1029 5406 1245 5477 dicitur,
1273 5411 1347 5465 ita
1377 5411 1430 5466 in
1458 5415 1606 5482 pacis
1639 5424 1759 5472 stu--

251 5595 275 5624 ι
314 5587 510 5667 Gratim
552 5603 918 5667 monimenta,
968 5593 1107 5650 forte
1134 5607 1424 5662 momenta,
1473 5607 1532 5653 ut
1585 5603 1742 5667 infra,
1776 5661 1782 5665 _

177 5653 266 5712 lib.
296 5664 577 5737 xt,_e_pist.
630 5663 714 5737 ὦ,
765 5653 917 5737 dixit,
965 5677 1240 5737 momenta
1293 5653 1748 5737 integritatisiﬂet

176 5740 353 5807 supra,
404 5731 496 5786 lib.
544 5735 768 5807 t,nepist.
799 5733 832 5784 4
859 5745 913 5788 et
958 5733 1041 5800 l9,
1094 5747 1365 5791 momenta
1409 5731 1660 5807 justitim';
1692 5751 1750 5797 et

176 5796 260 5851 lib.
294 5815 367 5869 ιγ,
397 5808 551 5871 epist.
581 5801 613 5854 5
635 5796 901 5858 momenta
930 5796 1228 5877 teqttitatis;
1254 5816 1306 5862 et
1332 5796 1488 5877 epist.
1514 5809 1600 5878 41,
1636 5796 1750 5869 mo-

1870 4605 2092 4674 habere,
2140 4607 2284 4674 quod
2331 4609 2555 4676 gloriam
2602 4612 2936 4681 salutemque
2981 4626 3214 4674 vestram
3254 4622 3458 4692 jugiter

1869 4697 2040 4764 possit
2068 4697 2377 4753 extendere.
2406 4697 2779 4767 Signiﬁcamus
2800 4704 2962 4757 etiam
2993 4723 3090 4776 pro
3113 4723 3292 4766 vestro
3328 4723 3455 4768 voto

1868 4785 1934 4837 ad
1968 4801 2160 4855 papam
2209 4787 2356 4842 urbis
2397 4787 2581 4842 Roma:
2629 4806 2728 4843 nos
2781 4791 2986 4848 litteras
3033 4785 3351 4868 destinasse,
3399 4811 3450 4856 ut

1869 4877 2205 4946 prmsentium
2241 4879 2427 4946 gerulo
2465 4879 2761 4935 litterarum
2805 4885 2942 4939 sine
2968 4887 3146 4956 aliqua
3191 4889 3454 4948 dilatione

1867 4967 2210 5034 respondeat,
2241 4977 2503 5036 quatenus
2532 4972 2621 5038 qui
2646 4987 2674 5024 a
2701 4973 2855 5028 vobis
2882 4975 3035 5042 dirigi
3062 4967 3276 5046 meruit,
3305 4981 3450 5035 cele-

1864 5057 2039 5111 ritatis
2092 5060 2316 5125 gratiam
2369 5070 2750 5128 consequatur.
2803 5063 2981 5118 Nostri
3037 5067 3179 5119 enim
3216 5069 3327 5121 voti
3364 5079 3448 5125 est

1862 5162 2054 5202 causas
2076 5162 2354 5216 emergere
2382 5151 2433 5202 in
2462 5153 2654 5221 quibus
2679 5154 2942 5220 possimus
2963 5157 3152 5209 vestris
3169 5157 3446 5215 desideriis

1863 5237 2085 5292 obedire
2114 5259 2126 5290 :
2152 5240 2276 5307 quia
2303 5239 2380 5295 sic
2411 5257 2508 5294 nos
2533 5241 2601 5297 ad
2641 5243 2962 5296 reddendam
2993 5243 3338 5303 dilrctionem
3366 5249 3447 5304 ef-

1863 5329 2103 5383 ﬁcaciter
2132 5346 2560 5396 commonemus,
2615 5334 2659 5388 si
2689 5334 2840 5388 vobis
2880 5336 2931 5388 in
2962 5336 3137 5405 aiiqua
3169 5348 3318 5408 parte
3345 5356 3445 5412 pa-

1859 5435 2092 5476 reamus.

1851 5620 2029 5692 menta
2061 5612 2264 5692 gratia}.
2297 5610 2386 5667 Sic
2409 5611 2548 5692 apud
2579 5609 2910 5680 Symmacln,
2935 5611 3160 5692 'III).-_ll-l,
3194 5616 3351 5692 epist.
3380 5619 3436 5692 ι,

1854 5680 2028 5753 meriti
2050 5691 2273 5750 angusta
2302 5690 2597 5753 momenta,
2626 5696 2723 5749 pro
2743 5694 2850 5748 quo
2871 5681 2983 5737 sola
3005 5682 3171 5740 editio
3197 5680 3436 5753 Froben;

1855 5749 1929 5802 nii
1958 5749 2304 5807 monumenta
2333 5752 2515 5806 habet.
2546 5749 2664 5805 Jun.
