  <div class='ocr_page' id='page_1' title='image "/cluster/home/n/w/nwhite01/storage/ocr_20150623/69/hvd.32044015469349/415.png"; bbox 0 0 4006 6454; ppageno 0'>
   <div class='ocr_carea' id='block_1_1' title="bbox 487 320 593 401">
    <p class='ocr_par' dir='ltr' id='par_1_1' title="bbox 487 320 593 401">
     <span class='ocr_line' id='line_1_1' title="bbox 487 320 593 401; baseline -0.009 0"><span class='ocrx_word' id='word_1_1' title='bbox 487 320 593 401; x_wconf 76' lang='lat' dir='ltr'><strong>sis</strong></span> 
     </span>
    </p>
   </div>
   <div class='ocr_carea' id='block_1_2' title="bbox 993 448 1549 521">
    <p class='ocr_par' dir='ltr' id='par_1_2' title="bbox 993 448 1549 521">
     <span class='ocr_line' id='line_1_2' title="bbox 993 448 1549 521; baseline 0.002 -18"><span class='ocrx_word' id='word_1_2' title='bbox 993 448 1322 506; x_wconf 72' lang='lat' dir='ltr'><strong>EPISTULA</strong></span> <span class='ocrx_word' id='word_1_3' title='bbox 1362 449 1549 521; x_wconf 75' lang='lat' dir='ltr'><strong>xxvi.</strong></span> 
     </span>
    </p>
   </div>
   <div class='ocr_carea' id='block_1_3' title="bbox 655 554 1898 597">
    <p class='ocr_par' dir='ltr' id='par_1_3' title="bbox 655 554 1898 597">
     <span class='ocr_line' id='line_1_3' title="bbox 655 554 1898 597; baseline -0.002 0"><span class='ocrx_word' id='word_1_4' title='bbox 655 554 954 597; x_wconf 68' lang='lat' dir='ltr'><strong>&quot;JSTINIANO</strong></span> <span class='ocrx_word' id='word_1_5' title='bbox 991 554 1315 596; x_wconf 67' lang='grc' dir='ltr'><strong>ιιιιιεκΑτοκι</strong></span> <span class='ocrx_word' id='word_1_6' title='bbox 1356 557 1738 595; x_wconf 70' lang='grc' dir='ltr'><strong>ΊΗΕΟΒΑΙΙΑΟΕΞ</strong></span> <span class='ocrx_word' id='word_1_7' title='bbox 1775 558 1898 595; x_wconf 71' lang='grc' dir='ltr'><strong>κει.</strong></span> 
     </span>
    </p>
   </div>
   <div class='ocr_carea' id='block_1_4' title="bbox 486 649 2074 732">
    <p class='ocr_par' dir='ltr' id='par_1_4' title="bbox 486 649 2074 732">
     <span class='ocr_line' id='line_1_4' title="bbox 486 649 2074 732; baseline -0.002 -26"><span class='ocrx_word' id='word_1_8' title='bbox 486 650 624 706; x_wconf 79' lang='lat' dir='ltr'><strong>Dicit</strong></span> <span class='ocrx_word' id='word_1_9' title='bbox 661 666 721 732; x_wconf 59' lang='lat' dir='ltr'><strong>se</strong></span> <span class='ocrx_word' id='word_1_10' title='bbox 756 649 977 719; x_wconf 85' lang='lat' dir='ltr'><strong>jussisse</strong></span> <span class='ocrx_word' id='word_1_11' title='bbox 1030 650 1336 732; x_wconf 66' lang='lat' dir='ltr'><strong>senatorem</strong></span> <span class='ocrx_word' id='word_1_12' title='bbox 1363 654 1676 732; x_wconf 61' lang='lat' dir='ltr'><strong>prtvfectum</strong></span> <span class='ocrx_word' id='word_1_13' title='bbox 1714 652 1962 732; x_wconf 3' lang='lat' dir='ltr'><strong>arietaria,</strong></span> <span class='ocrx_word' id='word_1_14' title='bbox 2003 651 2074 732; x_wconf 68' lang='lat' dir='ltr'><strong>ad</strong></span> 
     </span>
    </p>
   </div>
   <div class='ocr_carea' id='block_1_5' title="bbox 556 721 2069 790">
    <p class='ocr_par' dir='ltr' id='par_1_5' title="bbox 556 721 2069 790">
     <span class='ocr_line' id='line_1_5' title="bbox 556 721 2069 790; baseline -0.002 -14"><span class='ocrx_word' id='word_1_15' title='bbox 556 721 811 790; x_wconf 62' lang='lat' dir='ltr'><strong>pradium</strong></span> <span class='ocrx_word' id='word_1_16' title='bbox 857 721 1201 788; x_wconf 82' lang='lat' dir='ltr'><strong>quarumdam</strong></span> <span class='ocrx_word' id='word_1_17' title='bbox 1240 721 1544 775; x_wconf 78' lang='lat' dir='ltr'><strong>moui-alium</strong></span> <span class='ocrx_word' id='word_1_18' title='bbox 1589 722 1867 782; x_wconf 79' lang='lat' dir='ltr'><strong>accedere;</strong></span> <span class='ocrx_word' id='word_1_19' title='bbox 1909 731 1985 782; x_wconf 86' lang='lat' dir='ltr'><strong>ut,</strong></span> <span class='ocrx_word' id='word_1_20' title='bbox 2024 722 2069 774; x_wconf 85' lang='lat' dir='ltr'><strong>si</strong></span> 
     </span>
    </p>
   </div>
   <div class='ocr_carea' id='block_1_6' title="bbox 550 790 2077 861">
    <p class='ocr_par' dir='ltr' id='par_1_6' title="bbox 550 790 2077 861">
     <span class='ocr_line' id='line_1_6' title="bbox 550 790 2077 861; baseline -0.001 -16"><span class='ocrx_word' id='word_1_21' title='bbox 550 792 680 861; x_wconf 72' lang='lat' dir='ltr'><strong>quid</strong></span> <span class='ocrx_word' id='word_1_22' title='bbox 717 791 764 843; x_wconf 88' lang='lat' dir='ltr'><strong>ei</strong></span> <span class='ocrx_word' id='word_1_23' title='bbox 810 791 1021 861; x_wconf 57' lang='lat' dir='ltr'><strong>injuria:</strong></span> <span class='ocrx_word' id='word_1_24' title='bbox 1068 807 1320 860; x_wconf 80' lang='lat' dir='ltr'><strong>aquarum</strong></span> <span class='ocrx_word' id='word_1_25' title='bbox 1356 790 1585 844; x_wconf 83' lang='lat' dir='ltr'><strong>intulerit</strong></span> <span class='ocrx_word' id='word_1_26' title='bbox 1627 791 1847 861; x_wconf 73' lang='lat' dir='ltr'><strong>illuvies,</strong></span> <span class='ocrx_word' id='word_1_27' title='bbox 1882 791 2077 844; x_wconf 80' lang='lat' dir='ltr'><strong>tributa</strong></span> 
     </span>
    </p>
   </div>
   <div class='ocr_carea' id='block_1_7' title="bbox 554 858 2073 933">
    <p class='ocr_par' dir='ltr' id='par_1_7' title="bbox 554 858 2073 933">
     <span class='ocr_line' id='line_1_7' title="bbox 554 858 2073 933; baseline 0.001 -21"><span class='ocrx_word' id='word_1_28' title='bbox 554 858 786 933; x_wconf 70' lang='lat' dir='ltr'><strong>abrogat.</strong></span> <span class='ocrx_word' id='word_1_29' title='bbox 822 858 950 911; x_wconf 82' lang='lat' dir='ltr'><strong>Tum</strong></span> <span class='ocrx_word' id='word_1_30' title='bbox 977 858 1249 929; x_wconf 78' lang='lat' dir='ltr'><strong>respondet</strong></span> <span class='ocrx_word' id='word_1_31' title='bbox 1278 860 1342 912; x_wconf 84' lang='lat' dir='ltr'><strong>iis</strong></span> <span class='ocrx_word' id='word_1_32' title='bbox 1372 876 1488 930; x_wconf 75' lang='lat' dir='ltr'><strong>qua:</strong></span> <span class='ocrx_word' id='word_1_33' title='bbox 1522 862 1585 913; x_wconf 81' lang='lat' dir='ltr'><strong>de</strong></span> <span class='ocrx_word' id='word_1_34' title='bbox 1621 860 1911 915; x_wconf 81' lang='lat' dir='ltr'><strong>Veranilda</strong></span> <span class='ocrx_word' id='word_1_35' title='bbox 1944 864 2073 914; x_wconf 77' lang='lat' dir='ltr'><strong>srri-</strong></span> 
     </span>
    </p>
   </div>
   <div class='ocr_carea' id='block_1_8' title="bbox 559 940 757 1000">
    <p class='ocr_par' dir='ltr' id='par_1_8' title="bbox 559 940 757 1000">
     <span class='ocr_line' id='line_1_8' title="bbox 559 940 757 1000; baseline -0.01 -15"><span class='ocrx_word' id='word_1_36' title='bbox 559 940 757 1000; x_wconf 83' lang='lat' dir='ltr'><strong>pserat.</strong></span> 
     </span>
    </p>
   </div>
   <div class='ocr_carea' id='block_1_9' title="bbox 560 1019 2080 1090">
    <p class='ocr_par' dir='ltr' id='par_1_9' title="bbox 560 1019 2080 1090">
     <span class='ocr_line' id='line_1_9' title="bbox 560 1019 2080 1090; baseline 0.001 -14"><span class='ocrx_word' id='word_1_37' title='bbox 560 1020 915 1090; x_wconf 85' lang='lat' dir='ltr'><strong>lntelligimus</strong></span> <span class='ocrx_word' id='word_1_38' title='bbox 942 1019 1253 1076; x_wconf 73' lang='lat' dir='ltr'><strong>serenitatis</strong></span> <span class='ocrx_word' id='word_1_39' title='bbox 1293 1028 1482 1075; x_wconf 76' lang='lat' dir='ltr'><strong>vestra:</strong></span> <span class='ocrx_word' id='word_1_40' title='bbox 1510 1022 1735 1089; x_wconf 88' lang='lat' dir='ltr'><strong>gratiam</strong></span> <span class='ocrx_word' id='word_1_41' title='bbox 1767 1024 2080 1077; x_wconf 73' lang='lat' dir='ltr'><strong>muneribus</strong></span> 
     </span>
    </p>
   </div>
   <div class='ocr_carea' id='block_1_10' title="bbox 490 1112 2080 1179">
    <p class='ocr_par' dir='ltr' id='par_1_10' title="bbox 490 1112 2080 1179">
     <span class='ocr_line' id='line_1_10' title="bbox 490 1112 2080 1179; baseline -0.001 -10"><span class='ocrx_word' id='word_1_42' title='bbox 490 1114 741 1169; x_wconf 88' lang='lat' dir='ltr'><strong>omnibus</strong></span> <span class='ocrx_word' id='word_1_43' title='bbox 769 1112 1040 1175; x_wconf 82' lang='lat' dir='ltr'><strong>ditiorem,</strong></span> <span class='ocrx_word' id='word_1_44' title='bbox 1071 1112 1288 1179; x_wconf 85' lang='lat' dir='ltr'><strong>quando</strong></span> <span class='ocrx_word' id='word_1_45' title='bbox 1330 1112 1418 1166; x_wconf 91' lang='lat' dir='ltr'><strong>illa</strong></span> <span class='ocrx_word' id='word_1_46' title='bbox 1447 1128 1545 1167; x_wconf 92' lang='lat' dir='ltr'><strong>nos</strong></span> <span class='ocrx_word' id='word_1_47' title='bbox 1586 1114 1873 1168; x_wconf 77' lang='lat' dir='ltr'><strong>hortamini</strong></span> <span class='ocrx_word' id='word_1_48' title='bbox 1902 1114 2080 1169; x_wconf 87' lang='lat' dir='ltr'><strong>facere</strong></span> 
     </span>
    </p>
   </div>
   <div class='ocr_carea' id='block_1_11' title="bbox 468 1202 2078 1275">
    <p class='ocr_par' dir='ltr' id='par_1_11' title="bbox 468 1202 2078 1275">
     <span class='ocr_line' id='line_1_11' title="bbox 468 1202 2078 1275; baseline 0 -18"><span class='ocrx_word' id='word_1_49' title='bbox 468 1218 611 1275; x_wconf 57' lang='lat' dir='ltr'><strong>quae</strong></span> <span class='ocrx_word' id='word_1_50' title='bbox 632 1202 703 1257; x_wconf 89' lang='lat' dir='ltr'><strong>ad</strong></span> <span class='ocrx_word' id='word_1_51' title='bbox 726 1202 1027 1257; x_wconf 80' lang='lat' dir='ltr'><strong>mercedem</strong></span> <span class='ocrx_word' id='word_1_52' title='bbox 1058 1211 1298 1256; x_wconf 89' lang='lat' dir='ltr'><strong>nostram</strong></span> <span class='ocrx_word' id='word_1_53' title='bbox 1321 1204 1529 1272; x_wconf 86' lang='lat' dir='ltr'><strong>possint</strong></span> <span class='ocrx_word' id='word_1_54' title='bbox 1556 1205 1881 1260; x_wconf 89' lang='lat' dir='ltr'><strong>omnimodis</strong></span> <span class='ocrx_word' id='word_1_55' title='bbox 1910 1205 2078 1274; x_wconf 82' lang='lat' dir='ltr'><strong>perti-</strong></span> 
     </span>
    </p>
   </div>
   <div class='ocr_carea' id='block_1_12' title="bbox 472 1291 2082 1365">
    <p class='ocr_par' dir='ltr' id='par_1_12' title="bbox 472 1291 2082 1365">
     <span class='ocr_line' id='line_1_12' title="bbox 472 1291 2082 1365; baseline 0 -16"><span class='ocrx_word' id='word_1_56' title='bbox 472 1308 645 1349; x_wconf 55' lang='lat' dir='ltr'><strong>vnere.</strong></span> <span class='ocrx_word' id='word_1_57' title='bbox 679 1291 810 1347; x_wconf 77' lang='lat' dir='ltr'><strong>Tale</strong></span> <span class='ocrx_word' id='word_1_58' title='bbox 840 1292 1105 1363; x_wconf 80' lang='lat' dir='ltr'><strong>siquidem</strong></span> <span class='ocrx_word' id='word_1_59' title='bbox 1148 1302 1330 1349; x_wconf 87' lang='lat' dir='ltr'><strong>votum</strong></span> <span class='ocrx_word' id='word_1_60' title='bbox 1369 1309 1585 1365; x_wconf 84' lang='lat' dir='ltr'><strong>semper</strong></span> <span class='ocrx_word' id='word_1_61' title='bbox 1616 1297 1849 1350; x_wconf 83' lang='lat' dir='ltr'><strong>amantis</strong></span> <span class='ocrx_word' id='word_1_62' title='bbox 1887 1305 1988 1360; x_wconf 89' lang='lat' dir='ltr'><strong>est,</strong></span> <span class='ocrx_word' id='word_1_63' title='bbox 2024 1304 2082 1349; x_wconf 91' lang='lat' dir='ltr'><strong>ut</strong></span> 
     </span>
    </p>
   </div>
   <div class='ocr_carea' id='block_1_13' title="bbox 472 1370 2080 1460">
    <p class='ocr_par' dir='ltr' id='par_1_13' title="bbox 472 1370 2080 1460">
     <span class='ocr_line' id='line_1_13' title="bbox 472 1370 2080 1460; baseline 0 -19"><span class='ocrx_word' id='word_1_64' title='bbox 472 1370 693 1442; x_wconf 57' lang='lat' dir='ltr'><strong>~causas&#39;</strong></span> <span class='ocrx_word' id='word_1_65' title='bbox 714 1398 816 1439; x_wconf 90' lang='lat' dir='ltr'><strong>nos</strong></span> <span class='ocrx_word' id='word_1_66' title='bbox 843 1385 1225 1440; x_wconf 79' lang='lat' dir='ltr'><strong>misericordiae</strong></span> <span class='ocrx_word' id='word_1_67' title='bbox 1254 1386 1429 1440; x_wconf 86' lang='lat' dir='ltr'><strong>velitis</strong></span> <span class='ocrx_word' id='word_1_68' title='bbox 1457 1401 1640 1454; x_wconf 87' lang='lat' dir='ltr'><strong>agere,</strong></span> <span class='ocrx_word' id='word_1_69' title='bbox 1666 1403 1785 1460; x_wconf 77' lang='lat' dir='ltr'><strong>qua:</strong></span> <span class='ocrx_word' id='word_1_70' title='bbox 1814 1403 1913 1442; x_wconf 91' lang='lat' dir='ltr'><strong>nos</strong></span> <span class='ocrx_word' id='word_1_71' title='bbox 1940 1388 2080 1441; x_wconf 89' lang='lat' dir='ltr'><strong>divi-</strong></span> 
     </span>
    </p>
   </div>
   <div class='ocr_carea' id='block_1_14' title="bbox 478 1474 2081 1548">
    <p class='ocr_par' dir='ltr' id='par_1_14' title="bbox 478 1474 2081 1548">
     <span class='ocr_line' id='line_1_14' title="bbox 478 1474 2081 1548; baseline 0.003 -19"><span class='ocrx_word' id='word_1_72' title='bbox 478 1491 577 1530; x_wconf 58' lang='lat' dir='ltr'><strong>.naz</strong></span> <span class='ocrx_word' id='word_1_73' title='bbox 596 1475 804 1547; x_wconf 83' lang='lat' dir='ltr'><strong>possint</strong></span> <span class='ocrx_word' id='word_1_74' title='bbox 831 1474 1221 1530; x_wconf 82' lang='lat' dir='ltr'><strong>commendare</strong></span> <span class='ocrx_word' id='word_1_75' title='bbox 1246 1477 1523 1546; x_wconf 65' lang='lat' dir='ltr'><strong>potentia).</strong></span> <span class='ocrx_word' id='word_1_76' title='bbox 1558 1477 1623 1531; x_wconf 87' lang='lat' dir='ltr'><strong>Et</strong></span> <span class='ocrx_word' id='word_1_77' title='bbox 1652 1479 1773 1533; x_wconf 88' lang='lat' dir='ltr'><strong>ideo</strong></span> <span class='ocrx_word' id='word_1_78' title='bbox 1802 1479 2081 1548; x_wconf 82' lang='lat' dir='ltr'><strong>significa-</strong></span> 
     </span>
    </p>
   </div>
   <div class='ocr_carea' id='block_1_15' title="bbox 492 1564 2081 1638">
    <p class='ocr_par' dir='ltr' id='par_1_15' title="bbox 492 1564 2081 1638">
     <span class='ocr_line' id='line_1_15' title="bbox 492 1564 2081 1638; baseline 0.003 -19"><span class='ocrx_word' id='word_1_79' title='bbox 492 1580 615 1619; x_wconf 81' lang='lat' dir='ltr'><strong>mus</strong></span> <span class='ocrx_word' id='word_1_80' title='bbox 664 1564 846 1633; x_wconf 66' lang='lat' dir='ltr'><strong>gloriae</strong></span> <span class='ocrx_word' id='word_1_81' title='bbox 892 1572 1087 1619; x_wconf 68' lang='lat' dir='ltr'><strong>vestrae</strong></span> <span class='ocrx_word' id='word_1_82' title='bbox 1135 1568 1529 1622; x_wconf 86' lang='lat' dir='ltr'><strong>monasterium</strong></span> <span class='ocrx_word' id='word_1_83' title='bbox 1584 1568 1903 1624; x_wconf 89' lang='lat' dir='ltr'><strong>famularum</strong></span> <span class='ocrx_word' id='word_1_84' title='bbox 1953 1570 2081 1638; x_wconf 85' lang='lat' dir='ltr'><strong>Dei,</strong></span> 
     </span>
    </p>
   </div>
   <div class='ocr_carea' id='block_1_16' title="bbox 494 1652 2085 1725">
    <p class='ocr_par' dir='ltr' id='par_1_16' title="bbox 494 1652 2085 1725">
     <span class='ocr_line' id='line_1_16' title="bbox 494 1652 2085 1725; baseline 0.003 -18"><span class='ocrx_word' id='word_1_85' title='bbox 494 1653 641 1723; x_wconf 82' lang='lat' dir='ltr'><strong>quod</strong></span> <span class='ocrx_word' id='word_1_86' title='bbox 684 1652 835 1707; x_wconf 85' lang='lat' dir='ltr'><strong>vobis</strong></span> <span class='ocrx_word' id='word_1_87' title='bbox 876 1652 1203 1708; x_wconf 88' lang='lat' dir='ltr'><strong>insinuatum</strong></span> <span class='ocrx_word' id='word_1_88' title='bbox 1249 1662 1355 1722; x_wconf 88' lang='lat' dir='ltr'><strong>est,</strong></span> <span class='ocrx_word' id='word_1_89' title='bbox 1384 1657 1708 1711; x_wconf 86' lang='lat' dir='ltr'><strong>tributorum</strong></span> <span class='ocrx_word' id='word_1_90' title='bbox 1753 1658 1903 1725; x_wconf 90' lang='lat' dir='ltr'><strong>gravi</strong></span> <span class='ocrx_word' id='word_1_91' title='bbox 1933 1666 2085 1713; x_wconf 88' lang='lat' dir='ltr'><strong>sorte</strong></span> 
     </span>
    </p>
   </div>
   <div class='ocr_carea' id='block_1_17' title="bbox 495 1741 2085 1820">
    <p class='ocr_par' dir='ltr' id='par_1_17' title="bbox 495 1741 2085 1820">
     <span class='ocr_line' id='line_1_17' title="bbox 495 1741 2085 1820; baseline 0.003 -22"><span class='ocrx_word' id='word_1_92' title='bbox 495 1743 761 1807; x_wconf 83' lang='lat' dir='ltr'><strong>laborare,</strong></span> <span class='ocrx_word' id='word_1_93' title='bbox 802 1757 869 1797; x_wconf 92' lang='lat' dir='ltr'><strong>eo</strong></span> <span class='ocrx_word' id='word_1_94' title='bbox 895 1741 1044 1811; x_wconf 90' lang='lat' dir='ltr'><strong>quod</strong></span> <span class='ocrx_word' id='word_1_95' title='bbox 1085 1758 1214 1813; x_wconf 86' lang='lat' dir='ltr'><strong>ager</strong></span> <span class='ocrx_word' id='word_1_96' title='bbox 1251 1746 1369 1814; x_wconf 86' lang='lat' dir='ltr'><strong>ejus</strong></span> <span class='ocrx_word' id='word_1_97' title='bbox 1398 1746 1559 1801; x_wconf 89' lang='lat' dir='ltr'><strong>nimia</strong></span> <span class='ocrx_word' id='word_1_98' title='bbox 1588 1748 1935 1804; x_wconf 83' lang='lat' dir='ltr'><strong>inundatione</strong></span> <span class='ocrx_word' id='word_1_99' title='bbox 1962 1766 2085 1820; x_wconf 89' lang='lat' dir='ltr'><strong>pcr-</strong></span> 
     </span>
    </p>
   </div>
   <div class='ocr_carea' id='block_1_18' title="bbox 1714 330 2541 395">
    <p class='ocr_par' dir='ltr' id='par_1_18' title="bbox 1714 330 2541 395">
     <span class='ocr_line' id='line_1_18' title="bbox 1714 330 2541 395; baseline 0.002 -3"><span class='ocrx_word' id='word_1_100' title='bbox 1714 334 1784 392; x_wconf 83' lang='lat' dir='ltr'><strong>M.</strong></span> <span class='ocrx_word' id='word_1_101' title='bbox 1826 330 2103 393; x_wconf 77' lang='lat' dir='ltr'><strong>AURELII</strong></span> <span class='ocrx_word' id='word_1_102' title='bbox 2143 334 2541 395; x_wconf 72' lang='lat' dir='ltr'><strong>CASSIODORI</strong></span> 
     </span>
    </p>
   </div>
   <div class='ocr_carea' id='block_1_19' title="bbox 2094 454 3772 537">
    <p class='ocr_par' dir='ltr' id='par_1_19' title="bbox 2094 454 3772 537">
     <span class='ocr_line' id='line_1_19' title="bbox 2094 454 3772 537; baseline 0.008 -26"><span class='ocrx_word' id='word_1_103' title='bbox 2094 454 2143 511; x_wconf 79' lang='grc' dir='ltr'><strong>Δ</strong></span> <span class='ocrx_word' id='word_1_104' title='bbox 2172 454 2380 523; x_wconf 88' lang='lat' dir='ltr'><strong>stituta,</strong></span> <span class='ocrx_word' id='word_1_105' title='bbox 2414 466 2472 511; x_wconf 91' lang='lat' dir='ltr'><strong>ut</strong></span> <span class='ocrx_word' id='word_1_106' title='bbox 2491 458 2559 511; x_wconf 91' lang='lat' dir='ltr'><strong>de</strong></span> <span class='ocrx_word' id='word_1_107' title='bbox 2588 457 2836 529; x_wconf 89' lang='lat' dir='ltr'><strong>repositis</strong></span> <span class='ocrx_word' id='word_1_108' title='bbox 2870 461 3042 531; x_wconf 88' lang='lat' dir='ltr'><strong>copiis</strong></span> <span class='ocrx_word' id='word_1_109' title='bbox 3072 460 3332 531; x_wconf 82' lang='lat' dir='ltr'><strong>populum</strong></span> <span class='ocrx_word' id='word_1_110' title='bbox 3362 470 3613 521; x_wconf 81' lang='lat' dir='ltr'><strong>saturare</strong></span> <span class='ocrx_word' id='word_1_111' title='bbox 3641 480 3772 537; x_wconf 85' lang='lat' dir='ltr'><strong>pos-</strong></span> 
     </span>
    </p>
   </div>
   <div class='ocr_carea' id='block_1_20' title="bbox 3660 344 3767 404">
    <p class='ocr_par' dir='ltr' id='par_1_20' title="bbox 3660 344 3767 404">
     <span class='ocr_line' id='line_1_20' title="bbox 3660 344 3767 404; baseline 0 -1"><span class='ocrx_word' id='word_1_112' title='bbox 3660 344 3767 404; x_wconf 66' lang='lat'><strong>816</strong></span> 
     </span>
    </p>
   </div>
   <div class='ocr_carea' id='block_1_21' title="bbox 2178 546 3769 625">
    <p class='ocr_par' dir='ltr' id='par_1_21' title="bbox 2178 546 3769 625">
     <span class='ocr_line' id='line_1_21' title="bbox 2178 546 3769 625; baseline 0.009 -26"><span class='ocrx_word' id='word_1_113' title='bbox 2178 547 2325 611; x_wconf 90' lang='lat' dir='ltr'><strong>setis,</strong></span> <span class='ocrx_word' id='word_1_114' title='bbox 2377 546 2679 616; x_wconf 78' lang='lat' dir='ltr'><strong>Liguribus,</strong></span> <span class='ocrx_word' id='word_1_115' title='bbox 2725 566 2862 619; x_wconf 84' lang='lat' dir='ltr'><strong>quos</strong></span> <span class='ocrx_word' id='word_1_116' title='bbox 2912 560 3089 607; x_wconf 85' lang='lat' dir='ltr'><strong>tamen</strong></span> <span class='ocrx_word' id='word_1_117' title='bbox 3142 554 3379 622; x_wconf 78' lang='lat' dir='ltr'><strong>indigere</strong></span> <span class='ocrx_word' id='word_1_118' title='bbox 3416 560 3769 625; x_wconf 77' lang='lat' dir='ltr'><strong>cognoscitis,</strong></span> 
     </span>
    </p>
   </div>
   <div class='ocr_carea' id='block_1_22' title="bbox 2179 638 3771 718">
    <p class='ocr_par' dir='ltr' id='par_1_22' title="bbox 2179 638 3771 718">
     <span class='ocr_line' id='line_1_22' title="bbox 2179 638 3771 718; baseline 0.011 -30"><span class='ocrx_word' id='word_1_119' title='bbox 2179 638 2390 691; x_wconf 85' lang='lat' dir='ltr'><strong>tertiam</strong></span> <span class='ocrx_word' id='word_1_120' title='bbox 2442 641 2744 709; x_wconf 87' lang='lat' dir='ltr'><strong>portionem</strong></span> <span class='ocrx_word' id='word_1_121' title='bbox 2776 659 2842 697; x_wconf 81' lang='lat' dir='ltr'><strong>ex</strong></span> <span class='ocrx_word' id='word_1_122' title='bbox 2900 645 3108 699; x_wconf 84' lang='lat' dir='ltr'><strong>horreis</strong></span> <span class='ocrx_word' id='word_1_123' title='bbox 3171 644 3550 702; x_wconf 83' lang='lat' dir='ltr'><strong>Ticinensibus</strong></span> <span class='ocrx_word' id='word_1_124' title='bbox 3606 660 3771 718; x_wconf 84' lang='lat' dir='ltr'><strong>atque</strong></span> 
     </span>
    </p>
   </div>
   <div class='ocr_carea' id='block_1_23' title="bbox 2178 727 3767 809">
    <p class='ocr_par' dir='ltr' id='par_1_23' title="bbox 2178 727 3767 809">
     <span class='ocr_line' id='line_1_23' title="bbox 2178 727 3767 809; baseline 0.007 -28"><span class='ocrx_word' id='word_1_125' title='bbox 2178 727 2598 787; x_wconf 84' lang='lat' dir='ltr'><strong>Dertonensibus</strong></span> <span class='ocrx_word' id='word_1_126' title='bbox 2654 750 2751 803; x_wconf 88' lang='lat' dir='ltr'><strong>per</strong></span> <span class='ocrx_word' id='word_1_127' title='bbox 2798 734 3029 789; x_wconf 89' lang='lat' dir='ltr'><strong>solidum</strong></span> <span class='ocrx_word' id='word_1_128' title='bbox 3077 737 3265 805; x_wconf 78' lang='lat' dir='ltr'><strong>viginti</strong></span> <span class='ocrx_word' id='word_1_129' title='bbox 3323 737 3464 809; x_wconf 69' lang='lat' dir='ltr'><strong>{Cu}.</strong></span> <span class='ocrx_word' id='word_1_130' title='bbox 3508 749 3560 791; x_wconf 83' lang='lat' dir='ltr'><strong>et</strong></span> <span class='ocrx_word' id='word_1_131' title='bbox 3612 738 3767 807; x_wconf 65' lang='lat' dir='ltr'><strong>Fon,</strong></span> 
     </span>
    </p>
   </div>
   <div class='ocr_carea' id='block_1_24' title="bbox 2178 822 3769 895">
    <p class='ocr_par' dir='ltr' id='par_1_24' title="bbox 2178 822 3769 895">
     <span class='ocr_line' id='line_1_24' title="bbox 2178 822 3769 895; baseline 0.007 -21"><span class='ocrx_word' id='word_1_132' title='bbox 2178 822 2511 894; x_wconf 85' lang='lat' dir='ltr'><strong>quindecim]</strong></span> <span class='ocrx_word' id='word_1_133' title='bbox 2550 825 2788 895; x_wconf 86' lang='lat' dir='ltr'><strong>quinque</strong></span> <span class='ocrx_word' id='word_1_134' title='bbox 2834 826 3048 880; x_wconf 85' lang='lat' dir='ltr'><strong>modios</strong></span> <span class='ocrx_word' id='word_1_135' title='bbox 3087 827 3310 882; x_wconf 85' lang='lat' dir='ltr'><strong>distrahi</strong></span> <span class='ocrx_word' id='word_1_136' title='bbox 3342 830 3634 884; x_wconf 83' lang='lat' dir='ltr'><strong>censitote.</strong></span> <span class='ocrx_word' id='word_1_137' title='bbox 3670 830 3769 885; x_wconf 76' lang='lat' dir='ltr'><strong>Ve-</strong></span> 
     </span>
    </p>
   </div>
   <div class='ocr_carea' id='block_1_25' title="bbox 2179 914 3769 986">
    <p class='ocr_par' dir='ltr' id='par_1_25' title="bbox 2179 914 3769 986">
     <span class='ocr_line' id='line_1_25' title="bbox 2179 914 3769 986; baseline 0.006 -20"><span class='ocrx_word' id='word_1_138' title='bbox 2179 914 2318 968; x_wconf 83' lang='lat' dir='ltr'><strong>netis</strong></span> <span class='ocrx_word' id='word_1_139' title='bbox 2347 923 2525 969; x_wconf 89' lang='lat' dir='ltr'><strong>autem</strong></span> <span class='ocrx_word' id='word_1_140' title='bbox 2573 931 2641 970; x_wconf 75' lang='lat' dir='ltr'><strong>ex</strong></span> <span class='ocrx_word' id='word_1_141' title='bbox 2672 917 2953 972; x_wconf 85' lang='lat' dir='ltr'><strong>Tarvisino</strong></span> <span class='ocrx_word' id='word_1_142' title='bbox 2992 929 3153 986; x_wconf 77' lang='lat' dir='ltr'><strong>atque</strong></span> <span class='ocrx_word' id='word_1_143' title='bbox 3202 916 3518 975; x_wconf 79' lang='lat' dir='ltr'><strong>Tridentino</strong></span> <span class='ocrx_word' id='word_1_144' title='bbox 3562 922 3769 975; x_wconf 76' lang='lat' dir='ltr'><strong>horreis</strong></span> 
     </span>
    </p>
   </div>
   <div class='ocr_carea' id='block_1_26' title="bbox 2180 1002 3767 1077">
    <p class='ocr_par' dir='ltr' id='par_1_26' title="bbox 2180 1002 3767 1077">
     <span class='ocr_line' id='line_1_26' title="bbox 2180 1002 3767 1077; baseline 0.004 -21"><span class='ocrx_word' id='word_1_145' title='bbox 2180 1002 2249 1057; x_wconf 88' lang='lat' dir='ltr'><strong>ad</strong></span> <span class='ocrx_word' id='word_1_146' title='bbox 2285 1004 2559 1060; x_wconf 87' lang='lat' dir='ltr'><strong>definitam</strong></span> <span class='ocrx_word' id='word_1_147' title='bbox 2610 1010 2856 1076; x_wconf 84' lang='lat' dir='ltr'><strong>superius</strong></span> <span class='ocrx_word' id='word_1_148' title='bbox 2906 1010 3261 1077; x_wconf 83' lang='lat' dir='ltr'><strong>quantitatem</strong></span> <span class='ocrx_word' id='word_1_149' title='bbox 3306 1011 3433 1064; x_wconf 83' lang='lat' dir='ltr'><strong>item</strong></span> <span class='ocrx_word' id='word_1_150' title='bbox 3464 1006 3586 1065; x_wconf 84' lang='lat' dir='ltr'><strong>dari</strong></span> <span class='ocrx_word' id='word_1_151' title='bbox 3617 1011 3767 1065; x_wconf 75' lang='lat' dir='ltr'><strong>facite</strong></span> 
     </span>
    </p>
   </div>
   <div class='ocr_carea' id='block_1_27' title="bbox 2181 1096 3767 1172">
    <p class='ocr_par' dir='ltr' id='par_1_27' title="bbox 2181 1096 3767 1172">
     <span class='ocr_line' id='line_1_27' title="bbox 2181 1096 3767 1172; baseline 0.006 -25"><span class='ocrx_word' id='word_1_152' title='bbox 2181 1096 2395 1150; x_wconf 81' lang='lat' dir='ltr'><strong>tertiam</strong></span> <span class='ocrx_word' id='word_1_153' title='bbox 2447 1098 2785 1167; x_wconf 77' lang='lat' dir='ltr'><strong>portionem;</strong></span> <span class='ocrx_word' id='word_1_154' title='bbox 2840 1108 2896 1152; x_wconf 84' lang='lat' dir='ltr'><strong>ut</strong></span> <span class='ocrx_word' id='word_1_155' title='bbox 2944 1101 3200 1154; x_wconf 88' lang='lat' dir='ltr'><strong>miserata</strong></span> <span class='ocrx_word' id='word_1_156' title='bbox 3249 1098 3511 1156; x_wconf 84' lang='lat' dir='ltr'><strong>Divinitas</strong></span> <span class='ocrx_word' id='word_1_157' title='bbox 3560 1104 3767 1172; x_wconf 78' lang='lat' dir='ltr'><strong>capiam</strong></span> 
     </span>
    </p>
   </div>
   <div class='ocr_carea' id='block_1_28' title="bbox 2181 1185 3768 1263">
    <p class='ocr_par' dir='ltr' id='par_1_28' title="bbox 2181 1185 3768 1263">
     <span class='ocr_line' id='line_1_28' title="bbox 2181 1185 3768 1263; baseline 0.007 -25"><span class='ocrx_word' id='word_1_158' title='bbox 2181 1185 2359 1253; x_wconf 85' lang='lat' dir='ltr'><strong>largiri</strong></span> <span class='ocrx_word' id='word_1_159' title='bbox 2387 1189 2580 1257; x_wconf 87' lang='lat' dir='ltr'><strong>possit,</strong></span> <span class='ocrx_word' id='word_1_160' title='bbox 2604 1205 2771 1258; x_wconf 88' lang='lat' dir='ltr'><strong>quam</strong></span> <span class='ocrx_word' id='word_1_161' title='bbox 2796 1191 3043 1245; x_wconf 83' lang='lat' dir='ltr'><strong>homines</strong></span> <span class='ocrx_word' id='word_1_162' title='bbox 3073 1192 3125 1245; x_wconf 85' lang='lat' dir='ltr'><strong>in</strong></span> <span class='ocrx_word' id='word_1_163' title='bbox 3153 1208 3210 1247; x_wconf 80' lang='lat' dir='ltr'><strong>se</strong></span> <span class='ocrx_word' id='word_1_164' title='bbox 3239 1194 3548 1249; x_wconf 78' lang='lat' dir='ltr'><strong>exercuisse</strong></span> <span class='ocrx_word' id='word_1_165' title='bbox 3571 1210 3768 1263; x_wconf 83' lang='lat' dir='ltr'><strong>cogno-</strong></span> 
     </span>
    </p>
   </div>
   <div class='ocr_carea' id='block_1_29' title="bbox 2180 1278 3765 1339">
    <p class='ocr_par' dir='ltr' id='par_1_29' title="bbox 2180 1278 3765 1339">
     <span class='ocr_line' id='line_1_29' title="bbox 2180 1278 3765 1339; baseline 0.003 -6"><span class='ocrx_word' id='word_1_166' title='bbox 2180 1279 2307 1333; x_wconf 89' lang='lat' dir='ltr'><strong>scit.</strong></span> <span class='ocrx_word' id='word_1_167' title='bbox 2360 1278 2427 1331; x_wconf 85' lang='lat' dir='ltr'><strong>Et</strong></span> <span class='ocrx_word' id='word_1_168' title='bbox 2457 1279 2580 1333; x_wconf 89' lang='lat' dir='ltr'><strong>ideo</strong></span> <span class='ocrx_word' id='word_1_169' title='bbox 2614 1281 2749 1335; x_wconf 89' lang='lat' dir='ltr'><strong>tales</strong></span> <span class='ocrx_word' id='word_1_170' title='bbox 2788 1282 2934 1335; x_wconf 83' lang='lat' dir='ltr'><strong>viros</strong></span> <span class='ocrx_word' id='word_1_171' title='bbox 2982 1281 3069 1336; x_wconf 83' lang='lat' dir='ltr'><strong>his</strong></span> <span class='ocrx_word' id='word_1_172' title='bbox 3105 1282 3572 1339; x_wconf 81' lang='lat' dir='ltr'><strong>distributionibus</strong></span> <span class='ocrx_word' id='word_1_173' title='bbox 3617 1285 3765 1338; x_wconf 87' lang='lat' dir='ltr'><strong>adhi-</strong></span> 
     </span>
    </p>
   </div>
   <div class='ocr_carea' id='block_1_30' title="bbox 2180 1373 3767 1448">
    <p class='ocr_par' dir='ltr' id='par_1_30' title="bbox 2180 1373 3767 1448">
     <span class='ocr_line' id='line_1_30' title="bbox 2180 1373 3767 1448; baseline 0.004 -22"><span class='ocrx_word' id='word_1_174' title='bbox 2180 1373 2325 1438; x_wconf 87' lang='lat' dir='ltr'><strong>bete,</strong></span> <span class='ocrx_word' id='word_1_175' title='bbox 2357 1382 2415 1427; x_wconf 93' lang='lat' dir='ltr'><strong>ut</strong></span> <span class='ocrx_word' id='word_1_176' title='bbox 2444 1374 2772 1442; x_wconf 84' lang='lat' dir='ltr'><strong>indulgentia</strong></span> <span class='ocrx_word' id='word_1_177' title='bbox 2824 1384 3010 1429; x_wconf 83' lang='lat' dir='ltr'><strong>nostra</strong></span> <span class='ocrx_word' id='word_1_178' title='bbox 3051 1378 3283 1431; x_wconf 82' lang='lat' dir='ltr'><strong>maxime</strong></span> <span class='ocrx_word' id='word_1_179' title='bbox 3326 1376 3392 1430; x_wconf 89' lang='lat' dir='ltr'><strong>ad</strong></span> <span class='ocrx_word' id='word_1_180' title='bbox 3424 1378 3548 1431; x_wconf 92' lang='lat' dir='ltr'><strong>illos</strong></span> <span class='ocrx_word' id='word_1_181' title='bbox 3575 1392 3767 1448; x_wconf 69' lang='lat' dir='ltr'><strong>perve-</strong></span> 
     </span>
    </p>
   </div>
   <div class='ocr_carea' id='block_1_31' title="bbox 2184 1465 3564 1539">
    <p class='ocr_par' dir='ltr' id='par_1_31' title="bbox 2184 1465 3564 1539">
     <span class='ocr_line' id='line_1_31' title="bbox 2184 1465 3564 1539; baseline 0.003 -21"><span class='ocrx_word' id='word_1_182' title='bbox 2184 1465 2297 1518; x_wconf 87' lang='lat' dir='ltr'><strong>niat</strong></span> <span class='ocrx_word' id='word_1_183' title='bbox 2324 1466 2413 1534; x_wconf 89' lang='lat' dir='ltr'><strong>qui</strong></span> <span class='ocrx_word' id='word_1_184' title='bbox 2445 1466 2557 1520; x_wconf 90' lang='lat' dir='ltr'><strong>suis</strong></span> <span class='ocrx_word' id='word_1_185' title='bbox 2587 1467 2788 1522; x_wconf 78' lang='lat' dir='ltr'><strong>viribus</strong></span> <span class='ocrx_word' id='word_1_186' title='bbox 2817 1468 2963 1537; x_wconf 89' lang='lat' dir='ltr'><strong>pasci</strong></span> <span class='ocrx_word' id='word_1_187' title='bbox 2996 1468 3215 1522; x_wconf 89' lang='lat' dir='ltr'><strong>minime</strong></span> <span class='ocrx_word' id='word_1_188' title='bbox 3244 1476 3564 1539; x_wconf 90' lang='lat' dir='ltr'><strong>potuerunt.</strong></span> 
     </span>
    </p>
   </div>
   <div class='ocr_carea' id='block_1_32' title="bbox 2673 1619 3267 1677">
    <p class='ocr_par' dir='ltr' id='par_1_32' title="bbox 2673 1619 3267 1677">
     <span class='ocr_line' id='line_1_32' title="bbox 2673 1619 3267 1677; baseline 0.003 -4"><span class='ocrx_word' id='word_1_189' title='bbox 2673 1619 3003 1676; x_wconf 76' lang='lat' dir='ltr'><strong>EPISTOLA</strong></span> <span class='ocrx_word' id='word_1_190' title='bbox 3033 1620 3267 1677; x_wconf 77' lang='lat' dir='ltr'><strong>XXVIII.</strong></span> 
     </span>
    </p>
   </div>
   <div class='ocr_carea' id='block_1_33' title="bbox 2256 1752 3707 1796">
    <p class='ocr_par' dir='ltr' id='par_1_33' title="bbox 2256 1752 3707 1796">
     <span class='ocr_line' id='line_1_33' title="bbox 2256 1752 3707 1796; baseline 0.004 -7"><span class='ocrx_word' id='word_1_191' title='bbox 2256 1752 2511 1791; x_wconf 69' lang='lat' dir='ltr'><strong>SENATORI</strong></span> <span class='ocrx_word' id='word_1_192' title='bbox 2543 1754 2831 1791; x_wconf 66' lang='grc' dir='ltr'><strong>ΡΙῖΕΐΕϐΤΟ</strong></span> <span class='ocrx_word' id='word_1_193' title='bbox 2864 1753 3138 1793; x_wconf 60' lang='lat' dir='ltr'><strong>PRAETOR&quot;)</strong></span> <span class='ocrx_word' id='word_1_194' title='bbox 3164 1753 3547 1794; x_wconf 72' lang='lat' dir='ltr'><strong>THBODAHADUS</strong></span> <span class='ocrx_word' id='word_1_195' title='bbox 3574 1756 3707 1796; x_wconf 67' lang='lat' dir='ltr'><strong>REX.</strong></span> 
     </span>
    </p>
   </div>
   <div class='ocr_carea' id='block_1_34' title="bbox 495 1827 2082 1902">
    <p class='ocr_par' dir='ltr' id='par_1_34' title="bbox 495 1833 2081 1902">
     <span class='ocr_line' id='line_1_34' title="bbox 495 1833 2081 1902; baseline 0.003 -13"><span class='ocrx_word' id='word_1_196' title='bbox 495 1835 671 1902; x_wconf 77' lang='lat' dir='ltr'><strong>fusus,</strong></span> <span class='ocrx_word' id='word_1_197' title='bbox 700 1833 999 1889; x_wconf 85' lang='lat' dir='ltr'><strong>sterilitatis</strong></span> <span class='ocrx_word' id='word_1_198' title='bbox 1025 1834 1156 1888; x_wconf 88' lang='lat' dir='ltr'><strong>vitia</strong></span> <span class='ocrx_word' id='word_1_199' title='bbox 1184 1835 1251 1890; x_wconf 90' lang='lat' dir='ltr'><strong>de</strong></span> <span class='ocrx_word' id='word_1_200' title='bbox 1274 1836 1491 1892; x_wconf 87' lang='lat' dir='ltr'><strong>inimica</strong></span> <span class='ocrx_word' id='word_1_201' title='bbox 1513 1840 1913 1895; x_wconf 87' lang='lat' dir='ltr'><strong>humectatione</strong></span> <span class='ocrx_word' id='word_1_202' title='bbox 1949 1856 2081 1895; x_wconf 89' lang='lat' dir='ltr'><strong>con-</strong></span> 
     </span>
    </p>
   </div>
   <div class='ocr_carea' id='block_1_35' title="bbox 2195 1827 3763 1902">
    <p class='ocr_par' dir='ltr' id='par_1_35' title="bbox 2195 1827 3763 1902">
     <span class='ocr_line' id='line_1_35' title="bbox 2195 1827 3763 1902; baseline 0.003 -20"><span class='ocrx_word' id='word_1_203' title='bbox 2195 1827 2475 1897; x_wconf 80' lang='lat' dir='ltr'><strong>Conﬁrmat</strong></span> <span class='ocrx_word' id='word_1_204' title='bbox 2504 1831 2749 1902; x_wconf 75' lang='lat' dir='ltr'><strong>quidquid</strong></span> <span class='ocrx_word' id='word_1_205' title='bbox 2778 1829 3121 1884; x_wconf 78' lang='lat' dir='ltr'><strong>Cassiodorus</strong></span> <span class='ocrx_word' id='word_1_206' title='bbox 3144 1832 3281 1884; x_wconf 74' lang='lat' dir='ltr'><strong>circa</strong></span> <span class='ocrx_word' id='word_1_207' title='bbox 3317 1834 3553 1886; x_wconf 86' lang='lat' dir='ltr'><strong>arcarios</strong></span> <span class='ocrx_word' id='word_1_208' title='bbox 3592 1851 3763 1900; x_wconf 65' lang='lat' dir='ltr'><strong>prora»</strong></span> 
     </span>
    </p>
   </div>
   <div class='ocr_carea' id='block_1_36' title="bbox 503 1929 2089 2005">
    <p class='ocr_par' dir='ltr' id='par_1_36' title="bbox 503 1929 2089 2005">
     <span class='ocr_line' id='line_1_36' title="bbox 503 1929 2089 2005; baseline 0.004 -23"><span class='ocrx_word' id='word_1_209' title='bbox 503 1929 764 1992; x_wconf 76' lang='lat' dir='ltr'><strong>traxerit;</strong></span> <span class='ocrx_word' id='word_1_210' title='bbox 796 1929 863 1982; x_wconf 88' lang='lat' dir='ltr'><strong>ad</strong></span> <span class='ocrx_word' id='word_1_211' title='bbox 889 1929 1063 1983; x_wconf 90' lang='lat' dir='ltr'><strong>virum</strong></span> <span class='ocrx_word' id='word_1_212' title='bbox 1088 1931 1573 1987; x_wconf 86' lang='lat' dir='ltr'><strong>eminentissimum</strong></span> <span class='ocrx_word' id='word_1_213' title='bbox 1606 1932 1927 1989; x_wconf 86' lang='lat' dir='ltr'><strong>Senatorem</strong></span> <span class='ocrx_word' id='word_1_214' title='bbox 1950 1950 2089 2005; x_wconf 80' lang='lat' dir='ltr'><strong>pra:-</strong></span> 
     </span>
    </p>
   </div>
   <div class='ocr_carea' id='block_1_37' title="bbox 496 2017 2087 2093">
    <p class='ocr_par' dir='ltr' id='par_1_37' title="bbox 496 2017 2087 2093">
     <span class='ocr_line' id='line_1_37' title="bbox 496 2017 2087 2093; baseline 0.005 -21"><span class='ocrx_word' id='word_1_215' title='bbox 496 2017 701 2075; x_wconf 86' lang='lat' dir='ltr'><strong>fectum</strong></span> <span class='ocrx_word' id='word_1_216' title='bbox 724 2019 979 2088; x_wconf 54' lang='lat' dir='ltr'><strong>praetorio</strong></span> <span class='ocrx_word' id='word_1_217' title='bbox 1006 2019 1219 2076; x_wconf 88' lang='lat' dir='ltr'><strong>dedisse</strong></span> <span class='ocrx_word' id='word_1_218' title='bbox 1247 2036 1346 2076; x_wconf 89' lang='lat' dir='ltr'><strong>nos</strong></span> <span class='ocrx_word' id='word_1_219' title='bbox 1387 2023 1739 2077; x_wconf 88' lang='lat' dir='ltr'><strong>nihilominus</strong></span> <span class='ocrx_word' id='word_1_220' title='bbox 1763 2023 2087 2093; x_wconf 91' lang='lat' dir='ltr'><strong>jussionem,</strong></span> 
     </span>
    </p>
   </div>
   <div class='ocr_carea' id='block_1_38' title="bbox 496 2114 2087 2190">
    <p class='ocr_par' dir='ltr' id='par_1_38' title="bbox 496 2114 2087 2190">
     <span class='ocr_line' id='line_1_38' title="bbox 496 2114 2087 2190; baseline 0.003 -19"><span class='ocrx_word' id='word_1_221' title='bbox 496 2123 557 2171; x_wconf 89' lang='lat' dir='ltr'><strong>ut</strong></span> <span class='ocrx_word' id='word_1_222' title='bbox 580 2115 698 2184; x_wconf 88' lang='lat' dir='ltr'><strong>ejus</strong></span> <span class='ocrx_word' id='word_1_223' title='bbox 718 2114 992 2186; x_wconf 85' lang='lat' dir='ltr'><strong>ordinatio</strong></span> <span class='ocrx_word' id='word_1_224' title='bbox 1022 2116 1245 2187; x_wconf 86' lang='lat' dir='ltr'><strong>provida</strong></span> <span class='ocrx_word' id='word_1_225' title='bbox 1273 2118 1342 2173; x_wconf 88' lang='lat' dir='ltr'><strong>ad</strong></span> <span class='ocrx_word' id='word_1_226' title='bbox 1366 2120 1622 2189; x_wconf 74' lang='lat' dir='ltr'><strong>prmdium</strong></span> <span class='ocrx_word' id='word_1_227' title='bbox 1645 2121 1715 2175; x_wconf 91' lang='lat' dir='ltr'><strong>de</strong></span> <span class='ocrx_word' id='word_1_228' title='bbox 1737 2136 1845 2189; x_wconf 91' lang='lat' dir='ltr'><strong>quo</strong></span> <span class='ocrx_word' id='word_1_229' title='bbox 1868 2123 2087 2190; x_wconf 82' lang='lat' dir='ltr'><strong>querela</strong></span> 
     </span>
    </p>
   </div>
   <div class='ocr_carea' id='block_1_39' title="bbox 496 2208 2088 2277">
    <p class='ocr_par' dir='ltr' id='par_1_39' title="bbox 496 2208 2088 2277">
     <span class='ocr_line' id='line_1_39' title="bbox 496 2208 2088 2277; baseline 0.001 -12"><span class='ocrx_word' id='word_1_230' title='bbox 496 2216 581 2265; x_wconf 86' lang='lat' dir='ltr'><strong>est</strong></span> <span class='ocrx_word' id='word_1_231' title='bbox 622 2208 848 2275; x_wconf 89' lang='lat' dir='ltr'><strong>diligens</strong></span> <span class='ocrx_word' id='word_1_232' title='bbox 896 2209 1168 2277; x_wconf 90' lang='lat' dir='ltr'><strong>inspector</strong></span> <span class='ocrx_word' id='word_1_233' title='bbox 1208 2210 1449 2276; x_wconf 87' lang='lat' dir='ltr'><strong>accedat,</strong></span> <span class='ocrx_word' id='word_1_234' title='bbox 1483 2221 1560 2277; x_wconf 93' lang='lat' dir='ltr'><strong>et,</strong></span> <span class='ocrx_word' id='word_1_235' title='bbox 1606 2213 1769 2267; x_wconf 84' lang='lat' dir='ltr'><strong>rebus</strong></span> <span class='ocrx_word' id='word_1_236' title='bbox 1809 2212 2088 2267; x_wconf 86' lang='lat' dir='ltr'><strong>moderata</strong></span> 
     </span>
    </p>
   </div>
   <div class='ocr_carea' id='block_1_40' title="bbox 493 2296 2089 2372">
    <p class='ocr_par' dir='ltr' id='par_1_40' title="bbox 493 2296 2089 2372">
     <span class='ocr_line' id='line_1_40' title="bbox 493 2296 2089 2372; baseline 0.003 -21"><span class='ocrx_word' id='word_1_237' title='bbox 493 2296 849 2367; x_wconf 79' lang='lat' dir='ltr'><strong>inquisitione</strong></span> <span class='ocrx_word' id='word_1_238' title='bbox 887 2299 1180 2364; x_wconf 88' lang='lat' dir='ltr'><strong>trutinatis,</strong></span> <span class='ocrx_word' id='word_1_239' title='bbox 1226 2300 1485 2369; x_wconf 88' lang='lat' dir='ltr'><strong>quidquid</strong></span> <span class='ocrx_word' id='word_1_240' title='bbox 1540 2304 1865 2370; x_wconf 89' lang='lat' dir='ltr'><strong>gravaminis</strong></span> <span class='ocrx_word' id='word_1_241' title='bbox 1910 2311 2089 2372; x_wconf 87' lang='lat' dir='ltr'><strong>potest</strong></span> 
     </span>
    </p>
   </div>
   <div class='ocr_carea' id='block_1_41' title="bbox 494 2389 2089 2461">
    <p class='ocr_par' dir='ltr' id='par_1_41' title="bbox 494 2389 2089 2461">
     <span class='ocr_line' id='line_1_41' title="bbox 494 2389 2089 2461; baseline 0.001 -15"><span class='ocrx_word' id='word_1_242' title='bbox 494 2392 704 2447; x_wconf 86' lang='lat' dir='ltr'><strong>habere</strong></span> <span class='ocrx_word' id='word_1_243' title='bbox 758 2389 1050 2459; x_wconf 62' lang='lat' dir='ltr'><strong>possessio,</strong></span> <span class='ocrx_word' id='word_1_244' title='bbox 1102 2391 1495 2444; x_wconf 86' lang='lat' dir='ltr'><strong>rationabiliter</strong></span> <span class='ocrx_word' id='word_1_245' title='bbox 1531 2392 1855 2461; x_wconf 83' lang='lat' dir='ltr'><strong>abrogetur;</strong></span> <span class='ocrx_word' id='word_1_246' title='bbox 1910 2394 1981 2447; x_wconf 89' lang='lat' dir='ltr'><strong>ita</strong></span> <span class='ocrx_word' id='word_1_247' title='bbox 2030 2402 2089 2447; x_wconf 87' lang='lat' dir='ltr'><strong>ut</strong></span> 
     </span>
    </p>
   </div>
   <div class='ocr_carea' id='block_1_42' title="bbox 494 2478 2089 2554">
    <p class='ocr_par' dir='ltr' id='par_1_42' title="bbox 494 2478 2089 2554">
     <span class='ocr_line' id='line_1_42' title="bbox 494 2478 2089 2554; baseline 0.004 -20"><span class='ocrx_word' id='word_1_248' title='bbox 494 2489 817 2550; x_wconf 78' lang='lat' dir='ltr'><strong>competens</strong></span> <span class='ocrx_word' id='word_1_249' title='bbox 843 2488 1006 2549; x_wconf 91' lang='lat' dir='ltr'><strong>atque</strong></span> <span class='ocrx_word' id='word_1_250' title='bbox 1032 2478 1307 2536; x_wconf 84' lang='lat' dir='ltr'><strong>sufficiens</strong></span> <span class='ocrx_word' id='word_1_251' title='bbox 1334 2481 1567 2539; x_wconf 91' lang='lat' dir='ltr'><strong>dominis</strong></span> <span class='ocrx_word' id='word_1_252' title='bbox 1604 2499 1889 2540; x_wconf 89' lang='lat' dir='ltr'><strong>remanere</strong></span> <span class='ocrx_word' id='word_1_253' title='bbox 1922 2487 2089 2554; x_wconf 64' lang='lat' dir='ltr'><strong>possit</strong></span> 
     </span>
    </p>
   </div>
   <div class='ocr_carea' id='block_1_43' title="bbox 499 2570 2084 2646">
    <p class='ocr_par' dir='ltr' id='par_1_43' title="bbox 499 2570 2084 2646">
     <span class='ocr_line' id='line_1_43' title="bbox 499 2570 2084 2646; baseline 0.004 -21"><span class='ocrx_word' id='word_1_254' title='bbox 499 2570 724 2640; x_wconf 85' lang='lat' dir='ltr'><strong>utilitas,</strong></span> <span class='ocrx_word' id='word_1_255' title='bbox 752 2572 879 2640; x_wconf 85' lang='lat' dir='ltr'><strong>quia</strong></span> <span class='ocrx_word' id='word_1_256' title='bbox 909 2587 1035 2627; x_wconf 87' lang='lat' dir='ltr'><strong>vere</strong></span> <span class='ocrx_word' id='word_1_257' title='bbox 1082 2573 1238 2628; x_wconf 90' lang='lat' dir='ltr'><strong>nobis</strong></span> <span class='ocrx_word' id='word_1_258' title='bbox 1277 2573 1484 2629; x_wconf 89' lang='lat' dir='ltr'><strong>lucrum</strong></span> <span class='ocrx_word' id='word_1_259' title='bbox 1523 2577 1971 2645; x_wconf 90' lang='lat' dir='ltr'><strong>pretiosissimum</strong></span> <span class='ocrx_word' id='word_1_260' title='bbox 1994 2577 2084 2646; x_wconf 89' lang='lat' dir='ltr'><strong>ju-</strong></span> 
     </span>
    </p>
   </div>
   <div class='ocr_carea' id='block_1_44' title="bbox 499 2665 2087 2743">
    <p class='ocr_par' dir='ltr' id='par_1_44' title="bbox 499 2665 2087 2743">
     <span class='ocr_line' id='line_1_44' title="bbox 499 2665 2087 2743; baseline 0.002 -22"><span class='ocrx_word' id='word_1_261' title='bbox 499 2666 761 2733; x_wconf 76' lang='lat' dir='ltr'><strong>dicamus,</strong></span> <span class='ocrx_word' id='word_1_262' title='bbox 808 2665 956 2735; x_wconf 89' lang='lat' dir='ltr'><strong>quod</strong></span> <span class='ocrx_word' id='word_1_263' title='bbox 1002 2681 1101 2737; x_wconf 91' lang='lat' dir='ltr'><strong>pro</strong></span> <span class='ocrx_word' id='word_1_264' title='bbox 1137 2667 1564 2723; x_wconf 88' lang='lat' dir='ltr'><strong>mansuetudinis</strong></span> <span class='ocrx_word' id='word_1_265' title='bbox 1591 2678 1785 2725; x_wconf 73' lang='lat' dir='ltr'><strong>vestra:</strong></span> <span class='ocrx_word' id='word_1_266' title='bbox 1815 2670 1945 2743; x_wconf 58' lang='lat' dir='ltr'><strong>lett,</strong></span> <span class='ocrx_word' id='word_1_267' title='bbox 1986 2686 2087 2724; x_wconf 92' lang='lat' dir='ltr'><strong>no-</strong></span> 
     </span>
    </p>
   </div>
   <div class='ocr_carea' id='block_1_45' title="bbox 498 2756 2086 2832">
    <p class='ocr_par' dir='ltr' id='par_1_45' title="bbox 498 2756 2086 2832">
     <span class='ocr_line' id='line_1_45' title="bbox 498 2756 2086 2832; baseline 0.003 -20"><span class='ocrx_word' id='word_1_268' title='bbox 498 2756 646 2831; x_wconf 63' lang='lat' dir='ltr'><strong>stras]</strong></span> <span class='ocrx_word' id='word_1_269' title='bbox 669 2760 947 2815; x_wconf 78' lang='lat' dir='ltr'><strong>voluntate</strong></span> <span class='ocrx_word' id='word_1_270' title='bbox 965 2760 1330 2816; x_wconf 85' lang='lat' dir='ltr'><strong>concedimus.</strong></span> <span class='ocrx_word' id='word_1_271' title='bbox 1350 2760 1650 2817; x_wconf 68' lang='lat' dir='ltr'><strong>Veranildaa</strong></span> <span class='ocrx_word' id='word_1_272' title='bbox 1669 2777 1884 2832; x_wconf 90' lang='lat' dir='ltr'><strong>quoque</strong></span> <span class='ocrx_word' id='word_1_273' title='bbox 1902 2778 2086 2831; x_wconf 90' lang='lat' dir='ltr'><strong>causa,</strong></span> 
     </span>
    </p>
   </div>
   <div class='ocr_carea' id='block_1_46' title="bbox 501 2847 2085 2921">
    <p class='ocr_par' dir='ltr' id='par_1_46' title="bbox 501 2847 2085 2921">
     <span class='ocr_line' id='line_1_46' title="bbox 501 2847 2085 2921; baseline 0.003 -19"><span class='ocrx_word' id='word_1_274' title='bbox 501 2847 645 2903; x_wconf 75' lang='lat' dir='ltr'><strong>Iride</strong></span> <span class='ocrx_word' id='word_1_275' title='bbox 688 2858 868 2904; x_wconf 90' lang='lat' dir='ltr'><strong>vestra</strong></span> <span class='ocrx_word' id='word_1_276' title='bbox 907 2851 1171 2905; x_wconf 85' lang='lat' dir='ltr'><strong>serenitas</strong></span> <span class='ocrx_word' id='word_1_277' title='bbox 1207 2865 1297 2906; x_wconf 89' lang='lat' dir='ltr'><strong>me</strong></span> <span class='ocrx_word' id='word_1_278' title='bbox 1335 2866 1684 2907; x_wconf 88' lang='lat' dir='ltr'><strong>commonere</strong></span> <span class='ocrx_word' id='word_1_279' title='bbox 1725 2853 1943 2921; x_wconf 87' lang='lat' dir='ltr'><strong>dignata</strong></span> <span class='ocrx_word' id='word_1_280' title='bbox 1982 2863 2085 2919; x_wconf 91' lang='lat' dir='ltr'><strong>est,</strong></span> 
     </span>
    </p>
   </div>
   <div class='ocr_carea' id='block_1_47' title="bbox 498 2943 2089 3015">
    <p class='ocr_par' dir='ltr' id='par_1_47' title="bbox 498 2943 2089 3015">
     <span class='ocr_line' id='line_1_47' title="bbox 498 2943 2089 3015; baseline 0.002 -18"><span class='ocrx_word' id='word_1_281' title='bbox 498 2944 745 3012; x_wconf 83' lang='lat' dir='ltr'><strong>quamvis</strong></span> <span class='ocrx_word' id='word_1_282' title='bbox 773 2951 897 2999; x_wconf 84' lang='lat' dir='ltr'><strong>ante</strong></span> <span class='ocrx_word' id='word_1_283' title='bbox 939 2943 1159 3013; x_wconf 89' lang='lat' dir='ltr'><strong>longum</strong></span> <span class='ocrx_word' id='word_1_284' title='bbox 1188 2953 1401 3015; x_wconf 85' lang='lat' dir='ltr'><strong>tempus</strong></span> <span class='ocrx_word' id='word_1_285' title='bbox 1438 2946 1538 3001; x_wconf 89' lang='lat' dir='ltr'><strong>sub</strong></span> <span class='ocrx_word' id='word_1_286' title='bbox 1567 2954 1846 3015; x_wconf 88' lang='lat' dir='ltr'><strong>parentum</strong></span> <span class='ocrx_word' id='word_1_287' title='bbox 1874 2955 2089 3001; x_wconf 88' lang='lat' dir='ltr'><strong>nostro-</strong></span> 
     </span>
    </p>
   </div>
   <div class='ocr_carea' id='block_1_48' title="bbox 500 3035 2090 3103">
    <p class='ocr_par' dir='ltr' id='par_1_48' title="bbox 500 3035 2090 3103">
     <span class='ocr_line' id='line_1_48' title="bbox 500 3035 2090 3103; baseline 0.004 -17"><span class='ocrx_word' id='word_1_288' title='bbox 500 3049 617 3086; x_wconf 91' lang='lat' dir='ltr'><strong>rum</strong></span> <span class='ocrx_word' id='word_1_289' title='bbox 664 3046 839 3101; x_wconf 84' lang='lat' dir='ltr'><strong>regno</strong></span> <span class='ocrx_word' id='word_1_290' title='bbox 864 3035 1168 3103; x_wconf 86' lang='lat' dir='ltr'><strong>contigerit,</strong></span> <span class='ocrx_word' id='word_1_291' title='bbox 1218 3043 1399 3090; x_wconf 91' lang='lat' dir='ltr'><strong>tamen</strong></span> <span class='ocrx_word' id='word_1_292' title='bbox 1431 3052 1654 3092; x_wconf 89' lang='lat' dir='ltr'><strong>necesse</strong></span> <span class='ocrx_word' id='word_1_293' title='bbox 1682 3038 1837 3092; x_wconf 88' lang='lat' dir='ltr'><strong>nobis</strong></span> <span class='ocrx_word' id='word_1_294' title='bbox 1865 3037 1967 3091; x_wconf 90' lang='lat' dir='ltr'><strong>fuit</strong></span> <span class='ocrx_word' id='word_1_295' title='bbox 1996 3053 2090 3092; x_wconf 82' lang='lat' dir='ltr'><strong>ne-</strong></span> 
     </span>
    </p>
   </div>
   <div class='ocr_carea' id='block_1_49' title="bbox 499 3123 2087 3198">
    <p class='ocr_par' dir='ltr' id='par_1_49' title="bbox 499 3123 2087 3198">
     <span class='ocr_line' id='line_1_49' title="bbox 499 3123 2087 3198; baseline 0.005 -22"><span class='ocrx_word' id='word_1_296' title='bbox 499 3123 703 3190; x_wconf 84' lang='lat' dir='ltr'><strong>gotium</strong></span> <span class='ocrx_word' id='word_1_297' title='bbox 732 3123 801 3180; x_wconf 92' lang='lat' dir='ltr'><strong>de</strong></span> <span class='ocrx_word' id='word_1_298' title='bbox 830 3127 1046 3195; x_wconf 91' lang='lat' dir='ltr'><strong>propria</strong></span> <span class='ocrx_word' id='word_1_299' title='bbox 1077 3126 1329 3195; x_wconf 82' lang='lat' dir='ltr'><strong>largitate</strong></span> <span class='ocrx_word' id='word_1_300' title='bbox 1347 3142 1701 3198; x_wconf 88' lang='lat' dir='ltr'><strong>componere,</strong></span> <span class='ocrx_word' id='word_1_301' title='bbox 1738 3137 1797 3183; x_wconf 91' lang='lat' dir='ltr'><strong>ut</strong></span> <span class='ocrx_word' id='word_1_302' title='bbox 1826 3129 1918 3183; x_wconf 89' lang='lat' dir='ltr'><strong>tali</strong></span> <span class='ocrx_word' id='word_1_303' title='bbox 1947 3128 2087 3184; x_wconf 83' lang='lat' dir='ltr'><strong>facto</strong></span> 
     </span>
    </p>
   </div>
   <div class='ocr_carea' id='block_1_50' title="bbox 2265 1901 3745 1968">
    <p class='ocr_par' dir='ltr' id='par_1_50' title="bbox 2265 1901 3745 1968">
     <span class='ocr_line' id='line_1_50' title="bbox 2265 1901 3745 1968; baseline 0.003 -17"><span class='ocrx_word' id='word_1_304' title='bbox 2265 1911 2465 1968; x_wconf 85' lang='lat' dir='ltr'><strong>gatores</strong></span> <span class='ocrx_word' id='word_1_305' title='bbox 2498 1901 2671 1960; x_wconf 83' lang='lat' dir='ltr'><strong>tritici,</strong></span> <span class='ocrx_word' id='word_1_306' title='bbox 2698 1901 2799 1952; x_wconf 84' lang='lat' dir='ltr'><strong>vini</strong></span> <span class='ocrx_word' id='word_1_307' title='bbox 2827 1909 2874 1952; x_wconf 86' lang='lat' dir='ltr'><strong>et</strong></span> <span class='ocrx_word' id='word_1_308' title='bbox 2896 1902 3051 1961; x_wconf 81' lang='lat' dir='ltr'><strong>casei,</strong></span> <span class='ocrx_word' id='word_1_309' title='bbox 3086 1902 3427 1961; x_wconf 80' lang='lat' dir='ltr'><strong>macellarios,</strong></span> <span class='ocrx_word' id='word_1_310' title='bbox 3456 1912 3577 1963; x_wconf 69' lang='grc' dir='ltr'><em>εις..</em></span> <span class='ocrx_word' id='word_1_311' title='bbox 3603 1905 3657 1955; x_wconf 82' lang='lat' dir='ltr'><strong>in</strong></span> <span class='ocrx_word' id='word_1_312' title='bbox 3685 1920 3745 1955; x_wconf 79' lang='lat' dir='ltr'><strong>ur</strong></span> 
     </span>
    </p>
   </div>
   <div class='ocr_carea' id='block_1_51' title="bbox 2263 1968 3769 2035">
    <p class='ocr_par' dir='ltr' id='par_1_51' title="bbox 2263 1968 3769 2035">
     <span class='ocr_line' id='line_1_51' title="bbox 2263 1968 3769 2035; baseline 0.003 -15"><span class='ocrx_word' id='word_1_313' title='bbox 2263 1969 2408 2022; x_wconf 79' lang='lat' dir='ltr'><strong>bibus</strong></span> <span class='ocrx_word' id='word_1_314' title='bbox 2440 1969 2625 2031; x_wconf 80' lang='lat' dir='ltr'><strong>Roma,</strong></span> <span class='ocrx_word' id='word_1_315' title='bbox 2665 1968 2934 2035; x_wconf 66' lang='lat' dir='ltr'><strong>Ravenna,</strong></span> <span class='ocrx_word' id='word_1_316' title='bbox 2974 1970 3153 2023; x_wconf 84' lang='lat' dir='ltr'><strong>Ticino</strong></span> <span class='ocrx_word' id='word_1_317' title='bbox 3182 1982 3230 2024; x_wconf 90' lang='lat' dir='ltr'><strong>et</strong></span> <span class='ocrx_word' id='word_1_318' title='bbox 3269 1970 3541 2025; x_wconf 79' lang='lat' dir='ltr'><strong>Placentia</strong></span> <span class='ocrx_word' id='word_1_319' title='bbox 3584 1974 3769 2027; x_wconf 82' lang='lat' dir='ltr'><strong>consti-</strong></span> 
     </span>
    </p>
   </div>
   <div class='ocr_carea' id='block_1_52' title="bbox 2264 2039 3776 2108">
    <p class='ocr_par' dir='ltr' id='par_1_52' title="bbox 2264 2039 3776 2108">
     <span class='ocr_line' id='line_1_52' title="bbox 2264 2039 3776 2108; baseline 0.003 -17"><span class='ocrx_word' id='word_1_320' title='bbox 2264 2049 2451 2092; x_wconf 88' lang='lat' dir='ltr'><strong>tuerat.</strong></span> <span class='ocrx_word' id='word_1_321' title='bbox 2515 2039 2642 2092; x_wconf 73' lang='lat' dir='ltr'><strong>Tum</strong></span> <span class='ocrx_word' id='word_1_322' title='bbox 2692 2049 2825 2092; x_wconf 82' lang='lat' dir='ltr'><strong>retut</strong></span> <span class='ocrx_word' id='word_1_323' title='bbox 2864 2042 2957 2093; x_wconf 67' lang='lat' dir='ltr'><strong>sub</strong></span> <span class='ocrx_word' id='word_1_324' title='bbox 2995 2042 3140 2108; x_wconf 76' lang='lat' dir='ltr'><strong>gravi</strong></span> <span class='ocrx_word' id='word_1_325' title='bbox 3181 2058 3331 2108; x_wconf 68' lang='lat' dir='ltr'><strong>pruna</strong></span> <span class='ocrx_word' id='word_1_326' title='bbox 3378 2059 3442 2094; x_wconf 85' lang='lat' dir='ltr'><strong>ne</strong></span> <span class='ocrx_word' id='word_1_327' title='bbox 3484 2043 3597 2108; x_wconf 86' lang='lat' dir='ltr'><strong>quis</strong></span> <span class='ocrx_word' id='word_1_328' title='bbox 3638 2045 3776 2095; x_wconf 83' lang='lat' dir='ltr'><strong>intra</strong></span> 
     </span>
    </p>
   </div>
   <div class='ocr_carea' id='block_1_53' title="bbox 2263 2109 3775 2181">
    <p class='ocr_par' dir='ltr' id='par_1_53' title="bbox 2263 2109 3775 2181">
     <span class='ocr_line' id='line_1_53' title="bbox 2263 2109 3775 2181; baseline 0.002 -20"><span class='ocrx_word' id='word_1_329' title='bbox 2263 2110 2661 2181; x_wconf 73' lang='lat' dir='ltr'><strong>quinquennium</strong></span> <span class='ocrx_word' id='word_1_330' title='bbox 2700 2109 2828 2176; x_wconf 83' lang='lat' dir='ltr'><strong>ipsis</strong></span> <span class='ocrx_word' id='word_1_331' title='bbox 2871 2112 3131 2164; x_wconf 76' lang='lat' dir='ltr'><strong>succedat.</strong></span> <span class='ocrx_word' id='word_1_332' title='bbox 3178 2110 3410 2181; x_wconf 79' lang='lat' dir='ltr'><strong>Denique</strong></span> <span class='ocrx_word' id='word_1_333' title='bbox 3431 2109 3575 2181; x_wconf 79' lang='lat' dir='ltr'><strong>jubet</strong></span> <span class='ocrx_word' id='word_1_334' title='bbox 3616 2123 3676 2165; x_wconf 79' lang='lat' dir='ltr'><strong>ut</strong></span> <span class='ocrx_word' id='word_1_335' title='bbox 3713 2112 3775 2166; x_wconf 72' lang='lat' dir='ltr'><strong>ob</strong></span> 
     </span>
    </p>
   </div>
   <div class='ocr_carea' id='block_1_54' title="bbox 2264 2180 3454 2252">
    <p class='ocr_par' dir='ltr' id='par_1_54' title="bbox 2264 2180 3454 2252">
     <span class='ocr_line' id='line_1_54' title="bbox 2264 2180 3454 2252; baseline 0.003 -19"><span class='ocrx_word' id='word_1_336' title='bbox 2264 2180 2551 2233; x_wconf 83' lang='lat' dir='ltr'><strong>sterilitatis</strong></span> <span class='ocrx_word' id='word_1_337' title='bbox 2584 2180 2775 2232; x_wconf 83' lang='lat' dir='ltr'><strong>damna</strong></span> <span class='ocrx_word' id='word_1_338' title='bbox 2805 2182 2969 2250; x_wconf 84' lang='lat' dir='ltr'><strong>pretia</strong></span> <span class='ocrx_word' id='word_1_339' title='bbox 2998 2198 3166 2233; x_wconf 83' lang='lat' dir='ltr'><strong>rerum</strong></span> <span class='ocrx_word' id='word_1_340' title='bbox 3190 2180 3454 2252; x_wconf 70' lang='lat' dir='ltr'><strong>temperet.</strong></span> 
     </span>
    </p>
   </div>
   <div class='ocr_carea' id='block_1_55' title="bbox 2276 2290 3772 2364">
    <p class='ocr_par' dir='ltr' id='par_1_55' title="bbox 2276 2290 3772 2364">
     <span class='ocr_line' id='line_1_55' title="bbox 2276 2290 3772 2364; baseline 0.002 -19"><span class='ocrx_word' id='word_1_341' title='bbox 2276 2293 2431 2364; x_wconf 74' lang='lat'><strong>168</strong></span> <span class='ocrx_word' id='word_1_342' title='bbox 2460 2290 2623 2345; x_wconf 86' lang='lat' dir='ltr'><strong>Decet</strong></span> <span class='ocrx_word' id='word_1_343' title='bbox 2651 2291 2851 2358; x_wconf 79' lang='lat' dir='ltr'><strong>regiam</strong></span> <span class='ocrx_word' id='word_1_344' title='bbox 2868 2290 3129 2359; x_wconf 81' lang='lat' dir='ltr'><strong>justitiam</strong></span> <span class='ocrx_word' id='word_1_345' title='bbox 3162 2292 3432 2348; x_wconf 83' lang='lat' dir='ltr'><strong>custodire</strong></span> <span class='ocrx_word' id='word_1_346' title='bbox 3458 2293 3604 2363; x_wconf 88' lang='lat' dir='ltr'><strong>quod</strong></span> <span class='ocrx_word' id='word_1_347' title='bbox 3636 2311 3666 2349; x_wconf 86' lang='lat' dir='ltr'><strong>a</strong></span> <span class='ocrx_word' id='word_1_348' title='bbox 3691 2295 3772 2363; x_wconf 80' lang='lat' dir='ltr'><strong>ju-</strong></span> 
     </span>
    </p>
   </div>
   <div class='ocr_carea' id='block_1_56' title="bbox 2190 2382 3773 2449">
    <p class='ocr_par' dir='ltr' id='par_1_56' title="bbox 2190 2382 3773 2449">
     <span class='ocr_line' id='line_1_56' title="bbox 2190 2382 3773 2449; baseline 0.003 -12"><span class='ocrx_word' id='word_1_349' title='bbox 2190 2383 2397 2438; x_wconf 87' lang='lat' dir='ltr'><strong>dicibus</strong></span> <span class='ocrx_word' id='word_1_350' title='bbox 2444 2384 2581 2436; x_wconf 89' lang='lat' dir='ltr'><strong>bene</strong></span> <span class='ocrx_word' id='word_1_351' title='bbox 2629 2383 2911 2449; x_wconf 87' lang='lat' dir='ltr'><strong>agentibus</strong></span> <span class='ocrx_word' id='word_1_352' title='bbox 2959 2382 3121 2437; x_wconf 83' lang='lat' dir='ltr'><strong>fuerit</strong></span> <span class='ocrx_word' id='word_1_353' title='bbox 3159 2384 3487 2448; x_wconf 85' lang='lat' dir='ltr'><strong>ordinatum,</strong></span> <span class='ocrx_word' id='word_1_354' title='bbox 3539 2388 3773 2441; x_wconf 78' lang='lat' dir='ltr'><strong>maxime</strong></span> 
     </span>
    </p>
   </div>
   <div class='ocr_carea' id='block_1_57' title="bbox 2191 2474 3772 2542">
    <p class='ocr_par' dir='ltr' id='par_1_57' title="bbox 2191 2474 3772 2542">
     <span class='ocr_line' id='line_1_57' title="bbox 2191 2474 3772 2542; baseline 0.003 -16"><span class='ocrx_word' id='word_1_355' title='bbox 2191 2488 2421 2542; x_wconf 86' lang='lat' dir='ltr'><strong>quorum</strong></span> <span class='ocrx_word' id='word_1_356' title='bbox 2464 2474 2792 2527; x_wconf 87' lang='lat' dir='ltr'><strong>conscientia</strong></span> <span class='ocrx_word' id='word_1_357' title='bbox 2838 2474 2918 2527; x_wconf 86' lang='lat' dir='ltr'><strong>sic</strong></span> <span class='ocrx_word' id='word_1_358' title='bbox 2960 2482 3091 2527; x_wconf 84' lang='lat' dir='ltr'><strong>nota</strong></span> <span class='ocrx_word' id='word_1_359' title='bbox 3140 2481 3251 2541; x_wconf 84' lang='lat' dir='ltr'><strong>est,</strong></span> <span class='ocrx_word' id='word_1_360' title='bbox 3274 2483 3334 2528; x_wconf 91' lang='lat' dir='ltr'><strong>ut</strong></span> <span class='ocrx_word' id='word_1_361' title='bbox 3363 2475 3493 2529; x_wconf 77' lang='lat' dir='ltr'><strong>nihil</strong></span> <span class='ocrx_word' id='word_1_362' title='bbox 3538 2477 3772 2542; x_wconf 80' lang='lat' dir='ltr'><strong>incaute,</strong></span> 
     </span>
    </p>
   </div>
   <div class='ocr_carea' id='block_1_58' title="bbox 2192 2562 3772 2629">
    <p class='ocr_par' dir='ltr' id='par_1_58' title="bbox 2192 2562 3772 2629">
     <span class='ocr_line' id='line_1_58' title="bbox 2192 2562 3772 2629; baseline 0.002 -12"><span class='ocrx_word' id='word_1_363' title='bbox 2192 2563 2323 2629; x_wconf 87' lang='lat' dir='ltr'><strong>nihil</strong></span> <span class='ocrx_word' id='word_1_364' title='bbox 2355 2563 2663 2617; x_wconf 86' lang='lat' dir='ltr'><strong>venalitatis</strong></span> <span class='ocrx_word' id='word_1_365' title='bbox 2690 2563 2865 2617; x_wconf 74' lang='lat' dir='ltr'><strong>studio</strong></span> <span class='ocrx_word' id='word_1_366' title='bbox 2894 2562 3083 2618; x_wconf 85' lang='lat' dir='ltr'><strong>fecisse</strong></span> <span class='ocrx_word' id='word_1_367' title='bbox 3109 2564 3413 2620; x_wconf 86' lang='lat' dir='ltr'><strong>videantur.</strong></span> <span class='ocrx_word' id='word_1_368' title='bbox 3440 2564 3505 2617; x_wconf 75' lang='lat' dir='ltr'><strong>Et</strong></span> <span class='ocrx_word' id='word_1_369' title='bbox 3536 2566 3663 2620; x_wconf 82' lang='lat' dir='ltr'><strong>ideo</strong></span> <span class='ocrx_word' id='word_1_370' title='bbox 3686 2582 3772 2620; x_wconf 87' lang='lat' dir='ltr'><strong>ar-</strong></span> 
     </span>
    </p>
   </div>
   <div class='ocr_carea' id='block_1_59' title="bbox 2189 2654 3761 2723">
    <p class='ocr_par' dir='ltr' id='par_1_59' title="bbox 2189 2654 3761 2723">
     <span class='ocr_line' id='line_1_59' title="bbox 2189 2654 3761 2723; baseline 0.002 -15"><span class='ocrx_word' id='word_1_371' title='bbox 2189 2655 2366 2708; x_wconf 87' lang='lat' dir='ltr'><strong>carios</strong></span> <span class='ocrx_word' id='word_1_372' title='bbox 2404 2661 2784 2723; x_wconf 84' lang='lat' dir='ltr'><strong>prorogatores</strong></span> <span class='ocrx_word' id='word_1_373' title='bbox 2832 2654 3015 2720; x_wconf 91' lang='lat' dir='ltr'><strong>tritici,</strong></span> <span class='ocrx_word' id='word_1_374' title='bbox 3059 2655 3169 2709; x_wconf 90' lang='lat' dir='ltr'><strong>viui</strong></span> <span class='ocrx_word' id='word_1_375' title='bbox 3214 2665 3271 2709; x_wconf 87' lang='lat' dir='ltr'><strong>et</strong></span> <span class='ocrx_word' id='word_1_376' title='bbox 3324 2658 3489 2721; x_wconf 87' lang='lat' dir='ltr'><strong>casei,</strong></span> <span class='ocrx_word' id='word_1_377' title='bbox 3533 2657 3761 2712; x_wconf 82' lang='lat' dir='ltr'><strong>macella</strong></span> 
     </span>
    </p>
   </div>
   <div class='ocr_carea' id='block_1_60' title="bbox 2196 2744 3773 2813">
    <p class='ocr_par' dir='ltr' id='par_1_60' title="bbox 2196 2744 3773 2813">
     <span class='ocr_line' id='line_1_60' title="bbox 2196 2744 3773 2813; baseline 0.003 -15"><span class='ocrx_word' id='word_1_378' title='bbox 2196 2744 2329 2810; x_wconf 88' lang='lat' dir='ltr'><strong>rios,</strong></span> <span class='ocrx_word' id='word_1_379' title='bbox 2360 2745 2619 2810; x_wconf 83' lang='lat' dir='ltr'><strong>vinarios,</strong></span> <span class='ocrx_word' id='word_1_380' title='bbox 2671 2744 3019 2813; x_wconf 88' lang='lat' dir='ltr'><strong>capitularios</strong></span> <span class='ocrx_word' id='word_1_381' title='bbox 3058 2746 3456 2801; x_wconf 85' lang='lat' dir='ltr'><strong>borreariorum</strong></span> <span class='ocrx_word' id='word_1_382' title='bbox 3498 2755 3555 2802; x_wconf 89' lang='lat' dir='ltr'><strong>et</strong></span> <span class='ocrx_word' id='word_1_383' title='bbox 3595 2749 3773 2803; x_wconf 85' lang='lat' dir='ltr'><strong>taber-</strong></span> 
     </span>
    </p>
   </div>
   <div class='ocr_carea' id='block_1_61' title="bbox 2192 2834 3774 2906">
    <p class='ocr_par' dir='ltr' id='par_1_61' title="bbox 2192 2834 3774 2906">
     <span class='ocr_line' id='line_1_61' title="bbox 2192 2834 3774 2906; baseline 0.004 -17"><span class='ocrx_word' id='word_1_384' title='bbox 2192 2836 2488 2901; x_wconf 88' lang='lat' dir='ltr'><strong>nariorum,</strong></span> <span class='ocrx_word' id='word_1_385' title='bbox 2542 2834 2839 2892; x_wconf 89' lang='lat' dir='ltr'><strong>fencrarios</strong></span> <span class='ocrx_word' id='word_1_386' title='bbox 2894 2843 2951 2891; x_wconf 88' lang='lat' dir='ltr'><strong>et</strong></span> <span class='ocrx_word' id='word_1_387' title='bbox 2987 2836 3278 2903; x_wconf 85' lang='lat' dir='ltr'><strong>cellaritas,</strong></span> <span class='ocrx_word' id='word_1_388' title='bbox 3326 2837 3419 2906; x_wconf 87' lang='lat' dir='ltr'><strong>qui</strong></span> <span class='ocrx_word' id='word_1_389' title='bbox 3468 2836 3539 2891; x_wconf 88' lang='lat' dir='ltr'><strong>ad</strong></span> <span class='ocrx_word' id='word_1_390' title='bbox 3589 2840 3774 2894; x_wconf 84' lang='lat' dir='ltr'><strong>urbem</strong></span> 
     </span>
    </p>
   </div>
   <div class='ocr_carea' id='block_1_62' title="bbox 2192 2926 3772 2997">
    <p class='ocr_par' dir='ltr' id='par_1_62' title="bbox 2192 2926 3772 2997">
     <span class='ocr_line' id='line_1_62' title="bbox 2192 2926 3772 2997; baseline 0.003 -17"><span class='ocrx_word' id='word_1_391' title='bbox 2192 2926 2510 2991; x_wconf 77' lang='lat' dir='ltr'><strong>Romanam,</strong></span> <span class='ocrx_word' id='word_1_392' title='bbox 2546 2927 2630 2981; x_wconf 87' lang='lat' dir='ltr'><strong>vel</strong></span> <span class='ocrx_word' id='word_1_393' title='bbox 2676 2926 2745 2980; x_wconf 87' lang='lat' dir='ltr'><strong>ad</strong></span> <span class='ocrx_word' id='word_1_394' title='bbox 2784 2928 3121 2981; x_wconf 87' lang='lat' dir='ltr'><strong>mansionem</strong></span> <span class='ocrx_word' id='word_1_395' title='bbox 3169 2929 3443 2997; x_wconf 86' lang='lat' dir='ltr'><strong>pertinent</strong></span> <span class='ocrx_word' id='word_1_396' title='bbox 3482 2929 3772 2985; x_wconf 83' lang='lat' dir='ltr'><strong>Ravenna-</strong></span> 
     </span>
    </p>
   </div>
   <div class='ocr_carea' id='block_1_63' title="bbox 2192 3016 3775 3089">
    <p class='ocr_par' dir='ltr' id='par_1_63' title="bbox 2192 3016 3775 3089">
     <span class='ocr_line' id='line_1_63' title="bbox 2192 3016 3775 3089; baseline 0.003 -18"><span class='ocrx_word' id='word_1_397' title='bbox 2192 3024 2323 3083; x_wconf 88' lang='lat' dir='ltr'><strong>tem,</strong></span> <span class='ocrx_word' id='word_1_398' title='bbox 2343 3016 2437 3071; x_wconf 88' lang='lat' dir='ltr'><strong>sed</strong></span> <span class='ocrx_word' id='word_1_399' title='bbox 2453 3027 2509 3071; x_wconf 90' lang='lat' dir='ltr'><strong>et</strong></span> <span class='ocrx_word' id='word_1_400' title='bbox 2527 3031 2622 3071; x_wconf 89' lang='lat' dir='ltr'><strong>eos</strong></span> <span class='ocrx_word' id='word_1_401' title='bbox 2643 3016 2735 3085; x_wconf 92' lang='lat' dir='ltr'><strong>qui</strong></span> <span class='ocrx_word' id='word_1_402' title='bbox 2757 3017 2929 3085; x_wconf 87' lang='lat' dir='ltr'><strong>ripam</strong></span> <span class='ocrx_word' id='word_1_403' title='bbox 2949 3016 3287 3072; x_wconf 87' lang='lat' dir='ltr'><strong>Ticinensem</strong></span> <span class='ocrx_word' id='word_1_404' title='bbox 3309 3029 3365 3074; x_wconf 90' lang='lat' dir='ltr'><strong>et</strong></span> <span class='ocrx_word' id='word_1_405' title='bbox 3384 3018 3775 3089; x_wconf 80' lang='lat' dir='ltr'><strong>Placentinam,</strong></span> 
     </span>
    </p>
   </div>
   <div class='ocr_carea' id='block_1_64' title="bbox 2193 3105 3774 3175">
    <p class='ocr_par' dir='ltr' id='par_1_64' title="bbox 2193 3105 3774 3175">
     <span class='ocr_line' id='line_1_64' title="bbox 2193 3105 3774 3175; baseline 0.003 -16"><span class='ocrx_word' id='word_1_406' title='bbox 2193 3106 2308 3160; x_wconf 90' lang='lat' dir='ltr'><strong>sive</strong></span> <span class='ocrx_word' id='word_1_407' title='bbox 2337 3120 2432 3175; x_wconf 90' lang='lat' dir='ltr'><strong>per</strong></span> <span class='ocrx_word' id='word_1_408' title='bbox 2459 3105 2561 3159; x_wconf 88' lang='lat' dir='ltr'><strong>alia</strong></span> <span class='ocrx_word' id='word_1_409' title='bbox 2605 3105 2721 3161; x_wconf 88' lang='lat' dir='ltr'><strong>loca</strong></span> <span class='ocrx_word' id='word_1_410' title='bbox 2768 3106 3074 3175; x_wconf 89' lang='lat' dir='ltr'><strong>quicunque</strong></span> <span class='ocrx_word' id='word_1_411' title='bbox 3102 3106 3347 3175; x_wconf 88' lang='lat' dir='ltr'><strong>publicos</strong></span> <span class='ocrx_word' id='word_1_412' title='bbox 3395 3108 3583 3163; x_wconf 84' lang='lat' dir='ltr'><strong>titulos</strong></span> <span class='ocrx_word' id='word_1_413' title='bbox 3607 3110 3774 3166; x_wconf 83' lang='lat' dir='ltr'><strong>admi-</strong></span> 
     </span>
    </p>
   </div>
   <div class='ocr_carea' id='block_1_65' title="bbox 499 3193 3774 3287">
    <p class='ocr_par' dir='ltr' id='par_1_65' title="bbox 499 3193 3774 3287">
     <span class='ocr_line' id='line_1_65' title="bbox 499 3193 3774 3287; baseline 0.002 -22"><span class='ocrx_word' id='word_1_414' title='bbox 499 3226 619 3265; x_wconf 88' lang='lat' dir='ltr'><strong>eam</strong></span> <span class='ocrx_word' id='word_1_415' title='bbox 649 3228 756 3268; x_wconf 88' lang='lat' dir='ltr'><strong>non</strong></span> <span class='ocrx_word' id='word_1_416' title='bbox 780 3193 1088 3284; x_wconf 61' lang='lat' dir='ltr'><strong>paeniteret,</strong></span> <span class='ocrx_word' id='word_1_417' title='bbox 1130 3193 1338 3270; x_wconf 80' lang='lat' dir='ltr'><strong>mutata</strong></span> <span class='ocrx_word' id='word_1_418' title='bbox 1378 3193 1663 3286; x_wconf 76' lang='lat' dir='ltr'><strong>religione.</strong></span> <span class='ocrx_word' id='word_1_419' title='bbox 1689 3193 1895 3272; x_wconf 78' lang='lat' dir='ltr'><strong>Earum</strong></span> <span class='ocrx_word' id='word_1_420' title='bbox 1922 3221 2091 3287; x_wconf 87' lang='lat' dir='ltr'><strong>siqui-</strong></span> <span class='ocrx_word' id='word_1_421' title='bbox 2118 3193 2167 3257; x_wconf 69' lang='grc' dir='ltr'><strong>θ</strong></span> <span class='ocrx_word' id='word_1_422' title='bbox 2199 3199 2429 3253; x_wconf 50' lang='lat' dir='ltr'><strong>&quot;istm&quot;?</strong></span> <span class='ocrx_word' id='word_1_423' title='bbox 2466 3207 2781 3264; x_wconf 70' lang='grc' dir='ltr'><strong>ηοεευηιιπν</strong></span> <span class='ocrx_word' id='word_1_424' title='bbox 2812 3213 2949 3267; x_wconf 70' lang='lat' dir='ltr'><strong>quos</strong></span> <span class='ocrx_word' id='word_1_425' title='bbox 2987 3214 3019 3253; x_wconf 73' lang='grc'><strong>³</strong></span> <span class='ocrx_word' id='word_1_426' title='bbox 3047 3198 3200 3254; x_wconf 54' lang='lat' dir='ltr'><strong>“ibis</strong></span> <span class='ocrx_word' id='word_1_427' title='bbox 3246 3200 3608 3269; x_wconf 67' lang='lat' dir='ltr'><strong>comperimus</strong></span> <span class='ocrx_word' id='word_1_428' title='bbox 3634 3201 3774 3256; x_wconf 61' lang='grc' dir='ltr'><strong>οΐάίο</strong></span> 
     </span>
    </p>
   </div>
   <div class='ocr_carea' id='block_1_66' title="bbox 498 3302 2092 3375">
    <p class='ocr_par' dir='ltr' id='par_1_66' title="bbox 498 3302 2092 3375">
     <span class='ocr_line' id='line_1_66' title="bbox 498 3302 2092 3375; baseline 0.004 -19"><span class='ocrx_word' id='word_1_429' title='bbox 498 3302 621 3356; x_wconf 90' lang='lat' dir='ltr'><strong>dem</strong></span> <span class='ocrx_word' id='word_1_430' title='bbox 650 3318 829 3358; x_wconf 89' lang='lat' dir='ltr'><strong>rerum</strong></span> <span class='ocrx_word' id='word_1_431' title='bbox 852 3304 1112 3372; x_wconf 92' lang='lat' dir='ltr'><strong>judicium</strong></span> <span class='ocrx_word' id='word_1_432' title='bbox 1144 3321 1250 3359; x_wconf 92' lang='lat' dir='ltr'><strong>non</strong></span> <span class='ocrx_word' id='word_1_433' title='bbox 1282 3308 1679 3375; x_wconf 78' lang='lat' dir='ltr'><strong>praesumimus,</strong></span> <span class='ocrx_word' id='word_1_434' title='bbox 1697 3307 1843 3363; x_wconf 90' lang='lat' dir='ltr'><strong>unde</strong></span> <span class='ocrx_word' id='word_1_435' title='bbox 1871 3310 2092 3362; x_wconf 88' lang='lat' dir='ltr'><strong>manda-</strong></span> 
     </span>
    </p>
   </div>
   <div class='ocr_carea' id='block_1_67' title="bbox 500 3393 2094 3463">
    <p class='ocr_par' dir='ltr' id='par_1_67' title="bbox 500 3393 2094 3463">
     <span class='ocr_line' id='line_1_67' title="bbox 500 3393 2094 3463; baseline 0.006 -19"><span class='ocrx_word' id='word_1_436' title='bbox 500 3400 615 3446; x_wconf 90' lang='lat' dir='ltr'><strong>tum</strong></span> <span class='ocrx_word' id='word_1_437' title='bbox 655 3393 962 3463; x_wconf 87' lang='lat' dir='ltr'><strong>specialiter</strong></span> <span class='ocrx_word' id='word_1_438' title='bbox 990 3410 1098 3448; x_wconf 92' lang='lat' dir='ltr'><strong>non</strong></span> <span class='ocrx_word' id='word_1_439' title='bbox 1138 3394 1421 3451; x_wconf 85' lang='lat' dir='ltr'><strong>habemus.</strong></span> <span class='ocrx_word' id='word_1_440' title='bbox 1452 3397 1587 3452; x_wconf 82' lang='lat' dir='ltr'><strong>Nam</strong></span> <span class='ocrx_word' id='word_1_441' title='bbox 1612 3408 1637 3436; x_wconf 78' lang='grc' dir='ltr'>ι</span> <span class='ocrx_word' id='word_1_442' title='bbox 1668 3412 1794 3452; x_wconf 74' lang='lat' dir='ltr'><strong>cum</strong></span> <span class='ocrx_word' id='word_1_443' title='bbox 1833 3400 2094 3454; x_wconf 66' lang='lat' dir='ltr'><strong>Divinitas</strong></span> 
     </span>
    </p>
   </div>
   <div class='ocr_carea' id='block_1_68' title="bbox 497 3480 2093 3552">
    <p class='ocr_par' dir='ltr' id='par_1_68' title="bbox 497 3480 2093 3552">
     <span class='ocr_line' id='line_1_68' title="bbox 497 3480 2093 3552; baseline 0.006 -20"><span class='ocrx_word' id='word_1_444' title='bbox 497 3480 739 3549; x_wconf 84' lang='lat' dir='ltr'><strong>patiatur</strong></span> <span class='ocrx_word' id='word_1_445' title='bbox 765 3480 1003 3536; x_wconf 86' lang='lat' dir='ltr'><strong>diversas</strong></span> <span class='ocrx_word' id='word_1_446' title='bbox 1030 3483 1320 3552; x_wconf 87' lang='lat' dir='ltr'><strong>religiones</strong></span> <span class='ocrx_word' id='word_1_447' title='bbox 1346 3501 1486 3552; x_wconf 88' lang='lat' dir='ltr'><strong>esse,</strong></span> <span class='ocrx_word' id='word_1_448' title='bbox 1534 3502 1632 3541; x_wconf 90' lang='lat' dir='ltr'><strong>nos</strong></span> <span class='ocrx_word' id='word_1_449' title='bbox 1654 3502 1816 3541; x_wconf 88' lang='lat' dir='ltr'><strong>unam</strong></span> <span class='ocrx_word' id='word_1_450' title='bbox 1858 3504 1965 3542; x_wconf 91' lang='lat' dir='ltr'><strong>non</strong></span> <span class='ocrx_word' id='word_1_451' title='bbox 1996 3504 2093 3542; x_wconf 86' lang='lat' dir='ltr'><strong>au-</strong></span> 
     </span>
    </p>
   </div>
   <div class='ocr_carea' id='block_1_69' title="bbox 476 3570 2093 3646">
    <p class='ocr_par' dir='ltr' id='par_1_69' title="bbox 476 3570 2093 3646">
     <span class='ocr_line' id='line_1_69' title="bbox 476 3570 2093 3646; baseline 0.009 -28"><span class='ocrx_word' id='word_1_452' title='bbox 476 3570 691 3625; x_wconf 14' lang='lat' dir='ltr'><strong>.l&#39;demus</strong></span> <span class='ocrx_word' id='word_1_453' title='bbox 714 3571 1011 3640; x_wconf 88' lang='lat' dir='ltr'><strong>imponere.</strong></span> <span class='ocrx_word' id='word_1_454' title='bbox 1046 3573 1361 3630; x_wconf 83' lang='lat' dir='ltr'><strong>Retinemus</strong></span> <span class='ocrx_word' id='word_1_455' title='bbox 1381 3578 1521 3632; x_wconf 92' lang='lat' dir='ltr'><strong>enim</strong></span> <span class='ocrx_word' id='word_1_456' title='bbox 1547 3578 1742 3646; x_wconf 89' lang='lat' dir='ltr'><strong>legisse</strong></span> <span class='ocrx_word' id='word_1_457' title='bbox 1768 3595 1869 3635; x_wconf 89' lang='lat' dir='ltr'><strong>nos</strong></span> <span class='ocrx_word' id='word_1_458' title='bbox 1900 3580 2093 3635; x_wconf 89' lang='lat' dir='ltr'><strong>volun-</strong></span> 
     </span>
    </p>
   </div>
   <div class='ocr_carea' id='block_1_70' title="bbox 466 3663 2091 3742">
    <p class='ocr_par' dir='ltr' id='par_1_70' title="bbox 466 3663 2091 3742">
     <span class='ocr_line' id='line_1_70' title="bbox 466 3663 2091 3742; baseline 0.008 -27"><span class='ocrx_word' id='word_1_459' title='bbox 504 3664 642 3717; x_wconf 90' lang='lat' dir='ltr'><strong>tarie</strong></span> <span class='ocrx_word' id='word_1_460' title='bbox 664 3663 1074 3722; x_wconf 85' lang='lat' dir='ltr'><strong>sacrificandum</strong></span> <span class='ocrx_word' id='word_1_461' title='bbox 1096 3683 1217 3724; x_wconf 89' lang='lat' dir='ltr'><strong>esse</strong></span> <span class='ocrx_word' id='word_1_462' title='bbox 1249 3669 1497 3735; x_wconf 89' lang='lat' dir='ltr'><strong>Domino,</strong></span> <span class='ocrx_word' id='word_1_463' title='bbox 1523 3688 1633 3726; x_wconf 89' lang='lat' dir='ltr'><strong>non</strong></span> <span class='ocrx_word' id='word_1_464' title='bbox 1655 3672 1973 3742; x_wconf 89' lang='lat' dir='ltr'><strong>cujusquam</strong></span> <span class='ocrx_word' id='word_1_465' title='bbox 1996 3690 2091 3728; x_wconf 92' lang='lat' dir='ltr'><strong>co-</strong></span> 
     </span>
    </p>
   </div>
   <div class='ocr_carea' id='block_1_71' title="bbox 458 3753 2089 3829">
    <p class='ocr_par' dir='ltr' id='par_1_71' title="bbox 458 3753 2089 3829">
     <span class='ocr_line' id='line_1_71' title="bbox 458 3753 2089 3829; baseline 0.009 -24"><span class='ocrx_word' id='word_1_466' title='bbox 458 3792 463 3799; x_wconf 67' lang='grc' dir='ltr'><strong><em>ρ</em></strong></span> <span class='ocrx_word' id='word_1_467' title='bbox 502 3753 677 3820; x_wconf 79' lang='lat' dir='ltr'><strong>gentis</strong></span> <span class='ocrx_word' id='word_1_468' title='bbox 719 3754 967 3824; x_wconf 89' lang='lat' dir='ltr'><strong>imperio.</strong></span> <span class='ocrx_word' id='word_1_469' title='bbox 1011 3756 1165 3823; x_wconf 85' lang='lat' dir='ltr'><strong>Quod</strong></span> <span class='ocrx_word' id='word_1_470' title='bbox 1215 3759 1307 3827; x_wconf 91' lang='lat' dir='ltr'><strong>qui</strong></span> <span class='ocrx_word' id='word_1_471' title='bbox 1356 3761 1512 3815; x_wconf 75' lang='lat' dir='ltr'><strong>aliter</strong></span> <span class='ocrx_word' id='word_1_472' title='bbox 1559 3761 1739 3817; x_wconf 84' lang='lat' dir='ltr'><strong>facere</strong></span> <span class='ocrx_word' id='word_1_473' title='bbox 1781 3766 2089 3829; x_wconf 84' lang='lat' dir='ltr'><strong>tentaverit,</strong></span> 
     </span>
    </p>
   </div>
   <div class='ocr_carea' id='block_1_72' title="bbox 453 3843 2091 3916">
    <p class='ocr_par' dir='ltr' id='par_1_72' title="bbox 453 3843 2091 3916">
     <span class='ocr_line' id='line_1_72' title="bbox 453 3843 2091 3916; baseline 0.006 -18"><span class='ocrx_word' id='word_1_474' title='bbox 453 3876 459 3885; x_wconf 96' lang='lat'><strong><em>-</em></strong></span> <span class='ocrx_word' id='word_1_475' title='bbox 500 3843 781 3900; x_wconf 88' lang='lat' dir='ltr'><strong>evidenter</strong></span> <span class='ocrx_word' id='word_1_476' title='bbox 837 3846 1148 3901; x_wconf 80' lang='lat' dir='ltr'><strong>eteiestibus</strong></span> <span class='ocrx_word' id='word_1_477' title='bbox 1183 3847 1515 3916; x_wconf 87' lang='lat' dir='ltr'><strong>jussionibus</strong></span> <span class='ocrx_word' id='word_1_478' title='bbox 1576 3851 1834 3907; x_wconf 87' lang='lat' dir='ltr'><strong>obviavit.</strong></span> <span class='ocrx_word' id='word_1_479' title='bbox 1901 3854 2091 3909; x_wconf 81' lang='lat' dir='ltr'><strong>Merito</strong></span> 
     </span>
    </p>
   </div>
   <div class='ocr_carea' id='block_1_73' title="bbox 448 3938 2091 4020">
    <p class='ocr_par' dir='ltr' id='par_1_73' title="bbox 448 3938 2091 4020">
     <span class='ocr_line' id='line_1_73' title="bbox 448 3938 2091 4020; baseline 0.01 -31"><span class='ocrx_word' id='word_1_480' title='bbox 448 3969 453 3973; x_wconf 56' lang='grc' dir='ltr'><strong>ρ</strong></span> <span class='ocrx_word' id='word_1_481' title='bbox 500 3951 632 4005; x_wconf 87' lang='lat' dir='ltr'><strong>ergo</strong></span> <span class='ocrx_word' id='word_1_482' title='bbox 656 3938 831 4008; x_wconf 88' lang='lat' dir='ltr'><strong>pietas</strong></span> <span class='ocrx_word' id='word_1_483' title='bbox 854 3948 1033 3994; x_wconf 89' lang='lat' dir='ltr'><strong>vestra</strong></span> <span class='ocrx_word' id='word_1_484' title='bbox 1058 3941 1248 3995; x_wconf 87' lang='lat' dir='ltr'><strong>invitat</strong></span> <span class='ocrx_word' id='word_1_485' title='bbox 1268 3958 1367 3998; x_wconf 91' lang='lat' dir='ltr'><strong>nos</strong></span> <span class='ocrx_word' id='word_1_486' title='bbox 1394 3945 1460 3999; x_wconf 88' lang='lat' dir='ltr'><strong>ad</strong></span> <span class='ocrx_word' id='word_1_487' title='bbox 1487 3945 1611 4000; x_wconf 90' lang='lat' dir='ltr'><strong>talia</strong></span> <span class='ocrx_word' id='word_1_488' title='bbox 1636 3963 1754 4017; x_wconf 79' lang='lat' dir='ltr'><strong>qua:</strong></span> <span class='ocrx_word' id='word_1_489' title='bbox 1775 3949 1932 4004; x_wconf 87' lang='lat' dir='ltr'><strong>nobis</strong></span> <span class='ocrx_word' id='word_1_490' title='bbox 1956 3966 2091 4020; x_wconf 81' lang='lat' dir='ltr'><strong>pra:-</strong></span> 
     </span>
    </p>
   </div>
   <div class='ocr_carea' id='block_1_74' title="bbox 445 4028 1214 4098">
    <p class='ocr_par' dir='ltr' id='par_1_74' title="bbox 445 4028 1214 4098">
     <span class='ocr_line' id='line_1_74' title="bbox 445 4028 1214 4098; baseline 0.009 -17"><span class='ocrx_word' id='word_1_491' title='bbox 445 4061 456 4075; x_wconf 69' lang='lat'><strong>~.</strong></span> <span class='ocrx_word' id='word_1_492' title='bbox 489 4028 710 4098; x_wconf 71' lang='lat' dir='ltr'><strong>cipiunt</strong></span> <span class='ocrx_word' id='word_1_493' title='bbox 736 4029 915 4087; x_wconf 87' lang='lat' dir='ltr'><strong>divina</strong></span> <span class='ocrx_word' id='word_1_494' title='bbox 939 4033 1214 4088; x_wconf 88' lang='lat' dir='ltr'><strong>mandata.</strong></span> 
     </span>
    </p>
   </div>
   <div class='ocr_carea' id='block_1_75' title="bbox 1004 4167 1585 4229">
    <p class='ocr_par' dir='ltr' id='par_1_75' title="bbox 1004 4167 1585 4229">
     <span class='ocr_line' id='line_1_75' title="bbox 1004 4167 1585 4229; baseline 0.012 -8"><span class='ocrx_word' id='word_1_495' title='bbox 1004 4167 1334 4224; x_wconf 78' lang='lat' dir='ltr'><strong>EPISTOLA</strong></span> <span class='ocrx_word' id='word_1_496' title='bbox 1372 4170 1585 4229; x_wconf 78' lang='lat' dir='ltr'><strong>XXVII.</strong></span> 
     </span>
    </p>
   </div>
   <div class='ocr_carea' id='block_1_76' title="bbox 494 4294 2033 4347">
    <p class='ocr_par' dir='ltr' id='par_1_76' title="bbox 494 4294 2033 4347">
     <span class='ocr_line' id='line_1_76' title="bbox 494 4294 2033 4347; baseline 0.011 -17"><span class='ocrx_word' id='word_1_497' title='bbox 494 4294 809 4334; x_wconf 62' lang='grc' dir='ltr'><strong>θ’·διεκλτοηι</strong></span> <span class='ocrx_word' id='word_1_498' title='bbox 838 4296 1130 4336; x_wconf 66' lang='lat' dir='ltr'><strong>PMFECTO</strong></span> <span class='ocrx_word' id='word_1_499' title='bbox 1173 4299 1452 4340; x_wconf 73' lang='grc' dir='ltr'><strong>ΡΒᾸΞΤΟΙΠΟ</strong></span> <span class='ocrx_word' id='word_1_500' title='bbox 1495 4303 1877 4345; x_wconf 73' lang='grc' dir='ltr'><strong>τηεουλιηουδ</strong></span> <span class='ocrx_word' id='word_1_501' title='bbox 1905 4309 2033 4347; x_wconf 66' lang='lat' dir='ltr'><strong>REX.</strong></span> 
     </span>
    </p>
   </div>
   <div class='ocr_carea' id='block_1_77' title="bbox 488 4366 2049 4448">
    <p class='ocr_par' dir='ltr' id='par_1_77' title="bbox 488 4366 2049 4448">
     <span class='ocr_line' id='line_1_77' title="bbox 488 4366 2049 4448; baseline 0.012 -30"><span class='ocrx_word' id='word_1_502' title='bbox 488 4374 505 4411; x_wconf 69' lang='grc' dir='ltr'>Γ</span> <span class='ocrx_word' id='word_1_503' title='bbox 532 4366 692 4421; x_wconf 79' lang='lat' dir='ltr'><strong>Jubet</strong></span> <span class='ocrx_word' id='word_1_504' title='bbox 726 4380 780 4422; x_wconf 88' lang='lat' dir='ltr'><strong>ut</strong></span> <span class='ocrx_word' id='word_1_505' title='bbox 814 4369 1061 4439; x_wconf 80' lang='lat' dir='ltr'><strong>Ligurum</strong></span> <span class='ocrx_word' id='word_1_506' title='bbox 1098 4372 1504 4443; x_wconf 81' lang='lat' dir='ltr'><strong>Venetorumque</strong></span> <span class='ocrx_word' id='word_1_507' title='bbox 1532 4378 1726 4448; x_wconf 66' lang='lat' dir='ltr'><strong>inopia:</strong></span> <span class='ocrx_word' id='word_1_508' title='bbox 1762 4394 2049 4437; x_wconf 85' lang='lat' dir='ltr'><strong>succurrat.</strong></span> 
     </span>
    </p>
   </div>
   <div class='ocr_carea' id='block_1_78' title="bbox 532 4458 2086 4549">
    <p class='ocr_par' dir='ltr' id='par_1_78' title="bbox 532 4458 2086 4549">
     <span class='ocr_line' id='line_1_78' title="bbox 532 4458 2086 4549; baseline 0.013 -40"><span class='ocrx_word' id='word_1_509' title='bbox 532 4467 549 4479; x_wconf 67' lang='lat'><strong><em>&quot;</em></strong></span> <span class='ocrx_word' id='word_1_510' title='bbox 576 4458 690 4537; x_wconf 69' lang='lat' dir='ltr'><strong>Non</strong></span> <span class='ocrx_word' id='word_1_511' title='bbox 720 4459 930 4522; x_wconf 48' lang='lat' dir='ltr'><strong>dare‘b,</strong></span> <span class='ocrx_word' id='word_1_512' title='bbox 973 4464 1065 4516; x_wconf 64' lang='lat' dir='ltr'><strong>sed</strong></span> <span class='ocrx_word' id='word_1_513' title='bbox 1114 4465 1337 4520; x_wconf 88' lang='lat' dir='ltr'><strong>reddere</strong></span> <span class='ocrx_word' id='word_1_514' title='bbox 1377 4466 1590 4549; x_wconf 83' lang='lat' dir='ltr'><strong>videtur</strong></span> <span class='ocrx_word' id='word_1_515' title='bbox 1628 4485 1801 4540; x_wconf 87' lang='lat' dir='ltr'><strong>expen</strong></span> <span class='ocrx_word' id='word_1_516' title='bbox 1833 4488 1915 4536; x_wconf 80' lang='lat' dir='ltr'><strong>as,</strong></span> <span class='ocrx_word' id='word_1_517' title='bbox 1942 4476 2086 4541; x_wconf 86' lang='lat' dir='ltr'><strong>quis-</strong></span> 
     </span>
    </p>
   </div>
   <div class='ocr_carea' id='block_1_79' title="bbox 2196 3291 3774 3363">
    <p class='ocr_par' dir='ltr' id='par_1_79' title="bbox 2196 3291 3774 3363">
     <span class='ocr_line' id='line_1_79' title="bbox 2196 3291 3774 3363; baseline 0.003 -18"><span class='ocrx_word' id='word_1_518' title='bbox 2196 3300 2373 3354; x_wconf 88' lang='lat' dir='ltr'><strong>natos,</strong></span> <span class='ocrx_word' id='word_1_519' title='bbox 2415 3291 2570 3361; x_wconf 87' lang='lat' dir='ltr'><strong>cujus</strong></span> <span class='ocrx_word' id='word_1_520' title='bbox 2608 3292 2809 3361; x_wconf 89' lang='lat' dir='ltr'><strong>judicia</strong></span> <span class='ocrx_word' id='word_1_521' title='bbox 2859 3293 2938 3347; x_wconf 88' lang='lat' dir='ltr'><strong>sic</strong></span> <span class='ocrx_word' id='word_1_522' title='bbox 2983 3292 3215 3348; x_wconf 90' lang='lat' dir='ltr'><strong>libenter</strong></span> <span class='ocrx_word' id='word_1_523' title='bbox 3259 3294 3657 3363; x_wconf 86' lang='lat' dir='ltr'><strong>amplectimur,</strong></span> <span class='ocrx_word' id='word_1_524' title='bbox 3699 3295 3774 3349; x_wconf 79' lang='lat' dir='ltr'><strong>sic</strong></span> 
     </span>
    </p>
   </div>
   <div class='ocr_carea' id='block_1_80' title="bbox 2195 3384 3777 3456">
    <p class='ocr_par' dir='ltr' id='par_1_80' title="bbox 2195 3384 3777 3456">
     <span class='ocr_line' id='line_1_80' title="bbox 2195 3384 3777 3456; baseline 0.004 -19"><span class='ocrx_word' id='word_1_525' title='bbox 2195 3384 2399 3437; x_wconf 86' lang='lat' dir='ltr'><strong>servari</strong></span> <span class='ocrx_word' id='word_1_526' title='bbox 2449 3384 2836 3449; x_wconf 86' lang='lat' dir='ltr'><strong>desideramus,</strong></span> <span class='ocrx_word' id='word_1_527' title='bbox 2880 3393 3136 3456; x_wconf 82' lang='lat' dir='ltr'><strong>tanquam</strong></span> <span class='ocrx_word' id='word_1_528' title='bbox 3188 3400 3220 3440; x_wconf 91' lang='lat' dir='ltr'><strong>a</strong></span> <span class='ocrx_word' id='word_1_529' title='bbox 3275 3387 3431 3442; x_wconf 88' lang='lat' dir='ltr'><strong>nobis</strong></span> <span class='ocrx_word' id='word_1_530' title='bbox 3464 3387 3604 3443; x_wconf 82' lang='lat' dir='ltr'><strong>facta</strong></span> <span class='ocrx_word' id='word_1_531' title='bbox 3655 3404 3777 3444; x_wconf 73' lang='lat' dir='ltr'><strong>esse</strong></span> 
     </span>
    </p>
   </div>
   <div class='ocr_carea' id='block_1_81' title="bbox 2192 3473 3776 3552">
    <p class='ocr_par' dir='ltr' id='par_1_81' title="bbox 2192 3473 3776 3552">
     <span class='ocr_line' id='line_1_81' title="bbox 2192 3473 3776 3552; baseline 0.004 -23"><span class='ocrx_word' id='word_1_532' title='bbox 2192 3473 2510 3541; x_wconf 84' lang='lat' dir='ltr'><strong>credantur;</strong></span> <span class='ocrx_word' id='word_1_533' title='bbox 2543 3490 2643 3531; x_wconf 89' lang='lat' dir='ltr'><strong>nec</strong></span> <span class='ocrx_word' id='word_1_534' title='bbox 2670 3477 2896 3532; x_wconf 85' lang='lat' dir='ltr'><strong>sinimus</strong></span> <span class='ocrx_word' id='word_1_535' title='bbox 2920 3489 3108 3533; x_wconf 85' lang='lat' dir='ltr'><strong>contra</strong></span> <span class='ocrx_word' id='word_1_536' title='bbox 3133 3479 3257 3534; x_wconf 87' lang='lat' dir='ltr'><strong>illos</strong></span> <span class='ocrx_word' id='word_1_537' title='bbox 3286 3480 3594 3549; x_wconf 81' lang='lat' dir='ltr'><strong>cujusquam</strong></span> <span class='ocrx_word' id='word_1_538' title='bbox 3637 3497 3776 3552; x_wconf 63' lang='lat' dir='ltr'><strong>pra:-</strong></span> 
     </span>
    </p>
   </div>
   <div class='ocr_carea' id='block_1_82' title="bbox 2193 3569 3775 3640">
    <p class='ocr_par' dir='ltr' id='par_1_82' title="bbox 2193 3569 3775 3640">
     <span class='ocr_line' id='line_1_82' title="bbox 2193 3569 3775 3640; baseline 0.005 -18"><span class='ocrx_word' id='word_1_539' title='bbox 2193 3569 2373 3623; x_wconf 88' lang='lat' dir='ltr'><strong>valere</strong></span> <span class='ocrx_word' id='word_1_540' title='bbox 2402 3569 2681 3630; x_wconf 86' lang='lat' dir='ltr'><strong>malitiam,</strong></span> <span class='ocrx_word' id='word_1_541' title='bbox 2709 3571 2802 3639; x_wconf 90' lang='lat' dir='ltr'><strong>qui</strong></span> <span class='ocrx_word' id='word_1_542' title='bbox 2839 3580 3024 3627; x_wconf 88' lang='lat' dir='ltr'><strong>vestro</strong></span> <span class='ocrx_word' id='word_1_543' title='bbox 3042 3571 3253 3640; x_wconf 83' lang='lat' dir='ltr'><strong>judicio</strong></span> <span class='ocrx_word' id='word_1_544' title='bbox 3282 3573 3775 3630; x_wconf 81' lang='lat' dir='ltr'><strong>administrationes</strong></span> 
     </span>
    </p>
   </div>
   <div class='ocr_carea' id='block_1_83' title="bbox 2193 3658 3771 3735">
    <p class='ocr_par' dir='ltr' id='par_1_83' title="bbox 2193 3658 3771 3735">
     <span class='ocr_line' id='line_1_83' title="bbox 2193 3658 3771 3735; baseline 0.006 -23"><span class='ocrx_word' id='word_1_545' title='bbox 2193 3658 2435 3727; x_wconf 87' lang='lat' dir='ltr'><strong>publicas</strong></span> <span class='ocrx_word' id='word_1_546' title='bbox 2460 3672 2833 3731; x_wconf 88' lang='lat' dir='ltr'><strong>susceperunt.</strong></span> <span class='ocrx_word' id='word_1_547' title='bbox 2865 3662 3208 3734; x_wconf 81' lang='lat' dir='ltr'><strong>Quapropter</strong></span> <span class='ocrx_word' id='word_1_548' title='bbox 3231 3666 3286 3721; x_wconf 83' lang='lat' dir='ltr'><strong>in</strong></span> <span class='ocrx_word' id='word_1_549' title='bbox 3331 3666 3624 3735; x_wconf 80' lang='lat' dir='ltr'><strong>designatis</strong></span> <span class='ocrx_word' id='word_1_550' title='bbox 3653 3668 3771 3723; x_wconf 66' lang='lat' dir='ltr'><strong>titu~</strong></span> 
     </span>
    </p>
   </div>
   <div class='ocr_carea' id='block_1_84' title="bbox 2193 3749 3770 3825">
    <p class='ocr_par' dir='ltr' id='par_1_84' title="bbox 2193 3749 3770 3825">
     <span class='ocr_line' id='line_1_84' title="bbox 2193 3749 3770 3825; baseline 0.003 -23"><span class='ocrx_word' id='word_1_551' title='bbox 2193 3749 2260 3803; x_wconf 89' lang='lat' dir='ltr'><strong>lis</strong></span> <span class='ocrx_word' id='word_1_552' title='bbox 2311 3752 2559 3819; x_wconf 88' lang='lat' dir='ltr'><strong>ambitio,</strong></span> <span class='ocrx_word' id='word_1_553' title='bbox 2603 3752 2818 3806; x_wconf 90' lang='lat' dir='ltr'><strong>inimica</strong></span> <span class='ocrx_word' id='word_1_554' title='bbox 2856 3768 3071 3823; x_wconf 88' lang='lat' dir='ltr'><strong>semper</strong></span> <span class='ocrx_word' id='word_1_555' title='bbox 3112 3753 3353 3823; x_wconf 72' lang='lat' dir='ltr'><strong>justitiaz,</strong></span> <span class='ocrx_word' id='word_1_556' title='bbox 3384 3756 3770 3825; x_wconf 84' lang='lat' dir='ltr'><strong>conquiescat;</strong></span> 
     </span>
    </p>
   </div>
   <div class='ocr_carea' id='block_1_85' title="bbox 2192 3841 3770 3916">
    <p class='ocr_par' dir='ltr' id='par_1_85' title="bbox 2192 3841 3770 3916">
     <span class='ocr_line' id='line_1_85' title="bbox 2192 3841 3770 3916; baseline 0.005 -25"><span class='ocrx_word' id='word_1_557' title='bbox 2192 3841 2721 3896; x_wconf 81' lang='lat' dir='ltr'><strong>consuctudinarium</strong></span> <span class='ocrx_word' id='word_1_558' title='bbox 2772 3844 2911 3898; x_wconf 86' lang='lat' dir='ltr'><strong>bene</strong></span> <span class='ocrx_word' id='word_1_559' title='bbox 2968 3844 3252 3911; x_wconf 82' lang='lat' dir='ltr'><strong>agentibus</strong></span> <span class='ocrx_word' id='word_1_560' title='bbox 3304 3846 3482 3902; x_wconf 83' lang='lat' dir='ltr'><strong>locum</strong></span> <span class='ocrx_word' id='word_1_561' title='bbox 3533 3847 3770 3916; x_wconf 88' lang='lat' dir='ltr'><strong>protinus</strong></span> 
     </span>
    </p>
   </div>
   <div class='ocr_carea' id='block_1_86' title="bbox 2195 3930 3769 4009">
    <p class='ocr_par' dir='ltr' id='par_1_86' title="bbox 2195 3930 3769 4009">
     <span class='ocr_line' id='line_1_86' title="bbox 2195 3930 3769 4009; baseline 0.007 -27"><span class='ocrx_word' id='word_1_562' title='bbox 2195 3930 2447 3985; x_wconf 83' lang='lat' dir='ltr'><strong>tollamus</strong></span> <span class='ocrx_word' id='word_1_563' title='bbox 2496 3933 2737 4000; x_wconf 77' lang='lat' dir='ltr'><strong>invidim;</strong></span> <span class='ocrx_word' id='word_1_564' title='bbox 2779 3949 2887 3989; x_wconf 92' lang='lat' dir='ltr'><strong>non</strong></span> <span class='ocrx_word' id='word_1_565' title='bbox 2938 3935 3100 3990; x_wconf 86' lang='lat' dir='ltr'><strong>liceat</strong></span> <span class='ocrx_word' id='word_1_566' title='bbox 3136 3938 3389 4006; x_wconf 76' lang='lat' dir='ltr'><strong>cuiquam</strong></span> <span class='ocrx_word' id='word_1_567' title='bbox 3431 3939 3572 3993; x_wconf 87' lang='lat' dir='ltr'><strong>intra</strong></span> <span class='ocrx_word' id='word_1_568' title='bbox 3622 3942 3769 4009; x_wconf 86' lang='lat' dir='ltr'><strong>quin-</strong></span> 
     </span>
    </p>
   </div>
   <div class='ocr_carea' id='block_1_87' title="bbox 2190 4022 3769 4092">
    <p class='ocr_par' dir='ltr' id='par_1_87' title="bbox 2190 4022 3769 4092">
     <span class='ocr_line' id='line_1_87' title="bbox 2190 4022 3769 4092; baseline 0.005 -16"><span class='ocrx_word' id='word_1_569' title='bbox 2190 4022 2483 4089; x_wconf 84' lang='lat' dir='ltr'><strong>quennium</strong></span> <span class='ocrx_word' id='word_1_570' title='bbox 2510 4023 2778 4092; x_wconf 79' lang='lat' dir='ltr'><strong>pnedictis</strong></span> <span class='ocrx_word' id='word_1_571' title='bbox 2802 4026 2940 4080; x_wconf 85' lang='lat' dir='ltr'><strong>velle</strong></span> <span class='ocrx_word' id='word_1_572' title='bbox 2975 4027 3285 4091; x_wconf 87' lang='lat' dir='ltr'><strong>succedere,</strong></span> <span class='ocrx_word' id='word_1_573' title='bbox 3316 4028 3363 4083; x_wconf 87' lang='lat' dir='ltr'><strong>si</strong></span> <span class='ocrx_word' id='word_1_574' title='bbox 3394 4038 3573 4083; x_wconf 86' lang='lat' dir='ltr'><strong>tamen</strong></span> <span class='ocrx_word' id='word_1_575' title='bbox 3597 4038 3769 4083; x_wconf 82' lang='lat' dir='ltr'><strong>vestra</strong></span> 
     </span>
    </p>
   </div>
   <div class='ocr_carea' id='block_1_88' title="bbox 2191 4112 3768 4187">
    <p class='ocr_par' dir='ltr' id='par_1_88' title="bbox 2191 4112 3768 4187">
     <span class='ocr_line' id='line_1_88' title="bbox 2191 4112 3768 4187; baseline 0.004 -20"><span class='ocrx_word' id='word_1_576' title='bbox 2191 4113 2535 4180; x_wconf 78' lang='lat' dir='ltr'><strong>inquisitione</strong></span> <span class='ocrx_word' id='word_1_577' title='bbox 2560 4127 2655 4167; x_wconf 90' lang='lat' dir='ltr'><strong>eos</strong></span> <span class='ocrx_word' id='word_1_578' title='bbox 2680 4112 2825 4169; x_wconf 90' lang='lat' dir='ltr'><strong>nulla</strong></span> <span class='ocrx_word' id='word_1_579' title='bbox 2854 4115 3010 4185; x_wconf 89' lang='lat' dir='ltr'><strong>culpa</strong></span> <span class='ocrx_word' id='word_1_580' title='bbox 3056 4118 3342 4187; x_wconf 88' lang='lat' dir='ltr'><strong>respuerit.</strong></span> <span class='ocrx_word' id='word_1_581' title='bbox 3374 4117 3495 4172; x_wconf 90' lang='lat' dir='ltr'><strong>Sint</strong></span> <span class='ocrx_word' id='word_1_582' title='bbox 3521 4133 3652 4187; x_wconf 88' lang='lat' dir='ltr'><strong>ergo</strong></span> <span class='ocrx_word' id='word_1_583' title='bbox 3688 4119 3768 4173; x_wconf 83' lang='lat' dir='ltr'><strong>in-</strong></span> 
     </span>
    </p>
   </div>
   <div class='ocr_carea' id='block_1_89' title="bbox 2190 4205 3773 4273">
    <p class='ocr_par' dir='ltr' id='par_1_89' title="bbox 2190 4205 3773 4273">
     <span class='ocr_line' id='line_1_89' title="bbox 2190 4205 3773 4273; baseline 0.004 -16"><span class='ocrx_word' id='word_1_584' title='bbox 2190 4205 2408 4273; x_wconf 87' lang='lat' dir='ltr'><strong>trepidi,</strong></span> <span class='ocrx_word' id='word_1_585' title='bbox 2429 4206 2521 4273; x_wconf 89' lang='lat' dir='ltr'><strong>qui</strong></span> <span class='ocrx_word' id='word_1_586' title='bbox 2548 4214 2730 4260; x_wconf 88' lang='lat' dir='ltr'><strong>vestra</strong></span> <span class='ocrx_word' id='word_1_587' title='bbox 2754 4207 3030 4264; x_wconf 87' lang='lat' dir='ltr'><strong>voluntate</strong></span> <span class='ocrx_word' id='word_1_588' title='bbox 3051 4210 3135 4264; x_wconf 78' lang='lat' dir='ltr'><strong>vel</strong></span> <span class='ocrx_word' id='word_1_589' title='bbox 3163 4219 3309 4268; x_wconf 67' lang='lat' dir='ltr'><strong>sunt.</strong></span> <span class='ocrx_word' id='word_1_590' title='bbox 3331 4210 3417 4264; x_wconf 89' lang='lat' dir='ltr'><strong>vel</strong></span> <span class='ocrx_word' id='word_1_591' title='bbox 3443 4210 3661 4266; x_wconf 91' lang='lat' dir='ltr'><strong>fuerunt</strong></span> <span class='ocrx_word' id='word_1_592' title='bbox 3688 4228 3773 4266; x_wconf 85' lang='lat' dir='ltr'><strong>0r-</strong></span> 
     </span>
    </p>
   </div>
   <div class='ocr_carea' id='block_1_90' title="bbox 2190 4295 3773 4367">
    <p class='ocr_par' dir='ltr' id='par_1_90' title="bbox 2190 4295 3773 4367">
     <span class='ocr_line' id='line_1_90' title="bbox 2190 4295 3773 4367; baseline 0.006 -18"><span class='ocrx_word' id='word_1_593' title='bbox 2190 4295 2361 4349; x_wconf 86' lang='lat' dir='ltr'><strong>dinati</strong></span> <span class='ocrx_word' id='word_1_594' title='bbox 2392 4314 2405 4350; x_wconf 93' lang='lat'><strong>:</strong></span> <span class='ocrx_word' id='word_1_595' title='bbox 2432 4307 2720 4367; x_wconf 88' lang='lat' dir='ltr'><strong>procurent</strong></span> <span class='ocrx_word' id='word_1_596' title='bbox 2740 4298 2841 4353; x_wconf 89' lang='lat' dir='ltr'><strong>sibi</strong></span> <span class='ocrx_word' id='word_1_597' title='bbox 2869 4302 3174 4355; x_wconf 82' lang='lat' dir='ltr'><strong>necessaria</strong></span> <span class='ocrx_word' id='word_1_598' title='bbox 3213 4303 3408 4357; x_wconf 88' lang='lat' dir='ltr'><strong>securi.</strong></span> <span class='ocrx_word' id='word_1_599' title='bbox 3442 4301 3561 4357; x_wconf 83' lang='lat' dir='ltr'><strong>Non</strong></span> <span class='ocrx_word' id='word_1_600' title='bbox 3594 4303 3773 4358; x_wconf 82' lang='lat' dir='ltr'><strong>timeat</strong></span> 
     </span>
    </p>
   </div>
   <div class='ocr_carea' id='block_1_91' title="bbox 2191 4389 3774 4460">
    <p class='ocr_par' dir='ltr' id='par_1_91' title="bbox 2191 4389 3774 4460">
     <span class='ocr_line' id='line_1_91' title="bbox 2191 4389 3774 4460; baseline 0.003 -17"><span class='ocrx_word' id='word_1_601' title='bbox 2191 4389 2333 4443; x_wconf 89' lang='lat' dir='ltr'><strong>intra</strong></span> <span class='ocrx_word' id='word_1_602' title='bbox 2361 4389 2463 4444; x_wconf 88' lang='lat' dir='ltr'><strong>hoc</strong></span> <span class='ocrx_word' id='word_1_603' title='bbox 2490 4391 2911 4459; x_wconf 85' lang='lat' dir='ltr'><strong>quinquennium</strong></span> <span class='ocrx_word' id='word_1_604' title='bbox 2939 4392 3155 4460; x_wconf 82' lang='lat' dir='ltr'><strong>expelli,</strong></span> <span class='ocrx_word' id='word_1_605' title='bbox 3183 4408 3344 4460; x_wconf 83' lang='lat' dir='ltr'><strong>quem</strong></span> <span class='ocrx_word' id='word_1_606' title='bbox 3366 4394 3774 4448; x_wconf 54' lang='lat' dir='ltr'><strong>commendavec</strong></span> 
     </span>
    </p>
   </div>
   <div class='ocr_carea' id='block_1_92' title="bbox 2196 4481 3773 4554">
    <p class='ocr_par' dir='ltr' id='par_1_92' title="bbox 2196 4481 3773 4554">
     <span class='ocr_line' id='line_1_92' title="bbox 2196 4481 3773 4554; baseline 0.003 -20"><span class='ocrx_word' id='word_1_607' title='bbox 2196 4482 2267 4534; x_wconf 91' lang='lat' dir='ltr'><strong>rit</strong></span> <span class='ocrx_word' id='word_1_608' title='bbox 2306 4482 2547 4551; x_wconf 89' lang='lat' dir='ltr'><strong>probitas</strong></span> <span class='ocrx_word' id='word_1_609' title='bbox 2599 4481 2851 4537; x_wconf 82' lang='lat' dir='ltr'><strong>actionis.</strong></span> <span class='ocrx_word' id='word_1_610' title='bbox 2900 4481 3130 4552; x_wconf 88' lang='lat' dir='ltr'><strong>Propter</strong></span> <span class='ocrx_word' id='word_1_611' title='bbox 3177 4484 3520 4539; x_wconf 84' lang='lat' dir='ltr'><strong>sterilitatem</strong></span> <span class='ocrx_word' id='word_1_612' title='bbox 3561 4499 3773 4554; x_wconf 77' lang='lat' dir='ltr'><strong>quoque</strong></span> 
     </span>
    </p>
   </div>
   <div class='ocr_carea' id='block_1_93' title="bbox 487 4536 3774 4645">
    <p class='ocr_par' dir='ltr' id='par_1_93' title="bbox 487 4536 3774 4645">
     <span class='ocr_line' id='line_1_93' title="bbox 487 4536 3774 4645; baseline 0.01 -48"><span class='ocrx_word' id='word_1_613' title='bbox 487 4548 640 4645; x_wconf 36' lang='lat' dir='ltr'><strong>mnis.</strong></span> <span class='ocrx_word' id='word_1_614' title='bbox 674 4550 963 4645; x_wconf 78' lang='lat' dir='ltr'><strong>tributariis</strong></span> <span class='ocrx_word' id='word_1_615' title='bbox 1009 4554 1190 4620; x_wconf 76' lang='lat' dir='ltr'><strong>aliquo</strong></span> <span class='ocrx_word' id='word_1_616' title='bbox 1237 4557 1480 4613; x_wconf 87' lang='lat' dir='ltr'><strong>remedio</strong></span> <span class='ocrx_word' id='word_1_617' title='bbox 1517 4536 1805 4616; x_wconf 83' lang='lat' dir='ltr'><strong>subvenire</strong></span> <span class='ocrx_word' id='word_1_618' title='bbox 1846 4536 2083 4620; x_wconf 78' lang='lat' dir='ltr'><strong>festinat.</strong></span> <span class='ocrx_word' id='word_1_619' title='bbox 2117 4551 2172 4611; x_wconf 82' lang='grc' dir='ltr'><strong>Ι)</strong></span> <span class='ocrx_word' id='word_1_620' title='bbox 2197 4536 2477 4640; x_wconf 67' lang='lat' dir='ltr'><strong>praesentis</strong></span> <span class='ocrx_word' id='word_1_621' title='bbox 2503 4574 2764 4643; x_wconf 88' lang='lat' dir='ltr'><strong>temporis</strong></span> <span class='ocrx_word' id='word_1_622' title='bbox 2790 4573 2858 4627; x_wconf 90' lang='lat' dir='ltr'><strong>de</strong></span> <span class='ocrx_word' id='word_1_623' title='bbox 2882 4536 3104 4642; x_wconf 70' lang='lat' dir='ltr'><strong>singulis</strong></span> <span class='ocrx_word' id='word_1_624' title='bbox 3123 4575 3427 4645; x_wconf 83' lang='lat' dir='ltr'><strong>speciebus,</strong></span> <span class='ocrx_word' id='word_1_625' title='bbox 3453 4536 3615 4645; x_wconf 61' lang='lat' dir='ltr'><strong>prout</strong></span> <span class='ocrx_word' id='word_1_626' title='bbox 3644 4536 3774 4630; x_wconf 57' lang='lat' dir='ltr'><strong>cini-</strong></span> 
     </span>
    </p>
   </div>
   <div class='ocr_carea' id='block_1_94' title="bbox 496 4637 2085 4724">
    <p class='ocr_par' dir='ltr' id='par_1_94' title="bbox 496 4637 2085 4724">
     <span class='ocr_line' id='line_1_94' title="bbox 496 4637 2085 4724; baseline 0.014 -37"><span class='ocrx_word' id='word_1_627' title='bbox 496 4637 830 4701; x_wconf 44' lang='lat' dir='ltr'><strong>ﬂuid‘enim</strong></span> <span class='ocrx_word' id='word_1_628' title='bbox 856 4639 1053 4703; x_wconf 84' lang='lat' dir='ltr'><strong>justius</strong></span> <span class='ocrx_word' id='word_1_629' title='bbox 1099 4652 1178 4697; x_wconf 85' lang='lat' dir='ltr'><strong>est</strong></span> <span class='ocrx_word' id='word_1_630' title='bbox 1206 4659 1367 4712; x_wconf 80' lang='lat' dir='ltr'><strong>quam</strong></span> <span class='ocrx_word' id='word_1_631' title='bbox 1398 4650 1601 4716; x_wconf 91' lang='lat' dir='ltr'><strong>petenti</strong></span> <span class='ocrx_word' id='word_1_632' title='bbox 1648 4654 1897 4708; x_wconf 88' lang='lat' dir='ltr'><strong>conlerre</strong></span> <span class='ocrx_word' id='word_1_633' title='bbox 1942 4658 2085 4724; x_wconf 82' lang='lat' dir='ltr'><strong>quod</strong></span> 
     </span>
    </p>
   </div>
   <div class='ocr_carea' id='block_1_95' title="bbox 506 4725 2086 4800">
    <p class='ocr_par' dir='ltr' id='par_1_95' title="bbox 506 4725 2086 4800">
     <span class='ocr_line' id='line_1_95' title="bbox 506 4725 2086 4800; baseline 0.014 -21"><span class='ocrx_word' id='word_1_634' title='bbox 506 4725 819 4794; x_wconf 73' lang='lat' dir='ltr'><strong>.ntelligitnr</strong></span> <span class='ocrx_word' id='word_1_635' title='bbox 848 4727 963 4796; x_wconf 85' lang='lat' dir='ltr'><strong>ipse</strong></span> <span class='ocrx_word' id='word_1_636' title='bbox 985 4729 1294 4788; x_wconf 84' lang='lat' dir='ltr'><strong>laborasse?</strong></span> <span class='ocrx_word' id='word_1_637' title='bbox 1318 4737 1396 4789; x_wconf 84' lang='lat' dir='ltr'><strong>Ad</strong></span> <span class='ocrx_word' id='word_1_638' title='bbox 1418 4738 1838 4796; x_wconf 89' lang='lat' dir='ltr'><strong>misericordiam</strong></span> <span class='ocrx_word' id='word_1_639' title='bbox 1864 4744 2086 4800; x_wconf 85' lang='lat' dir='ltr'><strong>forsitan</strong></span> 
     </span>
    </p>
   </div>
   <div class='ocr_carea' id='block_1_96' title="bbox 504 4818 2084 4893">
    <p class='ocr_par' dir='ltr' id='par_1_96' title="bbox 504 4818 2084 4893">
     <span class='ocr_line' id='line_1_96' title="bbox 504 4818 2084 4893; baseline 0.016 -26"><span class='ocrx_word' id='word_1_640' title='bbox 504 4827 796 4887; x_wconf 76' lang='lat' dir='ltr'><strong>poscuntur</strong></span> <span class='ocrx_word' id='word_1_641' title='bbox 823 4818 1014 4885; x_wconf 88' lang='lat' dir='ltr'><strong>otiosi;</strong></span> <span class='ocrx_word' id='word_1_642' title='bbox 1042 4823 1217 4876; x_wconf 91' lang='lat' dir='ltr'><strong>cultor</strong></span> <span class='ocrx_word' id='word_1_643' title='bbox 1255 4828 1366 4893; x_wconf 84' lang='lat' dir='ltr'><strong>agri</strong></span> <span class='ocrx_word' id='word_1_644' title='bbox 1405 4827 1472 4881; x_wconf 90' lang='lat' dir='ltr'><strong>ad</strong></span> <span class='ocrx_word' id='word_1_645' title='bbox 1500 4831 1732 4885; x_wconf 83' lang='lat' dir='ltr'><strong>futuram</strong></span> <span class='ocrx_word' id='word_1_646' title='bbox 1764 4833 1959 4890; x_wconf 84' lang='lat' dir='ltr'><strong>famem</strong></span> <span class='ocrx_word' id='word_1_647' title='bbox 1988 4838 2084 4892; x_wconf 87' lang='lat' dir='ltr'><strong>de-</strong></span> 
     </span>
    </p>
   </div>
   <div class='ocr_carea' id='block_1_97' title="bbox 488 4908 2082 4995">
    <p class='ocr_par' dir='ltr' id='par_1_97' title="bbox 488 4908 2082 4995">
     <span class='ocr_line' id='line_1_97' title="bbox 488 4908 2082 4995; baseline 0.014 -34"><span class='ocrx_word' id='word_1_648' title='bbox 488 4908 719 4972; x_wconf 74' lang='lat' dir='ltr'><strong>seritur,</strong></span> <span class='ocrx_word' id='word_1_649' title='bbox 749 4908 850 4962; x_wconf 89' lang='lat' dir='ltr'><strong>nisi</strong></span> <span class='ocrx_word' id='word_1_650' title='bbox 881 4910 951 4973; x_wconf 90' lang='lat' dir='ltr'><strong>ei,</strong></span> <span class='ocrx_word' id='word_1_651' title='bbox 976 4926 1096 4965; x_wconf 92' lang='lat' dir='ltr'><strong>cum</strong></span> <span class='ocrx_word' id='word_1_652' title='bbox 1130 4930 1348 4972; x_wconf 83' lang='lat' dir='ltr'><strong>necesse</strong></span> <span class='ocrx_word' id='word_1_653' title='bbox 1371 4920 1550 4985; x_wconf 83' lang='lat' dir='ltr'><strong>fuerit,</strong></span> <span class='ocrx_word' id='word_1_654' title='bbox 1582 4924 1913 4981; x_wconf 91' lang='lat' dir='ltr'><strong>subvenitur.</strong></span> <span class='ocrx_word' id='word_1_655' title='bbox 1940 4929 2082 4995; x_wconf 86' lang='lat' dir='ltr'><strong>Qua-</strong></span> 
     </span>
    </p>
   </div>
   <div class='ocr_carea' id='block_1_98' title="bbox 472 5002 2086 5085">
    <p class='ocr_par' dir='ltr' id='par_1_98' title="bbox 472 5002 2086 5085">
     <span class='ocr_line' id='line_1_98' title="bbox 472 5002 2086 5085; baseline 0.02 -40"><span class='ocrx_word' id='word_1_656' title='bbox 472 5021 491 5045; x_wconf 72' lang='grc' dir='ltr'><strong><em>,ν</em></strong></span> <span class='ocrx_word' id='word_1_657' title='bbox 505 5011 725 5071; x_wconf 77' lang='lat' dir='ltr'><strong>propter</strong></span> <span class='ocrx_word' id='word_1_658' title='bbox 739 5002 1087 5059; x_wconf 61' lang='lat' dir='ltr'><strong>‘industriosa:</strong></span> <span class='ocrx_word' id='word_1_659' title='bbox 1107 5006 1341 5075; x_wconf 63' lang='lat' dir='ltr'><strong>Liguria:</strong></span> <span class='ocrx_word' id='word_1_660' title='bbox 1377 5012 1696 5085; x_wconf 86' lang='lat' dir='ltr'><strong>devotisque</strong></span> <span class='ocrx_word' id='word_1_661' title='bbox 1727 5017 1963 5075; x_wconf 88' lang='lat' dir='ltr'><strong>Venetiis</strong></span> <span class='ocrx_word' id='word_1_662' title='bbox 1991 5039 2086 5078; x_wconf 87' lang='lat' dir='ltr'><strong>co-</strong></span> 
     </span>
    </p>
   </div>
   <div class='ocr_carea' id='block_1_99' title="bbox 482 5096 2081 5176">
    <p class='ocr_par' dir='ltr' id='par_1_99' title="bbox 482 5096 2081 5176">
     <span class='ocr_line' id='line_1_99' title="bbox 482 5096 2081 5176; baseline 0.016 -31"><span class='ocrx_word' id='word_1_663' title='bbox 482 5096 589 5162; x_wconf 49' lang='lat' dir='ltr'><strong>,pia</strong></span> <span class='ocrx_word' id='word_1_664' title='bbox 637 5096 908 5150; x_wconf 75' lang='lat' dir='ltr'><strong>subtracta</strong></span> <span class='ocrx_word' id='word_1_665' title='bbox 937 5096 1135 5152; x_wconf 88' lang='lat' dir='ltr'><strong>dicitur</strong></span> <span class='ocrx_word' id='word_1_666' title='bbox 1163 5115 1282 5157; x_wconf 77' lang='lat' dir='ltr'><strong>esse</strong></span> <span class='ocrx_word' id='word_1_667' title='bbox 1311 5102 1378 5158; x_wconf 86' lang='lat' dir='ltr'><strong>de</strong></span> <span class='ocrx_word' id='word_1_668' title='bbox 1424 5108 1646 5176; x_wconf 79' lang='lat' dir='ltr'><strong>campis,</strong></span> <span class='ocrx_word' id='word_1_669' title='bbox 1691 5113 1783 5166; x_wconf 88' lang='lat' dir='ltr'><strong>sed</strong></span> <span class='ocrx_word' id='word_1_670' title='bbox 1815 5129 1954 5169; x_wconf 92' lang='lat' dir='ltr'><strong>nunc</strong></span> <span class='ocrx_word' id='word_1_671' title='bbox 1982 5132 2081 5169; x_wconf 85' lang='lat' dir='ltr'><strong>na-</strong></span> 
     </span>
    </p>
   </div>
   <div class='ocr_carea' id='block_1_100' title="bbox 482 5186 2084 5275">
    <p class='ocr_par' dir='ltr' id='par_1_100' title="bbox 482 5186 2084 5275">
     <span class='ocr_line' id='line_1_100' title="bbox 482 5186 2084 5275; baseline 0.022 -44"><span class='ocrx_word' id='word_1_672' title='bbox 482 5193 685 5239; x_wconf 72' lang='lat' dir='ltr'><strong>:scatur</strong></span> <span class='ocrx_word' id='word_1_673' title='bbox 715 5186 766 5240; x_wconf 92' lang='lat' dir='ltr'><strong>in</strong></span> <span class='ocrx_word' id='word_1_674' title='bbox 797 5188 1022 5254; x_wconf 89' lang='lat' dir='ltr'><strong>horreis,</strong></span> <span class='ocrx_word' id='word_1_675' title='bbox 1054 5192 1178 5259; x_wconf 86' lang='lat' dir='ltr'><strong>quia</strong></span> <span class='ocrx_word' id='word_1_676' title='bbox 1210 5194 1372 5250; x_wconf 89' lang='lat' dir='ltr'><strong>nimis</strong></span> <span class='ocrx_word' id='word_1_677' title='bbox 1393 5198 1614 5269; x_wconf 88' lang='lat' dir='ltr'><strong>impium</strong></span> <span class='ocrx_word' id='word_1_678' title='bbox 1644 5213 1728 5257; x_wconf 90' lang='lat' dir='ltr'><strong>est</strong></span> <span class='ocrx_word' id='word_1_679' title='bbox 1758 5206 2084 5275; x_wconf 86' lang='lat' dir='ltr'><strong>plenissimis</strong></span> 
     </span>
    </p>
   </div>
   <div class='ocr_carea' id='block_1_101' title="bbox 466 5278 2081 5363">
    <p class='ocr_par' dir='ltr' id='par_1_101' title="bbox 466 5278 2081 5363">
     <span class='ocr_line' id='line_1_101' title="bbox 466 5278 2081 5363; baseline 0.017 -33"><span class='ocrx_word' id='word_1_680' title='bbox 466 5278 653 5332; x_wconf 67' lang='lat' dir='ltr'><strong>cellis</strong></span> <span class='ocrx_word' id='word_1_681' title='bbox 694 5294 891 5333; x_wconf 85' lang='lat' dir='ltr'><strong>vacuos</strong></span> <span class='ocrx_word' id='word_1_682' title='bbox 940 5282 1143 5337; x_wconf 89' lang='lat' dir='ltr'><strong>esurire</strong></span> <span class='ocrx_word' id='word_1_683' title='bbox 1186 5286 1440 5344; x_wconf 90' lang='lat' dir='ltr'><strong>cultores.</strong></span> <span class='ocrx_word' id='word_1_684' title='bbox 1483 5293 1660 5363; x_wconf 84' lang='lat' dir='ltr'><strong>Atque</strong></span> <span class='ocrx_word' id='word_1_685' title='bbox 1700 5297 1831 5352; x_wconf 77' lang='lat' dir='ltr'><strong>ideo</strong></span> <span class='ocrx_word' id='word_1_686' title='bbox 1862 5300 2081 5359; x_wconf 91' lang='lat' dir='ltr'><strong>illustris</strong></span> 
     </span>
    </p>
   </div>
   <div class='ocr_carea' id='block_1_102' title="bbox 502 5366 2083 5458">
    <p class='ocr_par' dir='ltr' id='par_1_102' title="bbox 502 5366 2083 5458">
     <span class='ocr_line' id='line_1_102' title="bbox 502 5366 2083 5458; baseline 0.02 -41"><span class='ocrx_word' id='word_1_687' title='bbox 502 5366 810 5436; x_wconf 90' lang='lat' dir='ltr'><strong>magnitudo</strong></span> <span class='ocrx_word' id='word_1_688' title='bbox 841 5376 951 5436; x_wconf 89' lang='lat' dir='ltr'><strong>tua,</strong></span> <span class='ocrx_word' id='word_1_689' title='bbox 1000 5386 1227 5441; x_wconf 88' lang='lat' dir='ltr'><strong>quorum</strong></span> <span class='ocrx_word' id='word_1_690' title='bbox 1274 5375 1507 5449; x_wconf 87' lang='lat' dir='ltr'><strong>dignitas</strong></span> <span class='ocrx_word' id='word_1_691' title='bbox 1535 5385 1600 5438; x_wconf 91' lang='lat' dir='ltr'><strong>ad</strong></span> <span class='ocrx_word' id='word_1_692' title='bbox 1643 5387 1745 5441; x_wconf 87' lang='lat' dir='ltr'><strong>hoc</strong></span> <span class='ocrx_word' id='word_1_693' title='bbox 1773 5388 1967 5458; x_wconf 86' lang='lat' dir='ltr'><strong>legitur</strong></span> <span class='ocrx_word' id='word_1_694' title='bbox 1998 5395 2083 5448; x_wconf 87' lang='lat' dir='ltr'><strong>in—</strong></span> 
     </span>
    </p>
   </div>
   <div class='ocr_carea' id='block_1_103' title="bbox 575 5527 2075 5616">
    <p class='ocr_par' dir='ltr' id='par_1_103' title="bbox 575 5527 2075 5616">
     <span class='ocr_line' id='line_1_103' title="bbox 575 5527 2075 5616; baseline 0.02 -42"><span class='ocrx_word' id='word_1_695' title='bbox 575 5540 596 5565; x_wconf 76' lang='grc' dir='ltr'>ι</span> <span class='ocrx_word' id='word_1_696' title='bbox 624 5527 1024 5616; x_wconf 11' lang='grc' dir='ltr'><strong>δςεεηᾳγίηγξιυε.</strong></span> <span class='ocrx_word' id='word_1_697' title='bbox 1046 5531 1114 5584; x_wconf 89' lang='lat' dir='ltr'><strong>ad</strong></span> <span class='ocrx_word' id='word_1_698' title='bbox 1133 5533 1479 5616; x_wconf 38' lang='lat' dir='ltr'><strong>.religionem.</strong></span> <span class='ocrx_word' id='word_1_699' title='bbox 1504 5542 1923 5616; x_wconf 84' lang='lat' dir='ltr'><strong>compellemlus,</strong></span> <span class='ocrx_word' id='word_1_700' title='bbox 1955 5563 2075 5616; x_wconf 76' lang='lat' dir='ltr'><strong>qua:</strong></span> 
     </span>
    </p>
   </div>
   <div class='ocr_carea' id='block_1_104' title="bbox 486 5601 2072 5687">
    <p class='ocr_par' dir='ltr' id='par_1_104' title="bbox 486 5601 2072 5687">
     <span class='ocr_line' id='line_1_104' title="bbox 486 5601 2072 5687; baseline 0.017 -40"><span class='ocrx_word' id='word_1_701' title='bbox 486 5612 695 5687; x_wconf 46' lang='lat' dir='ltr'><strong>sponte</strong></span> <span class='ocrx_word' id='word_1_702' title='bbox 724 5601 1058 5687; x_wconf 70' lang='lat' dir='ltr'><strong>suscipienda</strong></span> <span class='ocrx_word' id='word_1_703' title='bbox 1101 5604 1187 5683; x_wconf 75' lang='lat' dir='ltr'><strong>sit.</strong></span> <span class='ocrx_word' id='word_1_704' title='bbox 1233 5601 1348 5687; x_wconf 68' lang='lat' dir='ltr'><strong>non</strong></span> <span class='ocrx_word' id='word_1_705' title='bbox 1369 5601 1654 5687; x_wconf 53' lang='lat' dir='ltr'><strong>vi,»supr_a&#39;,</strong></span> <span class='ocrx_word' id='word_1_706' title='bbox 1688 5613 1788 5666; x_wconf 80' lang='lat' dir='ltr'><strong>lib.</strong></span> <span class='ocrx_word' id='word_1_707' title='bbox 1821 5631 1879 5679; x_wconf 85' lang='grc' dir='ltr'><strong>ιι,</strong></span> <span class='ocrx_word' id='word_1_708' title='bbox 1911 5601 2072 5687; x_wconf 62' lang='lat' dir='ltr'><strong>epist.</strong></span> 
     </span>
    </p>
   </div>
   <div class='ocr_carea' id='block_1_105' title="bbox 496 5665 2074 5750">
    <p class='ocr_par' dir='ltr' id='par_1_105' title="bbox 496 5665 2074 5750">
     <span class='ocr_line' id='line_1_105' title="bbox 496 5665 2074 5750; baseline 0.016 -35"><span class='ocrx_word' id='word_1_709' title='bbox 496 5665 997 5750; x_wconf 41' lang='lat' dir='ltr'><strong>&#39;17:“.1‘lieodor’icus</strong></span> <span class='ocrx_word' id='word_1_710' title='bbox 1037 5674 1296 5727; x_wconf 82' lang='lat' dir='ltr'><strong>universis</strong></span> <span class='ocrx_word' id='word_1_711' title='bbox 1322 5665 1557 5734; x_wconf 53' lang='lat' dir='ltr'><strong>.lmlicis&#39;:</strong></span> <span class='ocrx_word' id='word_1_712' title='bbox 1591 5665 2074 5750; x_wconf 39' lang='lat' dir='ltr'><strong>lieligionein&#39;riii:</strong></span> 
     </span>
    </p>
   </div>
   <div class='ocr_carea' id='block_1_106' title="bbox 502 5739 2075 5822">
    <p class='ocr_par' dir='ltr' id='par_1_106' title="bbox 502 5739 2075 5822">
     <span class='ocr_line' id='line_1_106' title="bbox 502 5739 2075 5822; baseline 0.018 -39"><span class='ocrx_word' id='word_1_713' title='bbox 502 5739 641 5822; x_wconf 62' lang='lat' dir='ltr'><strong>quit,</strong></span> <span class='ocrx_word' id='word_1_714' title='bbox 677 5739 941 5822; x_wconf 62' lang='lat' dir='ltr'><strong>iuniperare</strong></span> <span class='ocrx_word' id='word_1_715' title='bbox 971 5756 1076 5822; x_wconf 68' lang='lat' dir='ltr'><strong>non</strong></span> <span class='ocrx_word' id='word_1_716' title='bbox 1110 5758 1418 5822; x_wconf 64' lang='lat' dir='ltr'><strong>possumus,</strong></span> <span class='ocrx_word' id='word_1_717' title='bbox 1435 5753 1557 5822; x_wconf 84' lang='lat' dir='ltr'><strong>quia</strong></span> <span class='ocrx_word' id='word_1_718' title='bbox 1591 5739 1758 5806; x_wconf 52' lang='lat' dir='ltr'><strong>nemo</strong></span> <span class='ocrx_word' id='word_1_719' title='bbox 1778 5739 1988 5822; x_wconf 66' lang='lat' dir='ltr'><strong>cogih&#39;lr</strong></span> <span class='ocrx_word' id='word_1_720' title='bbox 2013 5739 2075 5812; x_wconf 76' lang='lat' dir='ltr'><strong>ut</strong></span> 
     </span>
    </p>
   </div>
   <div class='ocr_carea' id='block_1_107' title="bbox 493 5806 2073 5887">
    <p class='ocr_par' dir='ltr' id='par_1_107' title="bbox 493 5806 2073 5887">
     <span class='ocr_line' id='line_1_107' title="bbox 493 5806 2073 5887; baseline 0.014 -32"><span class='ocrx_word' id='word_1_721' title='bbox 493 5806 693 5860; x_wconf 23' lang='lat' dir='ltr'><strong>scrcdat</strong></span> <span class='ocrx_word' id='word_1_722' title='bbox 737 5808 948 5861; x_wconf 85' lang='lat' dir='ltr'><strong>invitus.</strong></span> <span class='ocrx_word' id='word_1_723' title='bbox 989 5806 1375 5881; x_wconf 52' lang='lat' dir='ltr'><strong>Athenagoras,</strong></span> <span class='ocrx_word' id='word_1_724' title='bbox 1402 5806 1466 5872; x_wconf 48' lang='lat' dir='ltr'><strong>in.</strong></span> <span class='ocrx_word' id='word_1_725' title='bbox 1506 5821 1772 5887; x_wconf 71' lang='lat' dir='ltr'><strong>legatione</strong></span> <span class='ocrx_word' id='word_1_726' title='bbox 1803 5806 2073 5887; x_wconf 20' lang='lat' dir='ltr'><strong>pFoVClir&quot;:</strong></span> 
     </span>
    </p>
   </div>
   <div class='ocr_carea' id='block_1_108' title="bbox 2195 4664 3772 4737">
    <p class='ocr_par' dir='ltr' id='par_1_108' title="bbox 2195 4664 3772 4737">
     <span class='ocr_line' id='line_1_108' title="bbox 2195 4664 3772 4737; baseline 0.002 -19"><span class='ocrx_word' id='word_1_727' title='bbox 2195 4665 2390 4718; x_wconf 68' lang='lat' dir='ltr'><strong>nentim</strong></span> <span class='ocrx_word' id='word_1_728' title='bbox 2420 4673 2610 4718; x_wconf 64' lang='lat' dir='ltr'><strong>vestrae</strong></span> <span class='ocrx_word' id='word_1_729' title='bbox 2650 4664 3043 4721; x_wconf 85' lang='lat' dir='ltr'><strong>rationabiliter</strong></span> <span class='ocrx_word' id='word_1_730' title='bbox 3069 4667 3239 4720; x_wconf 86' lang='lat' dir='ltr'><strong>visum</strong></span> <span class='ocrx_word' id='word_1_731' title='bbox 3271 4666 3451 4733; x_wconf 88' lang='lat' dir='ltr'><strong>fuerit,</strong></span> <span class='ocrx_word' id='word_1_732' title='bbox 3482 4668 3657 4737; x_wconf 81' lang='lat' dir='ltr'><strong>pretia</strong></span> <span class='ocrx_word' id='word_1_733' title='bbox 3693 4666 3772 4721; x_wconf 68' lang='lat' dir='ltr'><strong>fa-</strong></span> 
     </span>
    </p>
   </div>
   <div class='ocr_carea' id='block_1_109' title="bbox 2194 4757 3776 4828">
    <p class='ocr_par' dir='ltr' id='par_1_109' title="bbox 2194 4757 3776 4828">
     <span class='ocr_line' id='line_1_109' title="bbox 2194 4757 3776 4828; baseline 0.001 -17"><span class='ocrx_word' id='word_1_734' title='bbox 2194 4757 2299 4811; x_wconf 89' lang='lat' dir='ltr'><strong>cite</strong></span> <span class='ocrx_word' id='word_1_735' title='bbox 2330 4758 2636 4825; x_wconf 89' lang='lat' dir='ltr'><strong>temperari,</strong></span> <span class='ocrx_word' id='word_1_736' title='bbox 2661 4766 2719 4811; x_wconf 90' lang='lat' dir='ltr'><strong>ut</strong></span> <span class='ocrx_word' id='word_1_737' title='bbox 2744 4757 2796 4812; x_wconf 93' lang='lat' dir='ltr'><strong>hi</strong></span> <span class='ocrx_word' id='word_1_738' title='bbox 2826 4758 3023 4828; x_wconf 82' lang='lat' dir='ltr'><strong>quibus</strong></span> <span class='ocrx_word' id='word_1_739' title='bbox 3041 4759 3385 4813; x_wconf 87' lang='lat' dir='ltr'><strong>commissum</strong></span> <span class='ocrx_word' id='word_1_740' title='bbox 3409 4768 3493 4814; x_wconf 89' lang='lat' dir='ltr'><strong>est</strong></span> <span class='ocrx_word' id='word_1_741' title='bbox 3521 4774 3776 4815; x_wconf 75' lang='lat' dir='ltr'><strong>exemere</strong></span> 
     </span>
    </p>
   </div>
   <div class='ocr_carea' id='block_1_110' title="bbox 2193 4848 3772 4922">
    <p class='ocr_par' dir='ltr' id='par_1_110' title="bbox 2193 4848 3772 4922">
     <span class='ocr_line' id='line_1_110' title="bbox 2193 4848 3772 4922; baseline 0.001 -19"><span class='ocrx_word' id='word_1_742' title='bbox 2193 4848 2432 4917; x_wconf 81' lang='lat' dir='ltr'><strong>singulos</strong></span> <span class='ocrx_word' id='word_1_743' title='bbox 2470 4858 2759 4919; x_wconf 88' lang='lat' dir='ltr'><strong>apparatus</strong></span> <span class='ocrx_word' id='word_1_744' title='bbox 2794 4851 2863 4904; x_wconf 91' lang='lat' dir='ltr'><strong>de</strong></span> <span class='ocrx_word' id='word_1_745' title='bbox 2911 4850 3110 4920; x_wconf 81' lang='lat' dir='ltr'><strong>injuste</strong></span> <span class='ocrx_word' id='word_1_746' title='bbox 3155 4852 3467 4919; x_wconf 82' lang='lat' dir='ltr'><strong>gravatnine</strong></span> <span class='ocrx_word' id='word_1_747' title='bbox 3494 4867 3603 4906; x_wconf 90' lang='lat' dir='ltr'><strong>non</strong></span> <span class='ocrx_word' id='word_1_748' title='bbox 3638 4867 3772 4922; x_wconf 80' lang='lat' dir='ltr'><strong>que-</strong></span> 
     </span>
    </p>
   </div>
   <div class='ocr_carea' id='block_1_111' title="bbox 2197 4941 3772 5015">
    <p class='ocr_par' dir='ltr' id='par_1_111' title="bbox 2197 4941 3772 5015">
     <span class='ocr_line' id='line_1_111' title="bbox 2197 4941 3772 5015; baseline 0.003 -22"><span class='ocrx_word' id='word_1_749' title='bbox 2197 4950 2401 4994; x_wconf 86' lang='lat' dir='ltr'><strong>rantur.</strong></span> <span class='ocrx_word' id='word_1_750' title='bbox 2446 4941 2554 4996; x_wconf 88' lang='lat' dir='ltr'><strong>Sed</strong></span> <span class='ocrx_word' id='word_1_751' title='bbox 2582 4944 2838 5010; x_wconf 84' lang='lat' dir='ltr'><strong>quoniam</strong></span> <span class='ocrx_word' id='word_1_752' title='bbox 2882 4945 3111 4999; x_wconf 88' lang='lat' dir='ltr'><strong>humana</strong></span> <span class='ocrx_word' id='word_1_753' title='bbox 3140 4945 3364 4999; x_wconf 87' lang='lat' dir='ltr'><strong>ambitio</strong></span> <span class='ocrx_word' id='word_1_754' title='bbox 3409 4944 3509 4999; x_wconf 90' lang='lat' dir='ltr'><strong>nisi</strong></span> <span class='ocrx_word' id='word_1_755' title='bbox 3538 4960 3638 5015; x_wconf 81' lang='lat' dir='ltr'><strong>per</strong></span> <span class='ocrx_word' id='word_1_756' title='bbox 3664 4960 3772 4998; x_wconf 87' lang='lat' dir='ltr'><strong>me-</strong></span> 
     </span>
    </p>
   </div>
   <div class='ocr_carea' id='block_1_112' title="bbox 2196 5033 3771 5103">
    <p class='ocr_par' dir='ltr' id='par_1_112' title="bbox 2196 5033 3771 5103">
     <span class='ocr_line' id='line_1_112' title="bbox 2196 5033 3771 5103; baseline 0.001 -17"><span class='ocrx_word' id='word_1_757' title='bbox 2196 5042 2307 5087; x_wconf 88' lang='lat' dir='ltr'><strong>tum</strong></span> <span class='ocrx_word' id='word_1_758' title='bbox 2338 5033 2517 5087; x_wconf 86' lang='lat' dir='ltr'><strong>damni</strong></span> <span class='ocrx_word' id='word_1_759' title='bbox 2542 5050 2647 5088; x_wconf 91' lang='lat' dir='ltr'><strong>non</strong></span> <span class='ocrx_word' id='word_1_760' title='bbox 2674 5043 2855 5103; x_wconf 91' lang='lat' dir='ltr'><strong>potest</strong></span> <span class='ocrx_word' id='word_1_761' title='bbox 2876 5034 3128 5103; x_wconf 85' lang='lat' dir='ltr'><strong>inhiberi,</strong></span> <span class='ocrx_word' id='word_1_762' title='bbox 3157 5036 3203 5089; x_wconf 89' lang='lat' dir='ltr'><strong>is</strong></span> <span class='ocrx_word' id='word_1_763' title='bbox 3224 5036 3318 5103; x_wconf 85' lang='lat' dir='ltr'><strong>qui</strong></span> <span class='ocrx_word' id='word_1_764' title='bbox 3359 5050 3393 5087; x_wconf 87' lang='lat' dir='ltr'><strong>a</strong></span> <span class='ocrx_word' id='word_1_765' title='bbox 3419 5034 3577 5089; x_wconf 89' lang='lat' dir='ltr'><strong>nobis</strong></span> <span class='ocrx_word' id='word_1_766' title='bbox 3606 5035 3771 5088; x_wconf 87' lang='lat' dir='ltr'><strong>titulis</strong></span> 
     </span>
    </p>
   </div>
   <div class='ocr_carea' id='block_1_113' title="bbox 2190 5124 3773 5196">
    <p class='ocr_par' dir='ltr' id='par_1_113' title="bbox 2190 5124 3773 5196">
     <span class='ocr_line' id='line_1_113' title="bbox 2190 5124 3773 5196; baseline 0.002 -20"><span class='ocrx_word' id='word_1_767' title='bbox 2190 5124 2469 5187; x_wconf 86' lang='lat' dir='ltr'><strong>ordinatis,</strong></span> <span class='ocrx_word' id='word_1_768' title='bbox 2518 5127 2632 5182; x_wconf 89' lang='lat' dir='ltr'><strong>sive</strong></span> <span class='ocrx_word' id='word_1_769' title='bbox 2671 5126 2955 5194; x_wconf 82' lang='lat' dir='ltr'><strong>suffragiis,</strong></span> <span class='ocrx_word' id='word_1_770' title='bbox 2986 5128 3100 5181; x_wconf 87' lang='lat' dir='ltr'><strong>sive</strong></span> <span class='ocrx_word' id='word_1_771' title='bbox 3123 5136 3488 5196; x_wconf 70' lang='lat' dir='ltr'><strong>patronorum</strong></span> <span class='ocrx_word' id='word_1_772' title='bbox 3526 5126 3773 5196; x_wconf 83' lang='lat' dir='ltr'><strong>precibus</strong></span> 
     </span>
    </p>
   </div>
   <div class='ocr_carea' id='block_1_114' title="bbox 2190 5216 3772 5288">
    <p class='ocr_par' dir='ltr' id='par_1_114' title="bbox 2190 5216 3772 5288">
     <span class='ocr_line' id='line_1_114' title="bbox 2190 5216 3772 5288; baseline 0.002 -20"><span class='ocrx_word' id='word_1_773' title='bbox 2190 5216 2337 5270; x_wconf 90' lang='lat' dir='ltr'><strong>nisus</strong></span> <span class='ocrx_word' id='word_1_774' title='bbox 2378 5216 2510 5288; x_wconf 61' lang='lat' dir='ltr'><strong>lett,</strong></span> <span class='ocrx_word' id='word_1_775' title='bbox 2560 5216 2724 5286; x_wconf 86' lang='lat' dir='ltr'><strong>visus]</strong></span> <span class='ocrx_word' id='word_1_776' title='bbox 2758 5219 2917 5272; x_wconf 88' lang='lat' dir='ltr'><strong>fuerit</strong></span> <span class='ocrx_word' id='word_1_777' title='bbox 2958 5219 3207 5287; x_wconf 90' lang='lat' dir='ltr'><strong>cuiquam</strong></span> <span class='ocrx_word' id='word_1_778' title='bbox 3238 5220 3550 5282; x_wconf 86' lang='lat' dir='ltr'><strong>succedere,</strong></span> <span class='ocrx_word' id='word_1_779' title='bbox 3593 5219 3772 5273; x_wconf 85' lang='lat' dir='ltr'><strong>statim</strong></span> 
     </span>
    </p>
   </div>
   <div class='ocr_carea' id='block_1_115' title="bbox 2187 5306 3770 5374">
    <p class='ocr_par' dir='ltr' id='par_1_115' title="bbox 2187 5306 3770 5374">
     <span class='ocr_line' id='line_1_115' title="bbox 2187 5306 3770 5374; baseline 0.001 -16"><span class='ocrx_word' id='word_1_780' title='bbox 2187 5306 2402 5374; x_wconf 86' lang='lat' dir='ltr'><strong>triginta</strong></span> <span class='ocrx_word' id='word_1_781' title='bbox 2433 5307 2682 5360; x_wconf 89' lang='lat' dir='ltr'><strong>librarum</strong></span> <span class='ocrx_word' id='word_1_782' title='bbox 2706 5309 2820 5361; x_wconf 90' lang='lat' dir='ltr'><strong>auri</strong></span> <span class='ocrx_word' id='word_1_783' title='bbox 2850 5309 3045 5362; x_wconf 86' lang='lat' dir='ltr'><strong>mulcta</strong></span> <span class='ocrx_word' id='word_1_784' title='bbox 3075 5308 3316 5371; x_wconf 86' lang='lat' dir='ltr'><strong>feriatur,</strong></span> <span class='ocrx_word' id='word_1_785' title='bbox 3340 5324 3371 5361; x_wconf 86' lang='lat' dir='ltr'><strong>a</strong></span> <span class='ocrx_word' id='word_1_786' title='bbox 3400 5307 3555 5362; x_wconf 81' lang='lat' dir='ltr'><strong>vobis</strong></span> <span class='ocrx_word' id='word_1_787' title='bbox 3582 5308 3770 5361; x_wconf 88' lang='lat' dir='ltr'><strong>nihilo-</strong></span> 
     </span>
    </p>
   </div>
   <div class='ocr_carea' id='block_1_116' title="bbox 2187 5400 3770 5468">
    <p class='ocr_par' dir='ltr' id='par_1_116' title="bbox 2187 5400 3770 5468">
     <span class='ocr_line' id='line_1_116' title="bbox 2187 5400 3770 5468; baseline 0.001 -16"><span class='ocrx_word' id='word_1_788' title='bbox 2187 5400 2362 5454; x_wconf 89' lang='lat' dir='ltr'><strong>minus</strong></span> <span class='ocrx_word' id='word_1_789' title='bbox 2400 5400 2682 5468; x_wconf 78' lang='lat' dir='ltr'><strong>exigenda.</strong></span> <span class='ocrx_word' id='word_1_790' title='bbox 2734 5401 2886 5468; x_wconf 80' lang='lat' dir='ltr'><strong>Quod</strong></span> <span class='ocrx_word' id='word_1_791' title='bbox 2935 5402 2978 5455; x_wconf 92' lang='lat' dir='ltr'><strong>si</strong></span> <span class='ocrx_word' id='word_1_792' title='bbox 3008 5400 3076 5454; x_wconf 91' lang='lat' dir='ltr'><strong>ad</strong></span> <span class='ocrx_word' id='word_1_793' title='bbox 3118 5401 3220 5455; x_wconf 90' lang='lat' dir='ltr'><strong>hoc</strong></span> <span class='ocrx_word' id='word_1_794' title='bbox 3248 5401 3501 5455; x_wconf 77' lang='lat' dir='ltr'><strong>damnum</strong></span> <span class='ocrx_word' id='word_1_795' title='bbox 3547 5400 3770 5455; x_wconf 79' lang='lat' dir='ltr'><strong>idoneus</strong></span> 
     </span>
    </p>
   </div>
   <div class='ocr_carea' id='block_1_117' title="bbox 2180 5550 3769 5628">
    <p class='ocr_par' dir='ltr' id='par_1_117' title="bbox 2180 5550 3769 5628">
     <span class='ocr_line' id='line_1_117' title="bbox 2180 5550 3769 5628; baseline 0.007 -21"><span class='ocrx_word' id='word_1_796' title='bbox 2180 5550 2369 5628; x_wconf 74' lang='lat' dir='ltr'><strong>stianis</strong></span> <span class='ocrx_word' id='word_1_797' title='bbox 2389 5558 2456 5613; x_wconf 88' lang='lat' dir='ltr'><strong>ad</strong></span> <span class='ocrx_word' id='word_1_798' title='bbox 2485 5559 2651 5628; x_wconf 86' lang='lat' dir='ltr'><strong>impp.</strong></span> <span class='ocrx_word' id='word_1_799' title='bbox 2682 5557 3036 5613; x_wconf 87' lang='lat' dir='ltr'><strong>Commodum</strong></span> <span class='ocrx_word' id='word_1_800' title='bbox 3066 5568 3121 5613; x_wconf 90' lang='lat' dir='ltr'><strong>et</strong></span> <span class='ocrx_word' id='word_1_801' title='bbox 3148 5560 3503 5625; x_wconf 82' lang='lat' dir='ltr'><strong>Antoninum,</strong></span> <span class='ocrx_word' id='word_1_802' title='bbox 3532 5563 3717 5617; x_wconf 85' lang='lat' dir='ltr'><strong>statim</strong></span> <span class='ocrx_word' id='word_1_803' title='bbox 3741 5579 3769 5617; x_wconf 87' lang='lat' dir='ltr'><strong>a</strong></span> 
     </span>
    </p>
   </div>
   <div class='ocr_carea' id='block_1_118' title="bbox 2178 5627 2662 5696">
    <p class='ocr_par' dir='ltr' id='par_1_118' title="bbox 2178 5627 2662 5696">
     <span class='ocr_line' id='line_1_118' title="bbox 2178 5627 2662 5696; baseline 0.014 -21"><span class='ocrx_word' id='word_1_804' title='bbox 2178 5627 2461 5696; x_wconf 83' lang='lat' dir='ltr'><strong>principio.</strong></span> <span class='ocrx_word' id='word_1_805' title='bbox 2494 5627 2662 5683; x_wconf 77' lang='lat' dir='ltr'><strong>Fann.</strong></span> 
     </span>
    </p>
   </div>
   <div class='ocr_carea' id='block_1_119' title="bbox 2252 5696 3766 5769">
    <p class='ocr_par' dir='ltr' id='par_1_119' title="bbox 2252 5696 3766 5769">
     <span class='ocr_line' id='line_1_119' title="bbox 2252 5696 3766 5769; baseline 0.006 -21"><span class='ocrx_word' id='word_1_806' title='bbox 2252 5697 2275 5769; x_wconf 59' lang='grc' dir='ltr'><strong><em>Ρ</em></strong></span> <span class='ocrx_word' id='word_1_807' title='bbox 2305 5696 2467 5761; x_wconf 84' lang='lat' dir='ltr'><strong>Dare,</strong></span> <span class='ocrx_word' id='word_1_808' title='bbox 2500 5699 2745 5765; x_wconf 86' lang='lat' dir='ltr'><strong>reddere,</strong></span> <span class='ocrx_word' id='word_1_809' title='bbox 2768 5699 3055 5769; x_wconf 63' lang='lat' dir='ltr'><strong>discrimen</strong></span> <span class='ocrx_word' id='word_1_810' title='bbox 3085 5702 3190 5758; x_wconf 90' lang='lat' dir='ltr'><strong>hoc</strong></span> <span class='ocrx_word' id='word_1_811' title='bbox 3219 5718 3337 5766; x_wconf 90' lang='lat' dir='ltr'><strong>nos,</strong></span> <span class='ocrx_word' id='word_1_812' title='bbox 3373 5701 3464 5756; x_wconf 91' lang='lat' dir='ltr'><strong>lib.</strong></span> <span class='ocrx_word' id='word_1_813' title='bbox 3498 5718 3577 5769; x_wconf 82' lang='lat' dir='ltr'><strong>tu,</strong></span> <span class='ocrx_word' id='word_1_814' title='bbox 3607 5719 3658 5759; x_wconf 90' lang='lat' dir='ltr'><strong>c.</strong></span> <span class='ocrx_word' id='word_1_815' title='bbox 3686 5702 3766 5768; x_wconf 85' lang='lat' dir='ltr'><strong>l5,</strong></span> 
     </span>
    </p>
   </div>
   <div class='ocr_carea' id='block_1_120' title="bbox 2179 5764 3069 5826">
    <p class='ocr_par' dir='ltr' id='par_1_120' title="bbox 2179 5764 3069 5826">
     <span class='ocr_line' id='line_1_120' title="bbox 2179 5764 3069 5826; baseline 0.008 -9"><span class='ocrx_word' id='word_1_816' title='bbox 2179 5764 2399 5824; x_wconf 49' lang='lat' dir='ltr'><strong>Select“</strong></span> <span class='ocrx_word' id='word_1_817' title='bbox 2435 5764 2802 5823; x_wconf 74' lang='lat' dir='ltr'><strong>tractavimus.</strong></span> <span class='ocrx_word' id='word_1_818' title='bbox 2828 5766 3069 5826; x_wconf 67' lang='lat' dir='ltr'><strong>Fortuita.</strong></span> 
     </span>
    </p>
   </div>
  </div>
