4006 6448
268 349 376 406 817

1566 341 1925 399 VARIARUM
1958 340 2157 396 LIBER
2198 341 2260 398 Χ.

3434 354 3550 411 (ιιι

272 476 383 515 non
437 458 674 529 potuerit
716 455 972 519 inveniri,
1025 458 1295 528 corporali
1339 457 1603 527 supplicio
1645 471 1859 525 ptenam
1891 460 1937 513 Α
1966 458 2146 512 ctione
2167 458 2595 525 mollescant;et
2623 463 2713 531 qui
2744 463 2811 519 ab
2840 464 2996 521 hoste
3019 463 3149 522 foris
3178 469 3416 538 superari
3445 471 3548 525 mi-

272 549 407 616 Iuat,
424 559 452 587 ι
480 547 571 620 qui
599 563 705 602 non
726 548 961 617 potuerit
984 548 1034 601 in
1059 546 1364 617 supradicta
1391 546 1729 616 perculsione
1751 544 1853 599 suf.

272 642 470 709 ficere;
501 652 558 699 et
604 640 887 697 frustretur
932 641 1156 696 ausibus
1194 641 1321 705 suis,
1350 655 1508 709 poena
1533 639 1695 693 etiam
1739 638 1861 691 inu-

273 734 474 790 rendus
496 732 751 800 infamiae,
784 733 873 803 qui
899 741 1090 787 contra
1131 731 1413 787 interdicta
1446 738 1627 786 nostra
1682 729 1861 797 aliqua

276 823 720 893 tergiversatione
762 824 948 877 venire
990 824 1298 877 tentaverit.
1352 821 1495 876 Nihil
1534 822 1679 875 enim
1716 834 1865 874 secu-

274 928 419 979 rum,
449 912 581 967 nihil
602 912 805 983 poterit
830 913 1021 967 stabile
1044 913 1291 982 reperiri,
1323 912 1369 967 si
1398 926 1613 981 semper
1631 908 1868 963 inviden-

276 1003 413 1057 tium
440 1011 567 1058 vota
590 1002 655 1058 ad
682 1002 893 1058 illicitas
922 1002 1181 1057 accedere
1216 1002 1596 1071 permittantur
1624 998 1861 1053 insidias.

278 1092 435 1160 Quod
462 1092 774 1163 magnitudo
812 1101 988 1147 vestra
1032 1093 1085 1145 in
1116 1092 1352 1147 omnium
1397 1092 1557 1146 faciat
1586 1089 1867 1159 pervenire

280 1182 550 1249 notitiam,
582 1198 652 1238 ne
681 1182 802 1253 quis
840 1198 939 1252 per
977 1182 1331 1251 ignorantiam
1362 1197 1421 1237 se
1447 1180 1722 1235 existimet
1763 1194 1864 1232 cx-

282 1274 602 1341 cnsandum,
632 1275 777 1346 quod
821 1291 927 1329 non
974 1275 1299 1330 intellexerit
1324 1274 1487 1330 fuisse
1516 1273 1864 1345 prohibitum.

804 1449 1134 1505 EPISTOLA
1162 1449 1354 1504 XXIX.

517 1578 827 1618 VUINUSIADO
857 1579 1037 1618 COIITI
1078 1578 1462 1619 τιιεοωηωιτε
1495 1579 1616 1619 REX.

278 1674 527 1730 Concedit
556 1674 635 1729 illi
664 1673 965 1745 facultatem
991 1692 1154 1745 aqua:
1184 1674 1428 1729 Bormias
1448 1674 1653 1745 petendi
1682 1674 1752 1727 ad
1778 1690 1867 1727 sa-

424 1743 991 1815 nandam'podagram,
1023 1743 1138 1813 qua:
1160 1746 1407 1816 graphice
1436 1743 1760 1799 describitur.

347 1860 485 1915 Cum
512 1859 685 1931 gentis
715 1867 818 1914 tua:
848 1858 1161 1914 honoranda
1185 1859 1438 1913 nobilitas
1466 1867 1522 1912 et
1549 1870 1758 1925 magna:
1798 1857 1859 1909 fi-

275 1951 368 2005 dei
416 1952 737 2006 documenta
783 1948 1079 2004 suasissent
1125 1956 1183 2003 ut
1229 1948 1324 2003 tibi
1371 1949 1560 2003 urbem
1601 1947 1863 2011 Ticinum,

275 2057 443 2112 quam
471 2056 568 2112 per
594 2040 735 2095 bella
763 2039 1101 2104 defenderas,
1137 2039 1539 2107 gubernandam
1568 2052 1703 2108 pace
1742 2052 1865 2119 cre-

277 2135 553 2196 deremus,
599 2131 803 2185 limosa:
834 2128 1087 2200 podagra:
1125 2130 1302 2185 subita
1342 2129 1689 2186 inundatione
1725 2147 1870 2187 com-

278 2222 467 2293 plutus
492 2220 637 2293 [ms.,
666 2219 1008 2289 completus],
1034 2234 1199 2288 aquas
1227 2219 1471 2275 Bormias
1491 2221 1669 2290 potius
1691 2221 1865 2277 sicca-

280 2314 439 2378 tivas,
470 2312 735 2367 salutares
764 2311 888 2366 huic
916 2311 1221 2383 Specialiter
1240 2312 1503 2381 passioni,
1524 2312 1663 2367 velle
1692 2321 1746 2367 te
1774 2328 1867 2381 pe-

278 2414 398 2459 tere
441 2403 747 2474 postulasti.
779 2402 1113 2457 Desiderium
1140 2413 1285 2457 tuum
1315 2403 1598 2459 reinediali
1625 2402 1869 2473 jussione

280 2511 555 2561 sanamus,
590 2503 647 2549 ut
692 2495 1008 2564 sospitatem
1056 2510 1215 2564 quam
1261 2496 1457 2551 merito
1505 2495 1558 2549 in
1588 2504 1642 2550 te
1672 2495 1870 2564 quarri-

282 2602 428 2654 mus,
455 2585 712 2655 iussionis
732 2583 995 2640 beneficio
1024 2586 1417 2655 compleainus.
1451 2585 1603 2641 Absit
1637 2586 1781 2641 enim
1812 2594 1871 2641 ut

283 2675 601 2731 bellicosum
655 2677 831 2731 virum
880 2678 1120 2747 tyrannis
1167 2678 1497 2744 gravissimae
1551 2677 1871 2733 calamitatis

282 2776 555 2833 exarmet,
585 2782 705 2836 qua:
734 2768 871 2822 miro
899 2767 1061 2821 modo
1088 2768 1328 2821 membra
1349 2767 1576 2821 virentia
1610 2766 1872 2822 inlusione

284 2860 518 2929 pinnatis
566 2859 807 2914 humoris
835 2859 980 2927 cogit
1019 2873 1284 2924 arescere,
1322 2858 1601 2926 nodosque
1644 2857 1874 2913 mobiles

283 2952 462 3021 replet
492 2966 798 3007 marmoreo
829 2960 1041 3006 tumore
1067 2958 1391 3015 crescentes,
1432 2965 1557 3005 cum
1585 2950 1728 3004 norit
1766 2948 1871 3003 alia

283 3053 481 3099 cuncta
513 3057 743 3098 vacuare
774 3041 1062 3110 juncturze.
1123 3040 1266 3096 Petit
1317 3056 1585 3113 concavas
1631 3042 1872 3108 lacunas,

284 3136 378 3190 ubi
402 3136 624 3204 palustri
656 3134 891 3189 statione
929 3134 1256 3204 pigrescens,
1298 3150 1429 3189 saxa
1474 3134 1683 3205 perlicit
1713 3134 1781 3189 de
1810 3134 1870 3188 li-

284 3239 489 3292 quore;
515 3231 571 3277 et
597 3239 716 3293 quze
744 3223 810 3277 ad
839 3224 1089 3278 decorem
1112 3222 1414 3278 inflexionis
1442 3231 1632 3277 natura
1658 3222 1877 3277 laxave-

285 3321 391 3376 rat,
418 3312 470 3366 in
500 3313 863 3382 turpissimum
889 3314 1121 3382 rigorem
1144 3314 1415 3369 soliditate
1436 3316 1719 3383 peregrina
1742 3331 1876 3370 con-

287 3404 522 3472 stringit.
553 3402 677 3459 llam
706 3405 886 3476 passio
916 3406 1225 3460 insanabilis
1265 3412 1323 3460 et
1368 3407 1569 3460 sanitas
1614 3406 1878 3475 passibilis

290 3495 419 3562 ligat
455 3494 679 3559 solutos,
714 3496 987 3549 contrahit
1029 3510 1246 3563 nervos,
1290 3508 1347 3549 et
1389 3496 1707 3551 decrescere
1752 3496 1879 3552 facit

290 3602 546 3655 corpora,
576 3602 696 3657 quae
738 3587 881 3641 nulla
910 3595 1036 3642 sunt
1076 3589 1413 3643 mutilatione
1442 3598 1705 3643 truncata.
1735 3586 1882 3643 Con-

290 3677 557 3731 stantibus
583 3678 838 3732 membris
866 3679 1206 3748 proceritatis
1231 3695 1480 3734 mensura
1508 3680 1668 3751 perit,
1699 3688 1755 3735 et
1780 3679 1881 3732 mi-

295 3782 397 3821 nor
419 3768 677 3832 cernitnr,
701 3770 787 3824 cui
813 3769 943 3823 nihil
971 3769 1288 3825 subductum
1316 3786 1438 3825 esse
1464 3772 1711 3826 sentitur.
1741 3770 1880 3826 Sub-

294 3859 579 3914 trahuntur
608 3861 882 3930 superstiti
915 3861 1212 3916 ministeria
1240 3862 1605 3917 membrorum
1635 3880 1648 3916 :
1681 3878 1882 3932 corpus

296 3950 474 4003 vivum
501 3960 603 4017 est,
647 3966 748 4005 nec
772 3960 1051 4017 movetur;
1101 3959 1156 4005 et
1184 3952 1322 4005 intra
1357 3952 1684 4007 insensibilia
1726 3954 1882 4008 reda-

295 4048 462 4103 ctum,
484 4040 593 4108 jam
623 4056 729 4095 non
761 4041 980 4110 proprio
1004 4049 1152 4107 voto,
1183 4043 1277 4097 sal
1314 4051 1466 4097 motu
1493 4042 1661 4098 fertur
1682 4044 1880 4099 alieno.

297 4127 421 4184 Haec
445 4130 559 4183 viva
592 4146 738 4185 mors
764 4146 927 4199 supra
966 4132 1147 4186 omnia
1176 4140 1446 4187 tormenta
1488 4149 1619 4188 sana
1648 4134 1881 4201 dicitur;

297 4229 353 4273 et
374 4221 563 4275 melius
584 4220 782 4275 habere
804 4219 990 4283 fertur,
1015 4222 1106 4289 qui
1127 4221 1364 4277 evasisse
1381 4238 1571 4277 causas
1592 4224 1724 4276 tanti
1750 4224 1885 4292 peri-

296 4311 403 4365 culi
429 4327 535 4365 non
560 4312 837 4381 probatur.
862 4311 1073 4367 Deserit
1095 4311 1314 4379 quidem
1340 4312 1514 4374 dolor,
1540 4313 1633 4367 sed
1662 4312 1884 4366 dimittit

298 4403 553 4472 reliquias
604 4403 885 4466 fortiores;
941 4413 1017 4469 et,
1060 4419 1200 4457 novo
1234 4403 1563 4458 infelicitatis
1609 4404 1880 4473 exemplo,

299 4494 480 4564 passio
500 4493 710 4549 videtur
730 4492 1042 4561 abscedere,
1073 4502 1129 4549 et
1156 4508 1300 4562 :cger
1328 4510 1434 4548 non
1473 4493 1669 4549 desinit
1695 4508 1871 4563 :cgro-

302 4593 439 4638 tare.
468 4583 746 4653 Appendia
789 4585 905 4653 ipsa
946 4585 1197 4639 cruciatis
1225 4584 1559 4639 debitoribus
1592 4584 1883 4654 aliquando
1912 4572 1963 4630 Ῑ)

299 4676 581 4729 solvuntur
610 4693 621 4727 :
648 4676 750 4729 ista
792 4684 972 4729 autem
995 4675 1206 4730 vincula
1244 4684 1371 4731 sunt
1396 4691 1515 4744 qua:
1551 4692 1674 4731 cum
1714 4678 1885 4732 semel

302 4766 575 4835 potuerint
613 4766 818 4833 illigare
839 4774 1077 4836 captum,
1122 4767 1366 4820 nesciunt
1398 4767 1450 4819 in
1484 4774 1595 4821 tota
1635 4768 1743 4821 vita
1774 4766 1887 4821 dis-

300 4859 530 4913 solvere.
562 4858 796 4914 lnfelicia
825 4859 978 4925 signa
1015 4858 1272 4929 relinquit
1298 4858 1616 4922 abscedens,
1644 4866 1700 4911 et
1736 4873 1887 4912 more

302 4952 542 5019 gentium
573 4952 919 5005 barbararum
965 4951 1255 5019 hospitium
1282 4950 1529 5020 corporis
1566 4957 1885 5019 occupatum

302 5043 413 5097 suis
439 5042 648 5098 indiciis
673 5043 906 5097 violenta
928 5042 1193 5107 defendit;
1224 5057 1292 5096 ne
1314 5042 1401 5096 ubi
1424 5041 1573 5096 ferox
1598 5042 1698 5096 ista
1727 5044 1890 5112 coepit

302 5134 613 5199 succedere,
640 5134 863 5188 adversa
888 5133 1013 5188 illnc
1039 5133 1233 5187 iterum
1256 5133 1456 5187 sanitas
1476 5133 1670 5187 audeat
1698 5133 1888 5189 fortas-

301 5224 377 5277 sis
406 5223 627 5277 intrare.
681 5222 793 5278 Hoc
821 5224 945 5277 licet
975 5224 1226 5278 onmibus
1250 5223 1501 5279 videatur
1526 5239 1643 5279 esse
1672 5234 1888 5279 contra-

303 5314 465 5378 rium,
498 5315 605 5369 illis
641 5314 875 5367 maxime
914 5314 1003 5381 qui
1045 5330 1316 5368 armorum
1358 5316 1744 5371 exercitatione
1788 5318 1888 5372 flo-

304 5414 549 5472 ruerunt,
594 5421 663 5461 ne
702 5405 943 5460 membra
984 5405 1073 5459 illa
1112 5405 1395 5461 durissima
1428 5407 1699 5475 languoris
1726 5394 1911 5464 deco-h

379 5573 405 5603 ⁸
429 5564 489 5620 1,.
516 5564 570 5633 I,
598 5565 667 5620 de
693 5564 745 5619 iu
779 5564 865 5630 jus
888 5580 1007 5619 voc.
1033 5582 1047 5631 ;
1073 5580 1253 5633 supra,
1286 5565 1377 5619 lib.
1408 5582 1479 5627 tv,
1510 5565 1666 5631 epist.
1699 5566 1786 5633 fit,
1821 5568 1872 5622 in

309 5636 447 5707 fin.;
489 5644 545 5690 et
571 5651 716 5704 sup.,
752 5636 855 5707 lib.
895 5652 969 5698 ix,
1018 5636 1175 5707 epist.
1208 5642 1241 5686 :t.
1267 5654 1277 5687 :
1301 5637 1356 5689 Si
1393 5636 1634 5707 facultas,
1659 5637 1873 5707 inquit,

311 5706 561 5777 vindicta:
590 5721 696 5758 non
743 5706 992 5777 suniciat.
1024 5704 1120 5777 per
1147 5704 1398 5777 fustuaria
1446 5705 1703 5777 supplicia
1737 5704 1880 5760 Iace-

313 5787 481 5833 retur.
509 5774 790 5848 ltem_eod.
824 5776 913 5831 lib.
957 5774 1041 5841 Ls,
1062 5777 1219 5847 epist.
1257 5776 1339 5843 18,
1366 5777 1418 5829 in
1447 5775 1622 5831 edicto
1650 5775 1857 5848 jAthala

316 5849 414 5907 sici
437 5845 599 5915 regis.
625 5843 794 5903 Fons.
1096 5843 1111 5847 ⁷
1248 5864 1263 5871 -

1964 549 2107 603 nime
2162 558 2485 620 potuerunt,
2544 552 2611 606 ab
2666 554 2877 610 interna
2932 558 3110 626 potius
3147 560 3549 616 contrarietate

1966 645 2266 699 vincantur.
2292 642 2462 714 Perge
2488 644 2673 713 igitur,
2704 655 2928 703 anc-tore
2967 649 3097 717 Deo,
3142 652 3413 719 gressibus
3442 654 3549 710 tuis

1965 734 2031 787 ad
2056 734 2231 789 locum
2261 736 2596 805 praedictum.
2639 737 2790 791 Absit
2834 740 2976 794 enim
3008 750 3068 796 ut
3096 742 3325 799 bellator
3364 751 3550 800 noster

1966 828 2205 881 ambulet
2233 829 2476 898 passibus
2492 829 2698 883 alienis.
2727 828 2937 899 Equino
2960 831 3144 896 dorso,
3175 848 3281 888 non
3313 835 3551 890 humana

1966 916 2314 972 subvectione
2362 921 2791 989 portetnrzquia
2839 919 2955 976 viro
2984 920 3107 976 forti
3148 936 3311 990 grave
3351 933 3436 980 est
3472 925 3553 979 sic

1964 1006 2167 1070 vivere,
2219 1016 2276 1061 ut
2323 1024 2423 1064 nec
2472 1010 2631 1063 vitam
2675 1011 2900 1067 inertem
2946 1011 3118 1083 possit
3158 1013 3289 1085 [ed.,
3322 1024 3549 1070 mortem

1966 1101 2156 1171 possit]
2188 1100 2429 1171 implere.
2455 1102 2584 1169 Qua:
2615 1105 2737 1160 ideo
2763 1106 2856 1159 tibi
2885 1117 3211 1176 exaggerata
3243 1108 3552 1162 narratione

1967 1194 2268 1257 retulimus,
2304 1202 2362 1247 ut
2381 1195 2446 1248 ad
2478 1196 2712 1250 studium
2736 1198 2984 1252 sanitatis
3006 1197 3186 1252 votiva
3217 1198 3373 1253 nimis
3394 1198 3550 1268 cupi-

1967 1283 2136 1337 ditate
2164 1284 2410 1353 rapiaris.
2449 1284 2608 1341 Utere
2639 1286 2797 1356 igitur
2827 1288 2980 1357 aquis
3000 1287 3127 1355 illis,
3160 1288 3390 1358 primum
3422 1295 3553 1357 potu

1964 1372 2310 1440 .dclinitoriis,
2339 1376 2531 1431 deinde
2557 1376 2886 1431 thermarum
2932 1378 3352 1434 exbihitionibus
3378 1379 3546 1433 sicca-

1968 1466 2113 1531 tivis,
2145 1468 2231 1521 ubi
2263 1469 2457 1524 merito
2479 1469 2820 1523 indomabilis
2839 1470 3021 1524 cervix
3047 1471 3135 1525 illa
3166 1473 3429 1541 passionis
3458 1470 3553 1526 fle-

1966 1559 2151 1623 ditur,
2179 1560 2396 1627 quando
2424 1561 2633 1615 interna
2658 1561 2882 1630 plurima
2911 1562 3170 1617 effusione
3198 1564 3549 1629 inundantur,

1969 1650 2238 1703 exteriora
2288 1651 2576 1704 attractiva
2622 1650 2823 1705 virtute
2872 1651 3040 1706 libera
3093 1652 3247 1719 fiunt,
3302 1661 3364 1707 et
3404 1654 3553 1707 velut

1969 1736 2177 1793 duobus
2198 1738 2411 1792 auxiliis
2430 1740 2772 1809 congregatis
2795 1738 2848 1793 in
2880 1740 3116 1796 medium
3138 1742 3298 1796 missa
3328 1757 3553 1812 supera-

1890 1838 1936 1897 Β
1971 1835 2077 1880 tur.
2106 1828 2367 1881 Amentnr
2404 1827 2512 1882 illic
2539 1843 2766 1883 munera
2792 1844 3067 1885 concessa
3090 1830 3366 1884 divinitus.
3406 1830 3552 1883 Con-

1972 1927 2053 1973 tra
2081 1918 2227 1973 illam
2255 1918 2477 1974 humani
2492 1919 2703 1986 generis
2726 1918 3127 1975 debellatricem
3149 1920 3426 1975 datasuut
3452 1936 3553 1991 op-

1969 2018 2198 2078 portuna
2222 2009 2517 2064 munimina
2547 2009 2913 2077 lavacrorum;
2938 2020 2993 2066 et
3011 2027 3173 2081 quam
3199 2028 3307 2066 non
3336 2010 3555 2070 edomat

1964 2102 2091 2170 jnge
2117 2100 2462 2168 decennium,
2500 2116 2613 2155 non
2658 2101 2804 2156 mille
2844 2102 3123 2171 potionum
3152 2102 3343 2157 mollit.
3367 2101 3553 2156 introi-

1969 2198 2087 2254 tus,
2130 2191 2467 2259 voluptuosis
2506 2190 2614 2245 illic
2660 2191 2912 2247 remediis
2956 2189 3243 2259 effngatnr.
3293 2189 3575 2249 Praestent

1968 2291 2213 2352 optatum
2258 2281 2446 2335 Divina
2490 2280 2830 2346 beneficium,
2882 2288 2938 2335 ut
2970 2279 3162 2334 famam
3194 2279 3296 2335 loci
3334 2278 3553 2333 verissi-

1970 2390 2112 2429 mam
2158 2382 2248 2427 tua
2282 2374 2460 2442 potius
2502 2371 2819 2427 salubritate
2855 2387 3163 2435 noscamus,
3193 2384 3352 2439 quem
3399 2369 3581 2423 nobis

1969 2464 2324 2520 desiderabile
2353 2472 2437 2521 est
2464 2464 2695 2520 evadere
2720 2461 2979 2535 quidquid
3015 2461 3203 2518 adimit
3236 2476 3566 2534 corpoream

1968 2558 2305 2627 sospitatem.

2489 2666 2821 2723 EPISTULA
2858 2666 3008 2721 XXX

2114 2799 2341 2840 BONORIO
2374 2799 2663 2839 ναίει-ἐςτο
2691 2798 2838 2837 υιιιιιε
2878 2796 3262 2836 THEOIMIIADUS
3288 2797 3413 2838 REI.

1971 2896 2123 2951 lubet
2151 2907 2207 2949 ut
2247 2896 2479 2950 labantes
2515 2894 2814 2963 elephantes
2854 2910 3024 2948 teneas
3061 2894 3279 2963 pristino
3318 2896 3477 2947 statui
3513 2903 3577 2950 ει·

2045 2968 2278 3037 ﬁrmitati
2300 2968 2555 3019 restituat.
2591 2965 2721 3019 Tum
2747 2965 3041 3035 elephantes
3062 2973 3111 3018 et
3133 2981 3309 3018 eorum
3328 2966 3565 3035 proprie-

2048 3036 2179 3092 tates
2206 3037 2423 3105 miriﬁce
2449 3036 2703 3106 depingit.

2055 3130 2210 3201 169
2238 3127 2531 3183 Relationis
2558 3136 2748 3183 vestra:
2767 3135 2956 3183 tenore
2983 3142 3368 3199 comperimus,
3394 3128 3449 3182 in
3475 3128 3567 3182 via

1903 3195 1949 3258 (ἶ
1978 3195 2354 3289 Sac—ra,'quam
2392 3219 2576 3275 multis
2615 3219 3087 3289 superstitionibus
3105 3195 3304 3275 dicavit
3326 3219 3454 3292 [θείη
3485 3219 3567 3275 di-

1982 3308 2134 3381 tavit]
2156 3308 2466 3378 antiquitas,
2496 3308 2811 3378 elephantes
2836 3323 3019 3363 :cneos
3044 3308 3217 3362 vicina
3245 3307 3571 3362 omnimodis

1978 3403 2132 3458 ruina
2176 3402 2438 3465 titubare;
2481 3410 2539 3456 et
2578 3402 2671 3470 qui
2716 3400 2894 3456 solent
2930 3400 2983 3455 in
3031 3400 3233 3457 carnali
3270 3401 3568 3456 substantia

1979 3510 2139 3565 supra
2161 3493 2409 3548 millenos
2436 3507 2606 3547 annos
2630 3492 2835 3560 vivere,
2863 3506 3114 3547 occasum
3140 3492 3422 3547 videantur
3442 3507 3571 3562 pro-

1981 3588 2182 3643 ximum
2211 3587 2265 3641 in
2293 3586 2590 3641 simulacris
2617 3586 2771 3642 :ereis
2791 3587 3077 3643 sustinere.
3111 3586 3206 3643 llis
3232 3587 3570 3658 providentia

1982 3689 2160 3734 vestra
2207 3678 2362 3733 reddi
2406 3678 2571 3733 faciat
2617 3678 2889 3748 propriam
2942 3677 3365 3747 longtevitatem,
3420 3679 3572 3733 uncis

1983 3771 2171 3827 ferreis
2195 3769 2396 3825 hiantia
2419 3771 2657 3825 membra
2687 3769 2988 3836 solidando,
3019 3771 3197 3825 alvum
3227 3787 3443 3842 quoque
3472 3772 3572 3827 de-

1983 3862 2199 3916 missam
2225 3860 2440 3915 subdito
2465 3860 2672 3930 pariete
2693 3861 3029 3927 corroboret,
3057 3877 3123 3916 ne
3144 3862 3231 3915 illa
3263 3861 3571 3930 magnitudo

1983 3952 2243 4007 mirabilis
2271 3951 2510 4006 solvatur
2549 3951 2780 4021 turpiter
2806 3951 2861 4007 in
2889 3952 3121 4006 ruinam.
3165 3950 3297 4005 Nam
3340 3961 3397 4005 et
3436 3950 3571 4005 vivis

1985 4045 2100 4115 ipse
2127 4059 2283 4100 casus
2309 4042 2567 4099 adversus
2595 4052 2705 4109 est;
2734 4044 2825 4113 qui
2855 4045 2981 4099 dum
3020 4042 3244 4111 ingeniis
3268 4042 3571 4098 cubationis

1985 4146 2102 4190 arte
2147 4135 2425 4189 hominum
2473 4135 2697 4189 succisis
2735 4134 3019 4190 arboribus
3056 4134 3293 4202 ingentia
3329 4135 3571 4189 membra

1985 4226 2377 4291 commiserint,
2406 4233 2526 4280 toto
2564 4225 2802 4295 pondere
2838 4225 3096 4294 supinati,
3126 4234 3399 4295 nequeunt
3444 4240 3574 4295 pro-

1987 4318 2117 4388 priis
2138 4316 2343 4371 viribus
2362 4329 2602 4382 surgere,
2625 4329 2765 4384 quos
2783 4314 2948 4368 semel
2968 4314 3255 4381 contigerit
3272 4314 3541 4373 corruisse
3574 4333 3592 4382 ;

1985 4409 2211 4473 scilicet,
2233 4407 2356 4474 quia
2382 4404 2546 4475 pedes
2571 4419 2759 4460 eorum
2788 4404 2948 4458 nullis
2968 4405 3205 4459 articulis
3235 4404 3261 4444 δ
3292 4404 3575 4465 inflectunt-

1986 4507 2095 4564 tur,
2124 4498 2215 4553 sed
2246 4500 2298 4553 in
2331 4496 2552 4551 modum
2589 4495 2964 4550 columnarum
3011 4496 3248 4564 rigentes
3283 4504 3445 4567 atque
3488 4498 3575 4551 iu-

1989 4588 2286 4644 curvabiles
2324 4587 2526 4657 jugiter
2570 4594 2938 4656 perseverant.
2980 4585 3054 4641 lbi
3095 4595 3241 4642 tanta
3270 4589 3421 4644 mole
3445 4605 3589 4657 prox

1990 4679 2143 4734 strati
2170 4686 2316 4743 sunt,
2348 4686 2407 4731 ut
2435 4684 2562 4732 tunc
2590 4676 2760 4744 magis
2796 4676 3093 4732 metallicos
3129 4678 3301 4747 possis
3328 4678 3592 4744 credere,

1989 4784 2110 4823 cum
2139 4784 2198 4823 se
2227 4768 2373 4822 vivos
2401 4767 2630 4837 aspicias
2653 4783 2760 4821 non
2790 4782 3027 4823 movere.
3052 4767 3243 4823 iacent
3261 4770 3578 4839 superstites

1991 4858 2340 4915 similitudine
2376 4860 2697 4913 cadaverum
2727 4876 2741 4911 :
2773 4868 3016 4944 mortuos
3054 4868 3393 4929 putes,un
3422 4859 3585 4915 vivos

1991 4969 2111 5008 esse
2149 4969 2255 5007 non
2297 4953 2541 5019 dubites;
2580 4960 2636 5008 et
2680 4968 2835 5008 more
2885 4952 3188 5009 cadentium
3228 4952 3568 5014 fabricarum,

1992 5045 2239 5099 nesciunt
2268 5043 2447 5097 locum
2487 5052 2681 5112 sponte
2711 5042 3036 5111 relinquere,
3065 5057 3223 5110 quem
3254 5041 3363 5095 suis
3399 5056 3569 5093 ment-

1990 5140 2100 5193 bris
2122 5137 2395 5208 potuerint
2422 5128 2708 5205 occupare.
2739 5135 3045 5205 Magnitudo
3076 5135 3163 5188 illa
3195 5133 3445 5187 terribilis
3472 5150 3591 5188 nem

1993 5229 2227 5283 formicis
2269 5226 2635 5281 minutissimis
2678 5240 2776 5294 par
2828 5232 2940 5285 est,
2988 5222 3205 5292 quando
3254 5220 3571 5275 beneficium

1992 5339 2095 5375 non
2132 5321 2293 5375 habet
2337 5328 2561 5383 naturae,
2602 5315 2745 5384 quod
2794 5316 2980 5369 ultima
3026 5313 3276 5367 videntur
3321 5312 3573 5366 animalia

1992 5414 2272 5468 meruisse.
2323 5409 2569 5465 Humano
2618 5406 2815 5462 solatio
2865 5412 3216 5472 consurgunt,
3264 5402 3417 5472 cujus
3457 5411 3589 5455 arto-

2056 5574 2081 5611 δ
2121 5573 2331 5627 Falsum
2360 5572 2466 5626 hoc
2487 5586 2605 5625 esse
2631 5570 2817 5625 scribit
2845 5567 2903 5622 P.
2929 5567 3119 5624 Gillins
3138 5566 3190 5621 in
3213 5565 3575 5634 descriptione

1988 5645 2307 5712 elephantis,
2340 5658 2456 5712 quae
2480 5639 2954 5712 adjunctazfgliani
2987 5639 3134 5712 libris
3162 5639 3229 5692 de
3256 5635 3587 5712 annnalibns

1990 5716 2041 5767 in
2080 5704 2325 5766 'editione
2359 5704 2514 5766 'Guil.
2550 5704 2755 5765 flonilii
2796 5709 3035 5781 Lugduni
3077 5726 3219 5766 anno
3263 5704 3418 5772 1565,
3452 5718 3587 5778 pag.

1992 5781 2347 5840 500.Juast.
