4006 6506
470 395 575 456 819

1683 394 1751 451 M;
1793 389 2069 450 AUREIJI
2109 388 2505 445 CASSIODORI

3647 394 3760 449 8‘20

464 515 766 584 iacuerunt.
822 511 1004 565 Bellua
1063 517 1241 562 tamen
1295 510 1566 577 gressibus
1614 507 1724 562 suis
1771 505 2017 560 restituta
2038 545 2052 566 ,
2087 506 2129 560 Α
2163 503 2275 574 ipsa
2306 505 2640 574 dignoscitur
2662 520 2780 563 esse
2809 508 3081 572 collatum,
3112 517 3288 564 tamen
3321 524 3483 578 quam
3512 510 3759 570 maxime

467 605 619 659 novit
655 618 864 658 memor
910 616 1028 656 esse
1077 600 1350 666 beneficii;
1401 601 1453 654 in
1500 600 1812 668 magistrum
1857 598 2054 666 quippe

459 695 658 763 recipit
701 707 862 762 quem
910 692 1010 747 sibi
1060 692 1375 746 subvenisse
1422 691 1698 758 cognosci:
1737 707 1749 741 :
1786 688 1849 740 ml
1889 688 2054 757 ipsius

463 787 748 841 arbitrium
788 797 1005 854 gressus
1036 792 1240 847 movet.
1273 784 1440 853 ipsius
1478 783 1753 836 voluntate
1787 781 1936 834 cibos
1965 796 2054 834 ca-

459 880 556 948 pit.
607 875 696 942 Et,
739 878 882 946 quod
936 892 1150 930 omnem
1202 875 1608 942 intelligentiam
1649 873 2052 943 quadrupedum

456 964 702 1040 superat,
735 985 842 1023 non
888 969 1098 1023 dubitat
1140 969 1316 1037 primo
1364 976 1584 1036 aspectu
1626 967 1851 1022 adorare
1895 982 2053 1034 quem

459 1071 782 1117 cunctorurn
812 1062 1060 1129 intelligit
1089 1070 1352 1115 rectorem
1384 1075 1501 1113 esse
1533 1078 1544 1112 :
1577 1060 1660 1114 cui
1693 1061 1833 1132 [Ac.,
1865 1055 1978 1128 qui]
2010 1058 2053 1110 si

461 1161 729 1220 tyrannus
769 1159 1057 1220 appareat,
1109 1148 1299 1204 inflexa
1352 1159 1658 1218 permanet;
1710 1164 1808 1203 nec
1855 1147 2055 1216 imponi

467 1251 652 1309 potest
676 1241 867 1296 bellua:
898 1242 1000 1294 hoc
1029 1250 1084 1293 et
1119 1241 1273 1294 malis
1301 1239 1556 1309 pendere,
1587 1239 1731 1308 quod
1761 1256 1789 1290 a
1821 1254 1879 1292 se
1909 1238 2057 1291 novit

467 1332 625 1386 bouis
654 1333 983 1404 principibus
1011 1333 1286 1385 exhibere.
1325 1331 1380 1384 In
1417 1332 1587 1384 vicem
1622 1346 1808 1384 manus
1836 1346 2054 1398 promu-

467 1424 670 1480 scidem
702 1424 892 1486 tendit,
923 1433 978 1477 et
1004 1425 1261 1490 magistro
1307 1421 1582 1491 profutura
1616 1431 1890 1490 gratanter
1918 1423 2057 1475 acci-

468 1517 569 1585 pit,
599 1516 723 1586 quia
749 1531 808 1569 se
839 1515 1003 1583 ipsius
1031 1529 1159 1568 cura
1200 1514 1380 1567 vivere
1427 1527 1584 1581 posse
1631 1501 1924 1579 cognoscit.
1969 1509 2059 1563 E~t

469 1609 611 1664 enim
636 1607 715 1679 (ut
737 1607 807 1659 ita
829 1605 1079 1673 dixerim)
1111 1604 1376 1673 praedicta:
1415 1604 1605 1657 bellua:
1632 1612 1819 1656 nasuta
1847 1617 2054 1664 manus,

467 1714 568 1768 per
591 1713 749 1766 quam
777 1696 903 1750 data
935 1697 1157 1765 suscipit
1185 1704 1240 1749 ct
1278 1699 1358 1748 ori
1392 1710 1490 1749 suo
1519 1694 1754 1749 voranda
1783 1693 2057 1747 transmit-

469 1788 552 1842 tit.
584 1786 715 1840 Nam
763 1801 886 1840 cum
926 1787 997 1841 sit
1043 1786 1210 1840 altum
1258 1786 1476 1848 animal,
1511 1785 1823 1839 brevissima
1852 1786 2060 1839 cervice

2159 611 2319 649 causa
2352 598 2511 665 regia:
2542 597 2814 666 dignitatis
2851 601 3096 668 supernis
3127 609 3208 655 est
3245 602 3563 672 applicanda
3601 604 3753 671 judi-

2159 687 2278 752 ciis,
2297 687 2419 755 quia
2447 689 2559 757 ipse
2585 687 2930 742 nihilominus
2951 691 3234 755 ordinavit,
3261 695 3346 747 cui
3370 708 3502 748 suos
3520 696 3755 763 pOpulos

2159 793 2348 846 parere
2377 779 2671 846 cognoscit.
2717 777 2868 832 Unde
2907 779 3124 836 Auctori
3170 792 3354 837 nostro
3383 784 3604 840 Christo
3628 799 3756 852 gra-

2161 869 2262 926 tias
2305 869 2600 923 bumillima
2661 870 3022 926 satisfactione
3073 873 3400 940 referentes,
3451 875 3753 929 indicamus

2158 970 2410 1032 parentes
2441 973 2652 1018 nostros
2680 962 2886 1016 Gothos
2918 965 3055 1018 inter
3092 965 3491 1033 procinctuales
3515 965 3747 1032 gladios,

2159 1069 2310 1108 more
2340 1054 2624 1122 majorum,
2642 1063 2794 1106 scuto
2817 1055 3097 1122 supposito
3122 1065 3164 1117 ο,
3183 1055 3415 1123 regalem
3443 1055 3604 1108 nobis
3622 1071 3748 1108 con-

2161 1147 2364 1210 tulisse,
2391 1153 2678 1214 pnestaute.
2703 1144 2833 1210 Deo,
2861 1145 3194 1212 dignitatem,
3223 1156 3279 1198 ut
3305 1147 3571 1200 honorem
3599 1161 3747 1198 arma

2159 1237 2368 1300 darent,
2392 1235 2543 1304 cujus
2575 1236 2884 1304 opinionem
2917 1236 3053 1288 bella
3083 1244 3426 1305 pepererant.
3459 1235 3578 1288 Non
3609 1236 3742 1291 cuiu

2160 1327 2212 1380 in
2237 1327 2425 1381 cubilis
2449 1327 2726 1394 angustiis,
2753 1327 2845 1379 sed
2870 1327 2920 1379 in
2945 1328 3145 1395 campis
3174 1327 3278 1379 late
3308 1327 3616 1395 patentibus
3639 1327 3739 1380 ele-

2161 1428 2305 1473 ctum
2335 1434 2420 1471 me
2447 1433 2565 1471 esse
2591 1419 2875 1481 noveritis;
2918 1434 3016 1471 nec
3062 1419 3199 1470 inter
3243 1417 3631 1471 blandientium
3659 1417 3752 1472 de-

2161 1511 2319 1564 licata
2363 1511 2650 1580 colloquia,
2680 1509 2773 1563 sed
2809 1511 2948 1563 tubis
2983 1510 3434 1582 concrepantibus
3460 1525 3580 1563 sum
3604 1526 3750 1578 qua:-

2161 1607 2317 1673 situs,
2368 1613 2426 1658 ut
2473 1606 2564 1658 tali
2609 1603 2822 1659 fremitu
2877 1605 3178 1658 concitatus
3221 1604 3489 1658 desiderio
3535 1606 3752 1660 virtutis

2162 1696 2409 1763 ingenita:
2437 1710 2616 1761 regem
2647 1695 2745 1748 sibi
2775 1695 3022 1749 Martium
3044 1696 3259 1750 Geticus
3287 1697 3518 1765 populus
3548 1697 3754 1751 inveni—

2161 1797 2264 1841 ret.
2311 1786 2553 1852 Quandiu
2603 1787 2743 1839 enim
2790 1787 2952 1839 fortes
2991 1787 3110 1852 viri,
3145 1788 3285 1841 inter
3321 1787 3468 1854 bella,
3491 1787 3750 1842 ferventia

469 1880 825 1951 compositum
854 1888 964 1946 est;
997 1886 1054 1933 ut
1083 1879 1224 1950 quod
1253 1879 1402 1934 cibos
1431 1896 1497 1932 ex
1525 1879 1688 1933 hmno
1722 1895 1826 1933 non
1859 1895 2060 1948 praeva-
2095 1888 2138 1945 Β
2169 1882 2376 1946 nutriti,
2406 1881 2700 1949 principem
2732 1879 2869 1933 ferre
2913 1887 3161 1948 poterant
3205 1895 3310 1932 non
3359 1879 3664 1948 probatum,
3698 1887 3753 1932 ut

469 1969 613 2024 lebat
641 1985 884 2038 carpere,
921 1971 1024 2024 hoc
1053 1986 1111 2025 se
1140 1970 1438 2025 ministerio
1477 1969 1752 2024 videretur
1791 1986 1947 2040 posse
1976 1987 2060 2025 sa-

469 2061 627 2117 tiare.
669 2059 952 2116 Tentando
995 2063 1168 2115 solum
1212 2070 1402 2116 cautus
1443 2076 1656 2130 semper
1686 2061 1903 2125 incedit,
1935 2063 2062 2115 reti-

470 2167 604 2206 nens
663 2150 817 2204 initio
872 2153 1248 2220 captivationis
1309 2168 1419 2206 suae
1474 2151 1639 2206 fuisse
1690 2153 1788 2206 sibi
1849 2155 2062 2207 noxiam

473 2243 703 2295 ruinam.
754 2240 966 2294 Flatum
1006 2258 1193 2306 suum,
1235 2243 1358 2310 quia
1398 2242 1569 2296 dolori
1611 2243 1802 2312 capitis
1847 2245 2063 2298 Immani

473 2329 676 2383 mederi
720 2329 936 2392 dicitur,
965 2338 1186 2398 rogatus
1223 2332 1460 2385 exhalat.
1495 2331 1593 2387 Hic
1631 2333 1756 2386 dum
1796 2334 1862 2387 ad
1899 2350 2065 2404 aquas

475 2419 680 2472 venerit
700 2419 1043 2485 hauriendas,
1065 2436 1161 2490 per
1181 2436 1369 2476 cavum
1394 2425 1748 2492 promuscidis
1776 2427 1826 2479 in
1851 2428 2064 2480 modum

476 2510 668 2579 pluvia:
712 2513 936 2566 imbrem
984 2514 1288 2583 postulatus
1329 2515 1578 2581 effundit;
1612 2526 1666 2571 ct
1703 2518 1783 2573 sic
1828 2521 2069 2585 agnoscit

480 2603 619 2671 quod
650 2604 867 2672 patitur,
900 2613 955 2658 et
983 2614 1041 2658 ut
1069 2606 1238 2661 libens
1269 2606 1430 2661 faciat
1468 2609 1614 2678 quod
1647 2618 1883 2675 rogatur.
1917 2609 2064 2664 Motu

480 2698 723 2767 corporis
759 2713 789 2752 a
821 2699 1043 2755 diversis
1091 2686 1324 2769 postulat
1349 2702 1493 2770 quod
1524 2704 1778 2770 magistro
1806 2705 2064 2775 porrigat,

481 2796 535 2840 et
564 2789 842 2846 nutritoris
871 2792 1204 2860 compendia,
1235 2809 1330 2847 sua
1362 2802 1512 2864 putat
1539 2795 1812 2848 alimenta.
1840 2797 1991 2862 Quod
2023 2795 2068 2849 si

483 2869 674 2947 aliquis
702 2880 941 2947 prmbere
970 2884 1358 2952 contempserit
1386 2885 1671 2953 postulata,
1698 2887 1887 2940 vesica:
1910 2886 2071 2940 colle-

483 2969 694 3022 (tacuh)
722 2968 1014 3039 patefacto,
1038 2982 1243 3027 tantam
1267 2974 1462 3028 dicitur
1483 2976 1804 3030 alluvionem
1827 2991 2071 3045 egerere,

485 3070 544 3114 ut
570 3062 618 3113 in
643 3062 757 3130 ejus
784 3064 1066 3132 penatibus
1095 3064 1309 3132 quidam
1337 3065 1528 3120 ﬂuvius
1553 3066 1800 3121 videatur
1825 3069 2072 3132 intrasse,

487 3163 850 3222 contemptum
876 3155 1150 3210 vindicans
1177 3155 1245 3211 de
1267 3155 1454 3211 fetore.
1481 3157 1612 3211 Nam
1637 3167 1693 3212 et
1715 3159 1872 3212 laesus
1896 3169 2073 3214 servat

2164 1974 2232 2026 de
2261 1973 2377 2041 ejus
2413 1973 2548 2026 fama
2593 1973 2880 2036 laboraret,
2909 1973 3153 2040 quamvis
3193 1973 3261 2026 de
3307 1971 3526 2042 propria
3555 1972 3752 2025 virtute

2165 2064 2551 2133 praesumeret?
2580 2061 2808 2116 Necesse
2837 2071 2920 2114 est
2948 2063 3087 2114 enim
3118 2061 3274 2115 talem
3301 2061 3367 2115 de
3397 2063 3608 2115 cunctis
3635 2063 3751 2130 opi-

2165 2154 2380 2206 nionem
2427 2167 2663 2215 currere,
2693 2152 2904 2221 qualem
2952 2167 3082 2221 gens
3128 2156 3320 2206 meruit
3349 2153 3549 2206 habere
3577 2161 3751 2207 recto-

2168 2262 2299 2300 rem.
2336 2247 2484 2312 Nam,
2527 2248 2662 2301 sicut
2691 2246 2875 2299 audire
2902 2247 3171 2315 potuistis,
3201 2256 3479 2314 parentum
3505 2245 3751 2315 periculis

2168 2346 2424 2392 evoca-tus
2449 2337 2768 2391 adveneram
2793 2352 3131 2390 comnmnem
3156 2353 3277 2390 cum
3305 2335 3553 2390 omnibus
3575 2336 3750 2389 subire

2169 2428 2464 2493 fortunam;
2495 2423 2589 2481 sed
2611 2429 2682 2481 illi
2705 2428 2894 2481 ducent
2924 2444 3010 2482 me
3033 2429 3130 2482 sibi
3163 2444 3281 2482 esse
3306 2444 3411 2482 non
3439 2429 3582 2498 passi
3611 2439 3747 2495 sunt,

2169 2521 2256 2587 qui
2289 2520 2638 2572 exercitatum
2670 2534 2847 2586 regem
2878 2535 3119 2587 qmercre
3146 2521 3485 2574 videbantur.
3513 2521 3751 2590 Quapr0«

2170 2619 2291 2680 pter
2319 2611 2546 2681 primum
2576 2610 2767 2663 diviuzc
2795 2611 3001 2676 gratim,
3034 2610 3224 2664 deinde
3254 2610 3552 2664 Gothorurn
3585 2609 3752 2666 favete

2166 2701 2397 2770 judieiis,
2423 2701 2544 2770 quia
2577 2716 2662 2754 me
2689 2715 2866 2767 regem
2891 2717 3076 2754 oumcs
3105 2701 3296 2766 facitis,
3320 2702 3410 2770 qui
3436 2703 3750 2756 unanimiter

2129 2809 2131 2812 ‘
2173 2805 2294 2849 vota
2339 2795 2614 2847 confertis.
2668 2793 2928 2861 Deponitc
2974 2810 3114 2848 nunc
3159 2795 3474 2848 damnorum
3521 2803 3745 2862 metum,

2172 2884 2573 2954 dispendiorum
2623 2884 2956 2952 suspiciones
3002 2883 3231 2952 abjicite,
3285 2885 3412 2938 nihil
3459 2886 3559 2940 sub
3606 2886 3750 2941 nobis

2175 2996 2424 3049 asperum
2457 2977 2770 3030 formidetis.
2799 2977 2991 3030 Amare
3017 2977 3262 3032 novimus
3285 2978 3425 3031 viros
3456 2975 3642 3043 fortes,
3667 2978 3751 3050 qui

2178 3072 2372 3142 smpius
2396 3069 2533 3124 bella
2559 3069 2877 3137 peregimus.
2904 3069 3145 3131 Additur,
3170 3067 3310 3136 quod
3341 3069 3628 3136 unicuique
3654 3070 3751 3121 vir-

2180 3174 2349 3217 tutum
2405 3171 2701 3215 vestrarmn
2759 3161 2900 3232 [ms.,
2955 3161 3186 3213 virorum
3232 3159 3560 3231 vestrorum]
3613 3162 3751 3216 testis

490 3243 772 3308 offensam.
802 3253 857 3298 ει
895 3245 1056 3314 longe
1085 3254 1208 3316 ροει
1248 3255 1492 3318 tenuiore
1537 3249 1764 3304 reddere
1802 3250 2013 3313 dicitur,
2046 3266 2073 3302 a
2107 3263 2148 3321 (ζ
2181 3257 2390 3311 assiste.
2433 3255 2513 3307 Ab
2551 3253 2654 3306 alio
2684 3253 2824 3306 enim
2854 3252 2979 3304 mihi
3011 3267 3116 3306 non
3146 3259 3226 3305 est
3253 3267 3388 3320 opus
3419 3251 3555 3307 facta
3587 3262 3750 3306 ve-tra

478 3350 596 3401 ,qno
626 3335 906 3402 injuriatus
935 3352 1054 3392 esse
1077 3337 1325 3392 sentitur.
1355 3338 1509 3392 Oculi
1535 3339 1750 3408 quidem
1782 3340 1952 3408 parvi,
1984 3339 2078 3392 sed

491 3428 726 3491 graviter
765 3444 825 3481 se
873 3438 1167 3484 nim-entes.
1214 3430 1416 3485 Credas
1463 3430 1666 3499 aliquid
1715 3433 1920 3499 regium
1964 3430 2081 3499 ejus

492 3515 788 3571 intendisse
815 3528 1181 3586 conspectum.
1215 3519 1448 3588 Despieit
1487 3521 1788 3574 scurriliter
1816 3521 2076 3584 ludentes,

494 3606 778 3664 honestum
808 3609 1005 3679 aliquid
1037 3618 1312 3678 gratanter
1339 3611 1597 3671 attendit;
1629 3622 1684 3664 et
1720 3609 1957 3664 advertis
1997 3627 2081 3665 re-

494 3707 580 3752 cte
616 3697 878 3766 judicare,
927 3700 1013 3754 cui
1059 3699 1196 3753 levia
1243 3700 1560 3768 cognoveris
1594 3699 1897 3768 displicere.
1931 3699 2081 3754 Cutis

493 3787 654 3858 hujus
697 3788 954 3844 ulcerosis
990 3789 1217 3844 vallibus
1246 3797 1502 3846 exaratur
1532 3792 1585 3859 (a
1613 3799 1718 3858 qna
1749 3798 2077 3859 transporta-

491 3893 717 3933 neormn
760 3878 989 3934 nefanda
1027 3881 1208 3950 passio
1237 3895 1432 3934 nomen
1459 3881 1711 3951 accepit),
1741 3897 1860 3950 qua:
1887 3882 1940 3935 in
1973 3891 2081 3936 tan-

493 3983 599 4026 tam
631 3971 881 4028 duritiam
920 3972 1200 4035 solidatur,
1231 3980 1289 4028 ut
1328 3980 1481 4041 putes
1505 3989 1622 4027 esse
1647 3989 1855 4026 osseam
1877 3981 2076 4028 cutem.

493 4067 618 4121 llmc
649 4065 791 4121 nulla
825 4066 875 4119 vi
905 4065 1303 4131 transmittitur,
1350 4067 1497 4120 nullo
1528 4065 1651 4119 ferri
1691 4067 1938 4120 acurnine
1981 4081 2078 4134 pe-

491 4166 754 4211 netratur.
802 4155 1038 4226 Ideoque
1080 4155 1364 4212 Persarum
1396 4170 1550 4224 reges
1584 4156 1725 4210 hanc
1753 4156 1984 4210 belluaut
2013 4155 2079 4209 ad

490 4248 626 4302 bella
663 4256 959 4310 traxerunt,
991 4263 1111 4316 qua:
1133 4255 1190 4302 et
1217 4248 1374 4303 nullis
1400 4247 1593 4302 ictibus
1615 4247 1823 4316 pulsata
1843 4245 2078 4313 cederet,

489 4348 543 4390 et
573 4337 915 4394 adversarios
943 4355 1038 4393 sua
1070 4339 1212 4394 mole
1241 4348 1489 4394 terreret.
1515 4337 1856 4407 Quapropter
1881 4337 2080 4392 habere

489 4445 676 4483 eorum
703 4429 902 4484 formas
930 4431 1290 4498 gratissimum
1312 4438 1414 4493 est,
1442 4439 1501 4484 ut
1527 4430 1615 4498 qui
1642 4431 1815 4482 vivam
1839 4430 2081 4482 substan-

492 4520 619 4572 tiam
651 4534 761 4574 non
787 4519 1056 4585 viderunt,
1089 4521 1365 4589 opinatum
1394 4519 1468 4590 [id
1490 4528 1585 4584 est,
1614 4516 1848 4587 celebre]
1878 4517 2077 4572 animal

2183 3347 2422 3408 narrari,
2465 3347 2588 3412 quia
2637 3344 2814 3397 omnia
2872 3343 3147 3398 vobiscum
3205 3343 3476 3396 laboribus
3527 3345 3753 3398 sociatus

2181 3440 2392 3506 agnovi.
2425 3437 2583 3490 Arma
2618 3435 2916 3490 Gothorum
2971 3435 3113 3489 nulla
3157 3435 3570 3502 promissionum
3613 3452 3753 3488 mea-

2180 3544 2297 3582 rmn
2324 3528 2581 3580 varietate
2611 3525 2896 3592 frangenda
2925 3534 3046 3577 sunt
3081 3524 3209 3596 fert,
3243 3525 3433 3588 amici,
3465 3535 3588 3588 clm,
3617 3524 3754 3578 fran-

2180 3618 2378 3690 gendi].
2414 3618 2491 3671 Ad
2516 3618 2688 3688 gentis
2717 3617 3000 3670 utilitatem
3027 3615 3278 3684 respiciet
3303 3631 3461 3668 onme
3485 3615 3630 3683 quod
3654 3615 3753 3684 agi-

2183 3725 2317 3770 mus,
2351 3709 2596 3778 privatim
2629 3724 2726 3762 nec
2755 3723 2854 3761 nos
2881 3707 3196 3760 amabimus.
3223 3707 3336 3761 IIoc
3361 3707 3513 3774 sequi
3544 3709 3754 3777 promit.

2183 3801 2341 3854 tiums
2371 3800 2512 3867 quod
2546 3806 2701 3851 ornet
2729 3798 2933 3864 regium
2965 3814 3179 3851 nomen.
3224 3794 3501 3851 Postremo
3527 3808 3753 3870 nostrum

2180 3907 2278 3959 per
2315 3890 2467 3959 170
2492 3889 2668 3941 omnia
2702 3887 3015 3956 pollicemur
3041 3886 3342 3953 imperium,
3370 3887 3530 3953 quale
3559 3887 3754 3941 Gothos

2181 3982 2377 4034 habere
2418 3981 2608 4034 deceat
2651 3985 2773 4048 post
2820 3977 3070 4048 inclytum
3116 3975 3511 4043 Theodericum
3547 3995 3558 4029 :
3591 3967 3669 4030 vir
3696 3976 3753 4032 ad

2181 4073 2328 4137 regni
2378 4087 2532 4125 curas
2577 4070 2918 4137 singuiariter
2959 4077 3015 4121 et
3061 4069 3280 4137 pulchre
3320 4069 3667 4136 compositus,
3706 4077 3755 4122 ut

2181 4163 2375 4215 merito
2404 4161 2769 4228 unusquisque
2797 4158 3095 4227 principum
3130 4167 3332 4211 tantum
3367 4157 3654 4227 pnecla'rus
3681 4159 3753 4211 in-

2184 4253 2468 4319 telligatur,
2503 4259 2760 4320 quantum
2793 4249 3015 4303 Consilia
3062 4250 3225 4318 ipsius
3274 4265 3457 4302 amare
3497 4247 3755 4316 dignosci-

2185 4352 2287 4397 tur.
2329 4343 2531 4397 Idcirco
2561 4357 2757 4410 parens
2789 4341 2954 4408 ipsius
2980 4339 3139 4393 debet
3167 4340 3333 4404 credi,
3363 4339 3454 4406 qui
3483 4340 3598 4406 ejus
3628 4340 3754 4392 facta

2182 4431 2681 4510 potueritjmitari.
2735 4429 2802 4482 Et
2847 4431 2966 4484 ideo
3013 4447 3111 4500 pro
3154 4432 3300 4498 regni
3344 4431 3510 4485 nostri
3543 4431 3755 4482 utilitate

2181 4535 2367 4580 estote"
2395 4525 2630 4587 solliciti,
2673 4525 2739 4580 de
2789 4526 2998 4578 interna
3043 4523 3478 4584 conversatione,
3530 4521 3638 4578 Deo
3678 4523 3754 4590 ju-

491 4612 581 4664 tali
628 4611 1008 4680 imaginatione
1051 4621 1400 4680 cognoscant.
1431 4610 1498 4664 Et
1542 4611 1664 4666 ideo
1707 4627 1812 4664 non
1857 4611 2079 4680 patiaris
2111 4625 2158 4684 ι)
2186 4627 2364 4682 vame,
2395 4618 2586 4671 securi.

490 4701 688 4769 perire,
719 4703 932 4770 quando
962 4703 1219 4758 Romanae
1245 4703 1518 4772 dignitatis
1536 4710 1620 4756 est
1645 4701 1907 4756 artificum
1935 4702 2078 4770 inge-

491 4792 592 4845 niis
631 4792 684 4845 in
717 4791 808 4846 illa
834 4793 966 4847 urbe
995 4794 1310 4860 recondere,
1343 4794 1488 4863 quod
1514 4809 1609 4862 per
1630 4794 1871 4848 diversas
1897 4793 2078 4847 mundi

493 4891 672 4951 partes
704 4883 1049 4950 cognoscitur
1077 4883 1226 4937 dives
1259 4893 1446 4936 natura
1477 4897 1814 4950 procreasse.

1016 4992 1340 5047 EPISTULA
1380 4991 1565 5046 XXXI.

850 5101 1116 5140 UNIVERSI‘?
1144 5100 1334 5139 GUTIIIS
1365 5101 1551 5138 γιτιοις
1580 5102 1705 5139 REX.

497 5178 689 5233 Scribit
723 5195 778 5231 se
817 5177 881 5229 ab
920 5177 1166 5235 exercitu.
1208 5193 1348 5228 more
1393 5178 1668 5247 majorum,
1714 5193 1883 5246 regem
1924 5175 2082 5245 fuisse

1161 5254 1331 5300 creata
1339 5264 1406 5300 m.

565 5341 822 5409 Quamvis
841 5341 1017 5395 mutuis
1039 5347 1324 5410 provectus
1349 5339 1416 5393 ad
1441 5338 1738 5394 Divinitatis
1757 5346 1836 5392 est
1861 5351 2080 5390 munera

496 5430 826 5488 referendus.
861 5447 960 5486 nec
987 5430 1188 5502 aliquid
1217 5440 1429 5486 constat
1458 5431 1680 5494 bonum,
1713 5429 1813 5483 nisi
1843 5427 1986 5497 quod
2013 5427 2082 5481 ab

570 5641 596 5669 ⁸
627 5632 718 5687 Sic
744 5631 858 5686 Αᾱο
887 5627 1204 5703 Viennensis
1233 5631 1285 5684 in
1308 5635 1467 5703 tetate
1497 5636 1648 5703 senta
1684 5643 1696 5676 :
1731 5624 1835 5677 Sed
1868 5622 2087 5703 Francis

499 5703 843 5757 consentiens
864 5717 1012 5755 more
1037 5702 1209 5768 gentis
1239 5700 1516 5769 impositus
1545 5698 1733 5769 clypeo
1763 5711 1856 5769 rex
1887 5698 2086 5769 consti-

501 5776 647 5826 tutus
667 5781 770 5837 est,
799 5773 876 5825 sic
896 5772 1002 5826 ille.
1027 5764 1132 5824 Sed
1156 5780 1210 5825 et
1240 5764 1466 5823 Romani
1489 5775 1542 5821 et
1570 5764 1781 5837 barbari
1800 5779 1956 5837 quem
1989 5765 2086 5816 im-

502 5834 805 5910 peratorem
821 5841 1116 5910 faciebant,
1137 5857 1257 5893 eum
1281 5843 1334 5894 in
1355 5841 1518 5910 altum
1544 5836 1826 5910 tollebant,
1843 5843 1898 5887 ut
1923 5834 2088 5910 liquet

504 5903 573 5965 'u
600 5906 870 5964 Jornande
899 5912 952 5964 in
980 5908 1270 5977 Chronico,
1299 5925 1419 5980 cap.
1453 5907 1544 5976 60,
1575 5905 1667 5961 ubi
1699 5903 1802 5958 alia
1846 5905 2089 5959 testimo-

2687 4706 3013 4762 EPISTOLA
3054 4705 3265 4760 XXXII.

2435 4814 2736 4854 wsrtsnso
2763 4812 3084 4851 nter-muniti
3114 4813 3304 4852 VITIGIS
3324 4814 3428 4850 εει
3459 4798 3506 4852 ι’.

2195 4891 2418 4960 Ιίίῑροηὶι
2451 4891 2771 4942 calamitates
2798 4905 2923 4956 quas
2964 4887 3123 4941 Italia
3149 4899 3366 5010 lﬂ'oplt’r
3387 4888 3518 4940 bella
3544 4889 3752 4941 sustine-

2275 4964 2381 5010 bat.
2416 4960 2544 5010 Tum
2575 4977 2664 5010 ner
2690 4961 2883 5010 [enatos
2908 4975 3083 5010 nucem
3113 4976 3142 5010 α
3203 4961 3510 5010 imperatore
3536 4961 3674 5010 petit.

2275 4964 2381 5015 bat.
2416 4960 2544 5013 Tum
2574 4977 2664 5027 per
2690 4961 2883 5028 legatos
2907 4975 3083 5027 pacem
3113 4960 3176 5010 ab
3203 4961 3510 5027 imperatore
3533 4961 3674 5027 petit.

2258 5053 2468 5118 Quanta
2510 5053 2574 5105 sit
2617 5051 2789 5112 nobis.
2813 5050 3228 5104 clementissime
3251 5051 3561 5119 imperator,
3587 5051 3752 5117 gratia:

2187 5155 2376 5198 vestrae
2415 5145 2593 5196 votiva
2639 5144 2892 5205 suavitas,
2926 5143 3049 5195 hinc
3092 5141 3312 5194 omnino
3337 5140 3496 5194 datur
3526 5139 3749 5204 intelligi,

2189 5243 2246 5287 ut
2281 5241 2404 5303 post
2447 5243 2529 5288 tot
2572 5233 2914 5299 gravissimas
2960 5233 3220 5296 ltesiones,
3251 5238 3482 5285 ettanta
3511 5231 3753 5285 effusione

2187 5325 2458 5393 sanguinis
2485 5332 2838 5394 perpetratas,
2877 5324 2957 5378 sic
2995 5323 3272 5376 videamur
3311 5338 3499 5392 pacem
3536 5332 3752 5378 vestram

2189 5433 2448 5489 quaerere,
2481 5425 2732 5484 tauquam
2760 5431 2859 5469 nos
2889 5430 3047 5469 nemo
3075 5422 3376 5470 vestrorum
3403 5423 3624 5485 putetur
3645 5421 3755 5468 ante

2192 5621 2273 5674 nia
2307 5620 2506 5673 notavi.
2541 5619 2612 5672 Ea
2645 5628 2822 5673 autem
2857 5619 3050 5675 levatio
3078 5619 3366 5688 suppositis
3393 5622 3563 5676 scutis
3591 5622 3754 5674 flebat.

2191 5701 2247 5744 ut
2276 5690 2399 5761 hinc
2428 5693 2678 5755 colligere
2709 5693 2892 5760 liquet.
2930 5693 3062 5746 Vide
3092 5691 3400 5761 Lorippum.
3434 5690 3629 5746 Jnasr.
3745 5735 3748 5744 .

2264 5761 2287 5796 δ
2328 5760 2494 5827 llujus
2521 5761 2760 5828 epistolae
2790 5771 3159 5829 argumentum
3193 5760 3426 5817 uaScitur
3454 5779 3520 5816 ex
3549 5761 3755 5816 victoria

2189 5829 2470 5883 Jusliuiani
2510 5833 2764 5884 adversus
2803 5829 3026 5894 Gothos,
3073 5834 3308 5886 historiis
3338 5840 3532 5888 testata
3561 5833 3704 5899 satis,
3729 5845 3752 5890 η

2191 5916 2298 5970 quo
2327 5900 2510 5970 Vitigis
2535 5916 2719 5972 pacem
2749 5917 2847 5972 per
2876 5902 3083 5969 legatos
3106 5907 3258 5970 petit.
3294 5901 3457 5957 Fons.
