4006 6488
265 346 386 404 8³21
1618 343 1847 398 VARIAI

2017 339 2219 395 uasa
2255 337 2346 394 XI.
2569 311 2574 316 ’
3297 377 3300 380 ρ
3487 341 3596 398 822

264 458 535 515 lmslsse.
577 455 899 514 Pertulimus
942 457 1069 513 talia
1110 457 1289 528 qualia
1333 464 1390 511 et
1424 457 1581 525 .ipsos
1628 452 1900 508 ollendere
1931 458 1976 512 Α
2004 450 2158 504 vobis
2186 450 2348 506 debet
2368 451 2563 520 corrigi
2602 452 2748 521 quod
2786 467 2892 507 non
2931 449 3197 507 decuisset
3226 453 3455 510 admitti.
3485 451 3591 510 Sed

267 561 540 622 possunt
566 552 657 620 qui
687 551 930 606 fecerunt
968 552 1329 606 insecutioncs
1366 550 1482 604 sine
1510 558 1683 610 reatu,
1713 545 1894 600 odium
2000 543 2224 612 potestis
2254 542 2432 597 omnia
2463 551 2760 614 gratanter,
2791 544 2970 599 omnia
3011 544 3345 615 placabiliter
3373 545 3591 601 ordina-

265 642 410 696 sine
442 642 633 712 culpa,
661 641 857 695 damna
891 641 1006 696 sine
1044 640 1257 695 debitis.
1288 639 1350 692 Et
1377 655 1456 692 .ne
1493 653 1588 707 pro
1635 637 1900 706 parvitate
2001 648 2077 699 re,
2109 635 2232 703 quia
2264 633 2470 688 dulcior
2498 633 2638 688 solet
2675 650 2794 688 esse
2841 637 3012 704 gratia
3052 645 3174 706 post
3210 637 3586 691 amaritudine:

262 730 368 786 sui
403 732 621 801 negligi
658 732 943 802 potuisset,
977 748 1084 785 non
1129 732 1179 784 in
1227 730 1515 800 provinciis
1545 737 1771 786 tantum.
1804 725 1898 780 sed
1999 725 2261 793 expiatas.
2300 723 2564 793 llel‘ugere
2601 740 2699 779 vos
2729 725 2870 779 enim
2912 727 3174 796 potuisset
3204 728 3457 795 ignotus:
3491 742 3593 796 ego

267 821 333 876 in
370 822 514 891 ipso
543 837 722 877 rerum
766 823 942 891 capite
983 823 1241 891 probatur
1287 818 1564 873 inllietum.
1613 817 1900 871 Aistimate
2002 824 2201 879 autem,
2233 815 2322 884 qui
2365 823 2613 869 ornatum
2661 814 2970 884 reipublicm
3003 824 3193 870 vestra:
3235 817 3362 883 vidi,
3391 817 3479 886 qui
3515 819 3595 870 tot

263 925 434 981 quos
463 910 688 967 dolores
709 913 1008 981 abjicimus,
1040 923 1099 967 ut
1120 922 1351 967 vestram
1369 910 1632 980 justitiam
1664 910 1900 978 reperire
2004 906 2260 959 nobilium
2289 903 2451 960 corda
2479 921 2763 975 procerum
2791 906 3042 974 cegnovi,
3081 922 3190 961 non
3230 924 3316 962 me
3345 908 3594 964 desidero

269 1003 600 1073 possimus.
637 1003 784 1059 Talis
825 1021 910 1059 res
943 1005 1133 1060 effecta
1175 1013 1277 1069 est,
1309 1019 1471 1072 quam
1500 1003 1727 1056 Mundus
1759 1015 1780 1036 α
1813 1001 1897 1054 Io-
2002 1013 2030 1050 a
2059 997 2280 1068 piissimi
2312 997 2568 1067 principis
2589 997 2762 1066 gratia
2791 997 3047 1062 dividere,
3072 998 3116 1052 si
3139 999 3191 1052 in
3221 1014 3304 1053 me
3326 999 3453 1053 velit
3475 993 3594 1069 quae

265 1103 502 1162 quatur
537 1113 551 1150 :
579 1110 698 1164 qua:
724 1095 800 1151 sic
830 1111 859 1149 a
889 1096 1042 1151 vobis
1070 1106 1308 1150 meretur
1337 1093 1611 1164 componi,
1644 1101 1703 1146 ut
1734 1091 1902 1161 :equi-
2001 1098 2125 1144 sunt
2166 1089 2309 1158 justa
2354 1089 2610 1158 cogitare.
2661 1088 2793 1143 Nam
2840 1090 2883 1144 si
2923 1090 3059 1144 alter
3086 1089 3344 1146 ollensam
3376 1092 3590 1152 meruit,

265 1199 469 1246 tatem
505 1200 737 1246 vestram
781 1192 1105 1260 generalitas
1142 1191 1338 1246 debeat
1378 1189 1649 1244 admirari.
1694 1187 1823 1241 Nam
1855 1188 1900 1240 si
2002 1197 2102 1250 ego
2132 1182 2302 1236 debeo
2330 1182 2666 1249 gratissimus
2692 1181 2901 1245 haberi,
2932 1182 3024 1250 qui
3054 1181 3243 1237 odioso
3274 1199 3394 1237 cum
3429 1181 3596 1236 vindi-

261 1281 541 1337 vindicta
569 1283 708 1351 regis
748 1282 1102 1338 Theodohadi
1141 1283 1419 1352 quaeritur,
1466 1297 1679 1336 mereor
1722 1279 1898 1346 diligi;
2003 1284 2089 1327 cta
2120 1273 2374 1327 successi.
2409 1271 2630 1326 Vestros
2661 1273 2869 1326 animos
2916 1288 3034 1326 sum
3083 1283 3330 1339 secutus;
3379 1273 3594 1343 prmmiu

263 1376 317 1428 si
349 1376 778 1432 commendatio
803 1377 940 1430 diva:
971 1378 1242 1430 memoriae
1271 1374 1672 1430 Amalasuntha:
1701 1372 1902 1441 reginae
2005 1365 2137 1418 mihi
2184 1363 2396 1417 fueram
2436 1363 2730 1430 reddenda,
2770 1379 2876 1417 non
2923 1364 3090 1419 Ιωεῖοο
3122 1363 3191 1418 El
3219 1365 3339 1419 ideo
3369 1381 3474 1418 ιιου
3501 1380 3593 1418 Ite-

261 1481 396 1536 pm
447 1469 627 1524 oculis
672 1468 922 1536 habetur,
953 1469 1071 1539 ejus
1108 1468 1271 1524 (leber
1313 1467 1422 1522 mia
1459 1467 1706 1534 cogitari,
1738 1481 1901 1535 quam
2004 1464 2159 1523 getur
2177 1455 2368 1522 gratia,
2395 1455 2480 1509 cui
2512 1454 2654 1508 nulla
2682 1455 2897 1523 penitus
2918 1466 3045 1509 sunt
3065 1456 3404 1527 imputanda;
3437 1465 3594 1528 atque

263 1558 444 1612 nisus
469 1542 631 1631 ’[Νευ.
663 1569 712 1612 et
742 1557 865 1625 6a.,
893 1558 1078 1631 jussis]
1108 1571 1412 1616 vestrorum
1443 1560 1681 1614 omnium
1710 1556 1845 1626 perti

2014 1545 2126 1599 ideo
2155 1543 2422 1614 sepultum
2454 1545 2523 1598 sit
2558 1544 2737 1598 odium
2768 1559 2888 1598 cum
2921 1554 3093 1599 morte
3125 1547 3418 1614 peccantis.
3463 1546 3596 1600 Nam

263 1664 415 1706 cere
451 1650 730 1708 decuisset
763 1652 830 1706 ad
872 1667 1116 1721 regnum,
1151 1659 1206 1706 ut
1243 1659 1450 1706 cunctae
1477 1659 1666 1720 gentes
1698 1651 1905 1721 pomis.
2006 1636 2109 1690 etsi
2139 1636 2206 1689 de
2232 1635 2385 1689 vobis
2413 1633 2611 1703 aliquid
2633 1634 2809 1690 minus
2831 1632 2970 1689 forte
2996 1650 3323 1704 mereamur,
3352 1635 3595 1691 Romana

265 1747 412 1793 sem,
438 1754 740 1809 agnoscere
768 1741 1190 1796 vicissitudinem
1219 1757 1318 1796 vos
1354 1741 1537 1809 gruum
1572 1749 1721 1796 ωηιο
1757 1740 1902 1812 [Ah
2009 1725 2231 1780 libertas
2255 1726 2544 1795 cogitetur,
2571 1740 2691 1796 qua:
2716 1741 2813 1795 per
2838 1725 3102 1780 bellorum
3125 1725 3382 1780 tinnultus
3403 1727 3597 1797 ubique

263 1829 488 1902 tantm]
531 1832 743 1901 pignori
792 1832 1104 1888 reddidisse.
1151 1833 1289 1886 Illud
1337 1836 1535 1887 etenim
1580 1849 1676 1888 vos
1716 1833 1845 1887 debu

2013 1818 2331 1874 concutitur.
2363 1817 2539 1873 Pauca
2579 1818 2779 1873 dixisse
2823 1817 3100 1889 sapientia:
3129 1826 3321 1872 vestra:
3349 1819 3595 1884 suﬂiciat,

270 1935 646 1990 permovere,
695 1922 840 1992 quod
880 1922 1258 1977 distributione
1303 1922 1533 1976 mirabili
1575 1931 1700 1976 ante
1748 1922 1900 1991 regni
2005 1910 2128 1979 quia
2161 1910 2212 1963 in
2244 1909 2354 1964 alto
2382 1917 2602 1978 pectore
2633 1910 2969 1980 protenditur
3009 1910 3152 1981 quod
3202 1910 3596 1990 consideratam

267 2008 514 2079 fastigia
559 2011 790 2066 invicem
834 2027 932 2067 nos
966 2011 1228 2066 Divinitas
1268 2021 1501 2066 vestram
1543 2011 1673 2068 fecit
1701 2013 1902 2067 habere
2003 2015 2216 2072 semper
2245 2010 2498 2069 augetur.

276 2101 592 2167 notitiam;
623 2110 684 2155 ut
724 2102 926 2156 amoris
963 2117 1178 2156 causam
1209 2101 1490 2164 tribueret,
1526 2103 1719 2170 quibus
1744 2117 1898 2172 aspe-
2494 2093 2763 2172 ,ἑν-,Μ
2799 2161 2814 2172 ,
2867 2159 2910 2172 ν

267 2199 414 2246 ctus
469 2157 698 2260 gratiam
743 2192 874 2264 [ed.,
925 2190 1118 2261 gratia]
1167 2157 1502 2246 contulisset.
1545 2157 1707 2258 .Quali
1757 2157 1900 2246 enim
2494 2157 2829 2215 EPISTOLA
2867 2158 3105 2216 xxx”-

2399 2266 2664 2306 EPISCOPIS
2684 2265 2808 2306 'SUIS
2832 2267 3023 2308 VlTlGIS
3055 2269 3180 2307 REX.

273 2281 609 2336 reverentia
651 2281 946 2352 principem
992 2282 1174 2337 colere
1220 2281 1400 2350 potui,
1445 2297 1605 2352 quem
1643 2282 1818 2337 adhuc
1845 2283 1899 2336 in
2013 2341 2051 2356 η
2223 2348 2233 2356 ι
2311 2349 2323 2356 Α
2368 2281 2664 2356 ,τληῗθυνω
2697 2281 3023 2356 ’“"_'_”“’"
3055 2281 3180 2356 '_““"
3279 2300 3320 2356 κ,
3356 2346 3390 2356 ._
3502 2344 3534 2356 __

273 2375 382 2428 illa
435 2375 674 2444 positum
724 2375 937 2430 fortuna
982 2373 1232 2443 suspexi?
1279 2373 1386 2427 Sed
1425 2375 1650 2444 potestis
1674 2381 1729 2427 et
1758 2389 1855 2427 nur

2010 2341 2143 2396 ’ἐτίε
2175 2348 2234 2394 πί
2253 2341 2590 2444 ..εεέεεζτῖτεξι
2609 2360 2732 2444 113:9:
2760 2343 3412 2444 ﬁf.i’.".”$f£’.f°£f:’f.lifi“"
3444 2344 3592 2415 "d5"-

2253 2421 2387 2478 vent,
2417 2423 2468 2466 et
2495 2431 2590 2485 pro
2616 2413 2729 2485 ipso
2760 2430 2936 2485 preces
2969 2413 3075 2468 Deo
3105 2416 3346 2484 tandem.

277 2464 485 2517 omnia
523 2465 853 2532 reintegrare
896 2479 1014 2531 qua:
1064 2462 1201 2517 facta
1241 2471 1381 2525 sunt,
1413 2463 1630 2531 quando
1668 2479 1778 2517 non
1817 2471 1900 2517 est

276 2550 518 2606 difﬁcile
563 2524 724 2605 illuni
750 2544 802 2605 in
830 2524 1020 2606 allectu
1051 2553 1286 2605 retinere
1314 2553 1404 2620 qui
1431 2524 1658 2620 gratiam
1687 2561 1858 2606 const:

2073 2524 2129 2578 Si
2168 2525 2540 2580 sacerdotibus
2569 2527 2732 2581 etiam
2773 2528 2968 2594 ignotis
3015 2528 3275 2582 honorem
3313 2527 3591 2590 debemus.

278 2640 678 2695 desideranter
698 2650 974 2710 expetere.
1007 2639 1073 2694 Et
1098 2640 1218 2694 ideo
1245 2617 1540 2695 salutantes
1557 2641 1859 2696 clementia:

2011 2627 2205 2686 quanto
2229 2617 2399 2686 magis
2427 2618 2530 2671 illis
2550 2634 2686 2687 quos
2707 2617 2922 2672 amabili
2945 2619 3293 2672 veneratione
3312 2621 3593 2689 conspexi-

282 2743 540 2788 vestram
592 2731 1004 2788 honoriﬁcentia
1053 2733 1409 2802 competenti,
1456 2734 1752 2788 indicamus
1804 2751 1900 2788 nos
2001 2713 2159 2810 3"“5?
2190 2711 2360 2810 Nile"
2379 2711 2521 2810 ef‘i'“
2553 2711 2880 2810 reﬂl‘irimus
2909 2719 3117 2810 “0‘3"”,
3145 2721 3201 2764 ει
3229 2711 3385 2765 “me”
3411 2714 3592 2810 ὕψει

282 2825 512 2892 legatos
551 2833 765 2879 nostros
813 2824 960 2876 illum
1001 2833 1160 2890 atque
1199 2824 1344 2877 illum
1375 2823 1442 2876 ad
1471 2825 1777 2879 serenitatis
1806 2842 1864 2879 ve

2011 2803 2178 2855 lamus
2209 2801 2562 2868 incognitum.
2611 2800 2862 2854 Visnrum
2910 2799 3084 2868 rnajor
3127 2814 3341 2868 semper
3378 2799 3593 2857 allectus!

284 2891 430 2970 strze
479 2916 799 2987 sapientiam
848 2914 1170 2980 destinasse,
1212 2922 1269 2969 ut
1317 2917 1497 2969 omnia
1538 2932 1689 2972 more
1715 2927 1896 2971 vestro
2000 2899 2103 2956 θεῖ’
2147 2892 2272 2946 dum
2326 2893 2631 2987 ἓνξῖίίδδξωθ
2679 2892 2944 2987 [αἰνέων
2988 2891 3081 2987 qui
3119 2891 3339 2946 353mm
3365 2899 3421 2987 et,
3446 2894 3594 2946 5"“;

282 3007 578 3074 cogitetis;
629 3014 894 3074 quatenus
944 3015 1187 3074 utrmque
1241 3006 1555 3072 reSpuincze
1600 3016 1860 3062 restaurat

2010 2997 2252 3038 sermone
2279 2981 2646 3050 conjungitur.
2679 2981 2747 3036 Et
2789 2983 2910 3038 ideo
2938 2998 3034 3052 per
3064 2983 3253 3037 harum
3283 2983 3592 3053 portitores,

285 3095 595 3149 concnrdia
651 3103 1026 3164 perseverem;
1077 3104 1132 3148 ει
1179 3095 1322 3162 quod
1375 3096 1704 3166 temporibus
1753 3104 1899 3152 rem,
1999 3074 2207 3141 legatos
2247 3082 2487 3136 nostros,
2533 3089 2669 3142 quos
2721 3074 2789 3128 ad
2842 3075 3246 3129 serenissimum
3295 3075 3592 3144 principem

287 3185 608 3256 principum
660 3185 910 3239 laudab'li
949 3184 1203 3253 opinione
1241 3185 1516 3238 fundatum
1546 3193 1645 3250 est,
1677 3185 1776 3240 sub
1807 3201 1869 3238 ve

2011 3167 2405 3234 destinavimus,
2436 3167 2709 3220 sanctitati
2747 3176 2940 3223 vestrm
2978 3177 3365 3236 pmsentamus
3401 3167 3593 3222 debita:

288 3284 419 3327 stro
449 3275 614 3340 magis
645 3273 870 3343 imperio
899 3271 1092 3327 divinis
1120 3274 1332 3326 auxiliis
1359 3281 1635 3340 augeatur.
1668 3273 1870 3344 Reliqu:

2011 3259 2364 3314 venerationis
2413 3259 2731 3329 obsequium
2787 3277 2801 3312 :
2848 3269 3129 3330 sperantes
3177 3267 3237 3314 ut
3292 3275 3390 3330 pro
3439 3261 3593 3313 nobis

284 3375 436 3415 vero
474 3376 570 3431 per
617 3361 822 3430 legatos
869 3363 1152 3445 prvellit-tos
1197 3362 1472 3416 serenitati
1511 3372 1702 3418 vestra:
1729 3367 1866 3420 verbi

2009 3363 2153 3404 arare
2181 3349 2493 3418 dignemini,
2526 3359 2600 3414 et,
2631 3351 2718 3405 ubi
2751 3367 2876 3406 usus
2904 3352 3163 3418 exegerit,
3196 3352 3388 3407 solatia
3415 3359 3591 3404 vestra

291 3453 622 3507 insinuanda
654 3441 1038 3517 commisimus,
1070 3463 1128 3507 nt
1157 3463 1212 3509 et
1240 3456 1416 3525 aliqua
1446 3457 1747 3526 epistolaris
1775 3459 1896 3513 bre-
1992 3441 2288 3510 reperiam,
2311 3441 2437 3511 (ιυίθ
2467 3447 2689 3496 necesse
2718 3450 2801 3496 εει
2830 3449 2890 3495 ιη
2913 3443 3054 3496 δίεπε
3073 3442 3254 3498 vellus
3272 3457 3409 3512 ‘II'OS
3437 3443 3591 3497 VObi'S

289 3544 442 3597 vitas
497 3545 900 3614 perstringeret,
951 3553 1007 3598 et
1051 3560 1244 3599 causas
1295 3555 1506 3600 nostras
1551 3558 1866 3614 suggerente

1438 3563 1506 3600 us
1551 3558 1896 3614 suggerentes
1996 3534 2256 3604 religione
2280 3535 2499 3604 junctus
2531 3549 2651 3590 esse
2678 3535 3020 3603 cognoscitis.

291 3637 512 3706 plenius
539 3636 867 3690 intimarent.
1610 3681 1614 3685 .
2409 3687 2561 3757 171
2595 3683 2924 3740 EPISTOLA
2964 3683 3176 3740 xxxv.

797 3766 1126 3823 EPISTULA
1167 3767 1400 3822 XXXIII.
1993 3792 2285 3831 mane-ro
2315 3777 2379 3850 [et

2005 3792 2285 3831 rumne-ro
2315 3777 2442 3850 μά..
2497 3793 2742 3833 ΡΑτιιιοιο
2785 3793 2910 3832 vino
2955 3776 3254 3848 ouesroml
3292 3793 3587 3836 “nassam-

611 3870 868 3917 IAGISTRO
896 3878 1216 3917 OFFICIOBUM
1245 3877 1439 3918 γιτιοιε
1469 3879 1595 3916 REX.
2503 3864 2707 3903 ΝΙΟΕΝΞῙ
2736 3865 2927 3904 "lTlCIS
2956 3865 3082 3901 “EX-

292 3951 478 4024 Ποθαι
503 3959 556 4005 αι
587 3954 946 4020 imperatorem
981 3953 1191 4005 ίηάαεηι
1231 3953 1300 4005 ad
1336 3969 1514 4023 ραεεηι
1555 3952 1728 4008 "alia;
1765 3971 1888 4009 εοη-
1997 3936 2135 3990 Petit
2181 3945 2236 3989 ut
2273 3939 2427 4001 teqati
2462 3947 2527 3992 ad
2558 3940 2920 4024 imper-(itarem
2964 3939 3110 3992 missi
3149 3938 3346 3992 nullam
3388 3957 3586 3993 moram

215 4027 218 4030 ’
379 4019 402 4024 ⁷
659 4019 666 4020 ί
949 4023 1251 4077 cedendum.
1336 4019 1346 4023 ⁷
2643 4019 2935 4080 Patiamur-

359 4113 523 4168 Illum
571 4122 626 4168 et.
674 4115 821 4168 illum
870 4116 1077 4184 legatos
1117 4123 1333 4170 nostros
1378 4117 1445 4170 ad
1494 4119 1888 4173 serenissitnum
2066 4119 2217 4174 Illum
2257 4125 2312 4172 et
2358 4117 2504 4172 illum
2546 4119 2750 4186 legatos
2804 4131 3020 4173 nostros
3069 4118 3139 4172 ad
3186 4117 3586 4172 serenissimum

287 4204 598 4273 principem
627 4203 938 4273 dirigentes,
968 4220 1262 4273 congruum
1297 4206 1393 4260 fuit
1422 4207 1771 4275 magnitudini
1801 4224 1892 4263 ve-
1995 4211 2312 4280 principem,
2353 4209 2465 4263 Deo
2517 4210 2750 4272 favente,
2808 4208 3124 4272 direximus,
3176 4223 3273 4278 per
3317 4223 3452 4277 quos
3501 4225 3587 4261 ne-

286 4304 424 4350 stra:
453 4309 548 4364 per
575 4311 670 4349 eos
699 4295 1006 4352 salutiferos
1035 4299 1213 4367 apices
1239 4298 1526 4363 destinare,
1557 4311 1615 4354 ut
1653 4301 1702 4353 in
1745 4303 1890 4356 οηιηὶ
1995 4315 2144 4355 cesse
2189 4297 2288 4352 fuit
2327 4297 2682 4366 magnitudini
2712 4301 2926 4352 vestra:
2971 4296 3198 4352 reddere
3248 4297 3587 4352 salutationis

288 4394 452 4456 parte
501 4395 676 4440 vestra
717 4387 978 4442 benelicia
1024 4398 1378 4454 mererentur,
1407 4405 1527 4444 cum
1567 4402 1765 4445 nostra:
1795 4392 1890 4445 de-
1995 4387 2265 4452 allectum,
2297 4385 2514 4457 quando
2545 4386 2738 4440 honori
2769 4394 2950 4442 vestro
2977 4396 3032 4442 et
3054 4387 3335 4456 sapientia:
3360 4386 3585 4440 debetur

288 4484 578 4546 portarent
605 4478 979 4533 collocutionis
1009 4477 1280 4532 allectum.
1305 4477 1370 4532 Et
1397 4479 1518 4533 ideo
1543 4481 1890 4550 epistolarem
1997 4492 2054 4536 ut
2086 4480 2360 4535 vobiscum
2389 4474 2766 4534 collocationis
2793 4480 2965 4548 gratia
2998 4479 3356 4550 perfruamur.
3388 4477 3584 4548 Spera-

288 4571 523 4637 gratiam
551 4571 746 4624 vestris
775 4571 982 4624 meritis
1009 4571 1344 4634 exhibentes,
1372 4586 1648 4640 speramus
1670 4580 1728 4626 ut
1749 4575 1888 4642 apud
1923 4595 1968 4654 υ
1997 4590 2115 4628 mus
2141 4581 2319 4626 autem
2353 4571 2421 4625 ab
2450 4571 2770 4626 excellentia
2800 4580 2979 4628 vestra
3008 4579 3067 4627 ut
3101 4587 3308 4626 moram
3347 4587 3453 4626 non
3491 4572 3583 4626 de-

291 4662 699 4716 clementissimi
725 4663 1062 4732 imperatoris
1083 4664 1291 4717 animos
1311 4664 1388 4716 eis
1412 4673 1589 4719 vestra
1616 4665 1893 4734 prudentia
2001 4667 2166 4720 beant
2203 4664 2488 4728 sustinere,
2531 4678 2669 4732 quos
2709 4679 2809 4742 nos
2837 4666 2936 4720 sub
2970 4664 3246 4719 celeritate
3276 4665 3585 4735 prospicitis

291 4749 614 4820 suffragetur
642 4771 654 4806 :
689 4754 812 4821 quia
839 4754 917 4807 sic
943 4761 1066 4807 sunt
1087 4753 1227 4822 justa
1257 4770 1374 4822 qua:
1403 4755 1656 4824 petimus,
1683 4765 1740 4810 ut
1768 4773 1886 4811 om-
1995 4756 2326 4819 destinasse;
2349 4763 2616 4824 quatenus
2642 4757 2832 4809 vestris
2859 4755 3131 4811 heneliciis
3159 4756 3516 4827 applicemus,
3539 4760 3584 4810 si

295 4843 445 4897 nium
475 4843 796 4912 sapientium
835 4853 1145 4899 mereantur
1181 4845 1441 4899 adnisum.
1475 4843 1656 4900 Facile
1684 4847 1825 4902 enim
1853 4866 1882 4902 a
1993 4860 2089 4898 eos
2118 4853 2324 4897 remota
2349 4841 2602 4897 tarditate
2626 4845 2911 4913 pervenire
2936 4847 3329 4916 cognoscimus.

365 5026 392 5054 ⁸
433 5016 531 5072 llic
559 5026 675 5072 erat
704 5016 811 5072 (lux
851 5017 1121 5072 exercitus
1170 5015 1473 5085 Justiniani,
1507 5029 1562 5073 et
1600 5021 1727 5074 vicit
1769 5021 1887 5074 Dal—
1991 5017 2170 5087 gicnte
2198 5030 2503 5087 percussus.
2534 5015 2847 5087 Procopius,
2875 5017 2964 5072 lib.
3001 5036 3016 5073 ι
3048 5018 3113 5072 de
3143 5018 3290 5072 Bello
3317 5017 3576 5078 Gothico;

295 5097 488 5150 malas,
523 5097 578 5142 et
602 5088 853 5142 Salonem
888 5091 1070 5141 urbem
1101 5091 1262 5157 cepit.
1290 5089 1344 5142 In
1377 5105 1480 5157 qua
1514 5100 1690 5143 tamen
1711 5093 1884 5145 vieto-
1987 5085 2273 5157 Matthaaus
2311 5085 2625 5157 Palmerius.
2660 5085 2725 5140 in
2751 5089 3048 5152 Chronico;
3088 5087 3400 5142 Leonardus
3445 5088 3578 5141 Are-

294 5158 371 5212 ria
412 5158 526 5226 ipse
562 5175 683 5213 cum
724 5157 982 5213 Mauricio
1014 5158 1122 5212 litin
1149 5160 1362 5215 occisus
1391 5170 1493 5223 est,
1525 5178 1554 5215 a
1589 5161 1770 5216 Gotbo
1799 5163 1879 5216 fu-
1992 5159 2112 5223 tin.,
2145 5156 2212 5211 de
2241 5157 2390 5212 Bello
2414 5156 2602 5212 Italico
2623 5160 2880 5214 adversus
2899 5157 3128 5226 Gothos,
3152 5159 3242 5212 lib.
3275 5175 3312 5213 ι.
3337 5158 3503 5213 Fons.

1358 5415 1694 5496 LIBER
1773 5411 2514 5495 UNDECIMUS.

1805 5573 2066 5612 Ὗ...-

810 5660 964 5728 172
997 5657 1383 5712 PRIEFATIO.
1992 5663 2152 5731 ptori,
2182 5661 2324 5731 quod
2347 5662 2520 5731 potuit
2553 5660 2811 5730 impedire
2833 5661 3180 5728 cogitantem.
3200 5661 3328 5728 Quae
3361 5678 3449 5718 res
3470 5672 3570 5718 etSt

369 5746 700 5802 Prml‘atinnis
757 5747 1010 5801 auxilium
1068 5764 1132 5802 cx
1200 5749 1589 5804 contrarietate
1649 5754 1884 5806 nascitur
1986 5753 2172 5808 lau;les
2223 5753 2433 5813 adimit,
2487 5753 2783 5806 clementer
2843 5760 3025 5806 tamen
3073 5753 3284 5809 veniam
3343 5763 3570 5812 tractata

296 5838 613 5906 plerumque
653 5837 945 5904 actionum,
999 5838 1213 5905 quando
1245 5837 1375 5894 illud
1415 5840 1708 5906 epitulatur
1748 5845 1881 5900 scri-
1983 5845 2232 5901 concedit
2264 5862 2276 5897 :
2324 5846 2448 5914 quia
2481 5843 2623 5913 quod
2666 5851 2880 5900 constat
2913 5846 3116 5904 otiosos
3159 5845 3375 5912 debere,
3404 5862 3566 5904 nemo
