4006 6498
445 370 555 429 823

1663 365 1708 417 Μ
1779 365 1819 418 Α
1832 360 2068 418 URELll
2108 356 2505 415 CASSIODORI

3640 362 3741 417 κει

440 500 619 562 potest
647 496 942 558 occupatos
988 485 1221 555 exigere.
1257 482 1597 553 Quapropter
1626 482 2037 544 administrator
2070 484 2112 535 Λ
2148 476 2263 531 fzcia
2313 474 2624 550 postulare?
2679 470 2971 541 .‘Egrescit.
3003 472 3249 540 profecto
3294 471 3597 542 ingenium,
3639 474 3739 530 nisi

438 582 800 653 amplissimus
843 579 889 634 si
936 592 1157 632 vacasse
1202 575 1473 639 credatur,
1513 573 1862 643 opprobrium
1905 578 2025 635 est;

438 672 592 742 cujus
614 673 773 727 etiam
797 676 1064 724 secretqu
1095 667 1307 731 dicitur,
1333 665 1475 734 quod
1494 662 1837 718 tumultuosis
1860 661 2029 715 actio-

442 762 598 819 nibus
626 762 959 817 verberatur.
992 757 1099 813 Sed
1129 759 1216 812 vix
1246 757 1401 812 nobis
1424 754 1623 826 aliquid
1659 752 1933 825 praestabit
1963 749 2029 804 ad

440 854 692 911 effectum
726 853 889 907 ducta
924 852 1194 920 probatio,
1238 849 1453 919 quando
1494 858 1549 903 et
1577 846 1826 917 occupati
1867 844 2032 899 fuisse

434 947 726 1011 credimur,
757 956 813 1001 et
841 943 982 998 male
1013 944 1252 998 scribere
1298 941 1519 995 minime
1548 939 1799 993 debuisse
1824 936 2033 1006 judica-

434 1056 575 1096 mur.
610 1038 743 1093 Nam
775 1036 943 1091 multo
973 1036 1141 1091 satius
1167 1042 1250 1088 est
1272 1034 1466 1087 vitiosa
1496 1030 1733 1086 tenebris
1761 1027 2029 1091 occulere,

440 1148 603 1203 quam
642 1130 905 1200 culpanda
957 1136 1279 1199 praesumpta
1328 1124 1734 1195 importunitate
1789 1121 2029 1189 vulgare.

438 1223 639 1279 Verum
678 1222 782 1276 hoc
811 1220 941 1274 mihi
979 1219 1215 1287 objicere
1244 1216 1443 1287 poterit
1471 1214 1700 1278 otiosus,
1741 1213 1782 1268 si
1808 1212 2033 1264 verbum

440 1311 741 1381 improvida
782 1309 1064 1365 celeritate
1106 1306 1333 1377 projeci,
1386 1305 1431 1359 si
1478 1320 1696 1360 sensum
1742 1302 1809 1357 de
1856 1300 2034 1354 medio

442 1411 716 1472 sumptum
763 1416 871 1455 non
919 1399 1222 1454 ornaverim
1268 1404 1556 1452 venustate
1604 1408 1936 1457 sermonum,
1989 1390 2035 1446 si

441 1502 714 1565 praecepto
745 1502 984 1547 veterum
1027 1508 1133 1546 non
1163 1490 1487 1545 reddiderim
1529 1488 1746 1558 propria
1776 1500 2034 1556 persona-

436 1602 561 1641 tum
587 1604 600 1641 :
626 1594 920 1654 occupatus
959 1595 1161 1647 autem,
1191 1585 1299 1652 qui
1323 1583 1532 1652 rapitur
1559 1580 1874 1636 diversitate
1910 1594 2036 1633 cau-

444 1692 650 1740 sarum,
688 1677 774 1733 cui
810 1676 1011 1746 jugiter
1046 1675 1308 1729 incumbit
1346 1686 1663 1742 responsum
1707 1669 1951 1729 reddere,
1983 1676 2037 1723 et

366 1782 369 1783 '
442 1768 598 1824 alteri
639 1766 970 1838 expedienda
994 1764 1225 1828 dictare,
1253 1780 1359 1818 non
1403 1778 1491 1817 me
1528 1761 1785 1815 addicere
1815 1758 2032 1829 poterit,

2140 567 2255 636 jugi
2304 567 2535 621 lectione
2572 572 2874 634 reparetur.
2924 562 3047 617 Cito
3095 563 3477 633 expenduntur
3518 565 3738 634 horrea,

2145 673 2264 727 qua:
2292 658 2504 711 assidua
2547 671 2654 710 non
2684 654 2883 707 fuerint
2911 653 3217 721 adjcctione
3246 654 3450 709 fulcita.
3496 654 3738 711 Thesau-
3816 668 3824 677 '

2137 764 2231 803 rus
2274 748 2390 819 ipse
2436 762 2596 815 quam
2646 744 2803 798 facile
2844 742 3204 813 profunditur,
3256 745 3300 798 si
3344 746 3507 799 nullis
3543 746 3735 800 iterum

2146 841 2306 913 173
2334 839 2577 910 pecuniis
2599 835 2968 905 compleatur?
2989 834 3080 890 Sic
3100 835 3363 889 humanus
3382 851 3593 897 sensus.
3616 853 3735 892 cum

2142 935 2321 989 alieno
2366 948 2474 987 non
2516 930 2735 985 farcitur
2779 927 2994 1002 [Forn.,
3048 927 3301 1000 sarcitnr]
3354 929 3597 993 invento,
3629 930 3735 984 cito

2136 1033 2325 1096 potest
2354 1023 2620 1079 attenuari
2647 1022 2714 1077 de
2745 1021 2986 1092 proprio.
3027 1020 3083 1075 Si
3112 1021 3239 1090 quid
3266 1030 3446 1076 autem
3491 1022 3547 1075 in
3583 1022 3732 1077 nobis

2142 1118 2376 1185 redolet,
2414 1116 2715 1171 studiorum
2750 1114 2850 1169 ﬂos
2879 1123 2996 1179 est;
3026 1114 3168 1184 quod
3199 1113 3556 1168 nihilominus
3593 1131 3731 1169 mar-

2137 1210 2315 1265 cidum
2357 1208 2619 1272 redditur,
2675 1207 2720 1261 si
2763 1222 2793 1260 a
2841 1215 3014 1259 matre
3038 1205 3267 1260 lectione
3304 1214 3583 1275 carpatur.
3623 1205 3732 1261 illic

2138 1302 2277 1355 enim
2310 1310 2490 1371 potest
2527 1316 2645 1354 esse
2674 1299 3027 1363 lmtissimum,
3073 1299 3214 1353 unde
3251 1297 3480 1351 docetur
3528 1308 3587 1352 et
3632 1313 3728 1352 na-

2142 1400 2252 1446 tum
2293 1391 2554 1460 :quando
2594 1391 2773 1445 omnia
2814 1390 2867 1444 in
2920 1390 3127 1457 origine
3162 1404 3257 1443 sua
3304 1389 3617 1459 plenissime
3653 1391 3730 1445 vi-

2136 1491 2289 1546 vunt,
2332 1498 2452 1552 qua:
2482 1482 2707 1543 necdum
2749 1499 2777 1535 a
2832 1481 3161 1536 naturalibus
3189 1481 3395 1535 sinibus
3426 1482 3563 1554 [edn
3615 1482 3729 1536 lini-

2137 1571 2259 1645 bus]
2310 1573 2644 1629 auferuntur.
2680 1572 2909 1628 Proinde
2939 1574 3111 1628 venia:
3154 1587 3346 1642 magna
3382 1589 3509 1644 pars
3550 1583 3653 1635 est,
3684 1576 3727 1630 si

2137 1665 2418 1721 scribimus
2444 1682 2551 1719 non
2574 1674 2849 1728 vacantes,
2880 1666 2924 1720 si
2957 1665 3183 1734 legimur
3204 1682 3311 1720 non
3332 1668 3597 1736 legentes.
3622 1666 3726 1721 Sed

2132 1754 2243 1826 jam
2271 1770 2645 1809 removeamur
2669 1757 2737 1809 ab
2763 1757 3126 1811 excusationis
3154 1766 3306 1822 voto,
3342 1772 3409 1812 ne
3434 1757 3608 1826 magis
3645 1759 3727 1813 ol-

441 1862 534 1930 qui
560 1876 620 1915 se
650 1860 700 1915 in
732 1860 928 1915 talibus
969 1859 1328 1929 periclitatum
1371 1872 1491 1913 esse
1517 1855 1820 1924 cognoscit.
1852 1853 2033 1908 Facile
2069 1866 2112 1925 Β
2138 1846 2322 1903 fendat
2360 1847 2517 1902 nimis
2542 1845 2791 1901 aﬂ'ectata
2816 1846 3081 1902 defensio.

441 1948 586 2002 etiim
608 1948 883 2002 absolutor
910 1957 993 2002 est
1017 1948 1177 2002 alieni
1206 1947 1455 2002 conscius
1493 1946 1605 2007 sui;
1641 1960 1817 2015 neque
1846 1946 1898 1998 in
1930 1944 2036 1997 illis

442 2054 660 2109 semper
706 2040 965 2105 valemus,
1013 2055 1134 2110 quae
1189 2038 1457 2094 interdum
1505 2052 1667 2107 posse
1706 2036 2034 2105 iudicamur.

443 2129 706 2200 Argutqu
738 2129 1011 2189 inventum
1042 2130 1220 2183 laetum
1250 2128 1420 2183 fundit
1458 2128 1753 2197 ingenium,
1797 2125 2037 2195 tepentia

443 2223 587 2277 dicta
611 2237 763 2276 mens
791 2224 1028 2292 concipit
1067 2231 1349 2293 occupata.
1384 2221 1682 2291 Aliquando
1711 2229 1926 2275 acutum
1947 2218 2036 2287 ju-

443 2314 586 2382 giter
634 2313 790 2368 decet
827 2329 946 2368 esse
992 2314 1370 2383 compositum,
1422 2313 1547 2382 quia
1594 2311 1807 2366 dicendi
1846 2326 1934 2365 ars
1982 2310 2036 2364 in

447 2415 634 2460 nostra
657 2404 759 2458 sita
779 2412 1047 2473 potestate
1064 2404 1429 2472 cognoscitur,
1459 2402 1713 2459 alacritas
1738 2401 1933 2456 mentis
1954 2400 2038 2454 di-

446 2501 586 2556 vinis
617 2508 824 2555 tantum
855 2501 1168 2556 muneribus
1208 2501 1527 2570 applicatur.
1563 2499 1826 2552 Remanet
1856 2498 2038 2566 itaque

447 2594 517 2649 ad
554 2593 917 2649 excusandum
958 2592 1191 2648 brevitas
1237 2594 1507 2662 insperata
1551 2592 1831 2654 librorum,
1875 2604 2037 2659 quam

449 2700 612 2742 nemo
640 2693 833 2756 purgat
860 2684 1080 2749 diutius,
1117 2684 1217 2740 nisi
1245 2684 1334 2755 qui
1358 2684 1496 2738 bene
1524 2680 1767 2738 creditur
1793 2696 1914 2736 esse
1954 2680 2037 2735 di-

447 2786 653 2835 cturus.
700 2776 805 2832 Sed
838 2794 905 2833 ne
947 2777 1070 2846 quis
1106 2775 1329 2831 forsitan
1369 2776 1541 2845 possit
1569 2772 1766 2830 otTendi
1795 2771 1941 2841 quod
1985 2772 2037 2826 in

448 2874 774 2944 praetoriano
790 2871 1024 2927 culmine
1051 2868 1374 2923 constitutus
1391 2866 1467 2921 sic
1491 2863 1814 2919 omnimodis
1834 2864 2038 2917 actioso

448 2980 620 3037 pauca
649 2963 985 3030 dictaverim,
1018 2960 1251 3031 accipiat
1280 2958 1377 3013 viri
1414 2956 1819 3027 prudentissimi
1848 2954 2040 3009 Felicis

449 3059 867 3129 pnesurnptione
917 3054 1135 3116 factum,
1187 3051 1340 3120 cujus
1398 3049 1749 3122 participatus
1804 3062 1923 3101 sum
1985 3046 2038 3100 in

449 3151 781 3212 omnicausa
824 3147 1133 3203 consilium.
1185 3142 1395 3198 Etenim
1425 3142 1508 3195 vir
1532 3141 1762 3211 primum
1803 3147 1886 3193 est
1918 3154 2039 3192 mo-

2632 2048 2965 2105 EPISTOLA
3004 2049 3242 2107 PRIMA.

2136 2174 2362 2216 SENATUI
2409 2177 2557 2216 URBIS
2592 2176 2749 2215 ΒΟΠᾸΞ
2779 2176 3019 2216 SENATOR
3060 2177 3385 2219 PRAEFECTUS
3425 2178 3723 2219 ΡΒΕΤΟΜΟ.

2142 2270 2387 2325 Pluribus
2425 2271 2605 2343 laudat
2631 2271 3081 2343 Aniafasuntliam,
3115 2282 3165 2325 et
3194 2284 3452 2341 parentes,
3486 2286 3536 2327 et
3566 2276 3726 2343 ﬁliuni

2212 2342 2326 2415 ejus
2347 2342 2722 2415 Athalaricum.
2758 2340 2886 2415 um
2914 2352 3062 2415 regat
3107 2340 3372 2397 senatores
3396 2353 3451 2395 ut
3482 2340 3726 2415 principi-

2214 2413 2305 2464 bus
2334 2412 2530 2482 gratias
2574 2429 2669 2477 pro
2696 2411 2886 2466 collata
2924 2411 3023 2483 ipsi
3055 2417 3370 2484 praefectura
3414 2411 3729 2483 pra'toridnu

2214 2484 2463 2553 referant.
2552 2530 2558 2537 κ

2212 2593 2616 2651 Commendatis
2659 2596 2810 2661 mihi,
2841 2604 3021 2666 patres
3067 2597 3378 2668 conscripti,
3419 2607 3731 2668 provectum

2142 2700 2343 2750 meum,
2374 2685 2417 2739 si
2446 2685 2599 2740 vobis
2625 2686 2865 2755 intelligo
2888 2685 3055 2742 fuisse
3085 2689 3348 2743 votivum.
3384 2689 3564 2745 Credo
3594 2692 3733 2747 enim

2142 2776 2388 2832 evenisse
2410 2777 2772 2846 prosperrime
2791 2777 2936 2847 quod
2962 2786 3041 2831 tot
3062 2777 3245 2833 felices
3265 2789 3481 2835 constat
3496 2791 3732 2850 optasse.

2145 2869 2421 2925 Desideria
2450 2870 2652 2940 quippe
2679 2878 2857 2926 vestra
2882 2870 3145 2925 bonorum
3175 2873 3414 2926 omnium
3436 2875 3733 2943 probantur

2145 2960 2400 3031 auspicia,
2433 2960 2650 3029 quando
2677 2976 2837 3014 nemo
2866 2970 3043 3029 potest
3073 2960 3256 3015 talium
3293 2961 3480 3017 favore
3513 2964 3731 3033 suscipi,

2144 3053 2245 3106 nisi
2310 3067 2470 3121 quem
2522 3050 2783 3105 Divinitas
2839 3051 3098 3122 praecepit
3153 3054 3358 3121 augeri.
3416 3052 3731 3109 Mutuamini

2145 3158 2274 3212 ergo
2297 3144 2546 3210 gratiam,
2589 3150 2649 3196 ut
2677 3143 2904 3210 exigatis
2933 3143 3271 3213 obsequium.
3314 3143 3515 3198 Natura
3556 3160 3731 3199 rerum

451 3255 570 3295 rum
593 3240 902 3296 sinceritate
922 3236 1231 3301 defaecatus,
1253 3234 1475 3288 scientia
1497 3230 1631 3301 juris
1650 3230 1899 3293 eximius,
1916 3243 2039 3283 ver-
2067 3244 2112 3305 ρ
2143 3244 2226 3288 est
2271 3249 2455 3288 amare
2491 3234 2773 3302 collegam.
2836 3232 3047 3289 Laudes
3108 3236 3350 3304 quinimo
3394 3246 3605 3291 vestras
3642 3251 3732 3290 ει-

451 3333 644 3390 borum
671 3332 1005 3403 proprietate
1031 3328 1335 3391 distinctus,
1384 3325 1568 3381 senilis
1595 3322 1829 3392 juvenis,
1869 3323 2036 3376 alter-

452 3433 609 3488 eator
631 3423 829 3486 suavis,
860 3425 1196 3475 mensuratus
1223 3418 1518 3486 eloquens;
1558 3414 1649 3484 qui
1686 3412 2040 3468 necessitates

455 3515 696 3587 publicas
715 3514 991 3582 eleganter
1018 3508 1309 3579 implendo,
1343 3507 1409 3561 ad
1442 3505 1791 3561 favorabilem
1822 3504 2038 3574 opinio-

456 3623 581 3663 nem
604 3622 703 3661 suo
730 3605 910 3674 potius
941 3602 1123 3657 labore
1151 3600 1423 3670 perduxit.
1470 3598 1687 3667 Alioqui
1717 3598 1880 3651 tantis
1911 3611 2040 3651 cau-

456 3712 637 3755 sarum
665 3694 897 3751 molibus
922 3703 1196 3755 oneratus,
1245 3700 1339 3746 aut
1375 3691 1548 3761 impar
1585 3706 1707 3746 esse
1744 3690 1916 3760 potui,
1949 3696 2043 3743 aut

459 3790 598 3843 forte
626 3800 883 3854 arrogans
928 3785 1174 3840 inveniri.
1202 3780 1307 3837 Sed
1348 3782 1557 3848 melius,
1598 3781 1743 3853 quod
1778 3782 1895 3851 ejus
1920 3780 2044 3833 fati-

455 3879 674 3947 gatione
714 3887 989 3932 recreatus
1028 3875 1107 3929 sic
1143 3874 1410 3943 regalibus
1458 3874 1600 3927 curis
1636 3870 1801 3937 adfui,
1836 3879 1895 3925 ut
1936 3886 2041 3925 non

454 3970 747 4040 potuissem
782 3969 834 4022 in
864 3967 1045 4022 arduis
1074 3967 1236 4021 rebus
1264 3964 1519 4019 deficiens
1561 3963 1868 4033 approbari.
1899 3962 2043 4018 Duos

457 4061 637 4128 itaque
676 4058 887 4113 libellos
928 4056 1281 4112 dictationum
1325 4071 1563 4110 mearum
1598 4055 1665 4109 de
1712 4054 2043 4125 praefectum

456 4150 672 4206 actione
700 4147 977 4215 subjunxi;
1010 4155 1067 4200 ut
1095 4147 1184 4215 qui
1212 4146 1397 4201 decem
1432 4145 1578 4200 libris
1619 4161 1714 4200 ore
1746 4146 1895 4213 regio
1924 4159 2042 4198 sum

456 4242 693 4309 locutus,
718 4256 786 4295 ex
815 4256 1043 4310 persona
1074 4240 1286 4309 propria
1311 4255 1415 4292 non
1442 4238 1671 4292 haberer
1698 4237 2002 4306 incognitus
2029 4254 2040 4289 :

457 4334 583 4401 quia
632 4332 789 4386 nimis
815 4330 1103 4386 absurdum
1149 4338 1233 4384 est
1262 4328 1313 4384 in
1341 4328 1536 4398 adepta
1566 4328 1826 4397 dignitate
1870 4327 2045 4381 conti-

461 4422 813 4492 cescere,qui
848 4437 946 4492 pro
986 4421 1103 4475 aliis
1142 4420 1455 4475 videbamur
1483 4419 1634 4489 plura
1679 4418 1899 4472 dixisse.
1939 4416 2045 4470 Sed

463 4521 744 4583 postquam
776 4513 1054 4568 duodecim
1083 4513 1229 4567 libris
1272 4511 1587 4581 opusculum
1628 4520 1870 4563 nostrum
1902 4507 2037 4561 desi-

2144 3324 2349 3386 tollitis,
2382 3325 2427 3377 si
2472 3325 2733 3379 honorem
2762 3325 2854 3393 qui
2893 3326 3136 3379 senatori
3177 3325 3332 3379 datus
3373 3335 3459 3382 est
3496 3327 3732 3394 erigatis.

2142 3415 2461 3471 Sollicitudo
2490 3424 2701 3486 patrum
2744 3417 2810 3470 ad
2842 3419 3084 3487 publicas
3124 3434 3210 3474 me
3236 3419 3497 3474 utilitates
3537 3421 3734 3475 instans

2146 3515 2226 3561 ter
2258 3507 2526 3577 impellat,
2572 3516 2628 3562 ut
2668 3520 2850 3563 vestro
2889 3510 3056 3579 magis
3098 3510 3394 3579 imputetur
3438 3513 3731 3580 przeconio,

2143 3614 2265 3653 cum
2315 3598 2409 3652 tali
2458 3615 2711 3654 meruero
2753 3601 2968 3670 placere
3016 3611 3268 3670 patrono.
3311 3602 3559 3658 Secunda
3606 3604 3734 3659 mihi

2144 3698 2225 3744 est
2253 3704 2399 3754 cura,
2428 3690 2580 3744 vobis
2607 3704 2691 3744 me
2720 3691 3105 3746 commendare
3131 3701 3253 3762 post
3280 3694 3577 3764 principes,
3610 3696 3731 3764 quia

2144 3780 2273 3834 illud
2309 3795 2405 3834 vos
2429 3795 2611 3835 amare
2648 3780 2970 3837 confidimus
2999 3783 3140 3853 quod
3169 3794 3223 3838 et
3265 3801 3444 3839 rerum
3485 3786 3733 3843 dominos

2140 3869 2331 3939 jubere
2372 3872 2652 3927 sentimus.
2706 3870 2962 3938 Primum,
3023 3882 3082 3929 ut
3126 3875 3230 3930 hoc
3277 3885 3528 3945 putemus
3580 3880 3730 3944 utile,

2145 3955 2293 4032 quod
2343 3963 2659 4029 honestum;
2703 3972 2762 4017 ut
2815 3974 3029 4020 nostros
3066 3975 3217 4021 actus
3252 3969 3404 4035 quasi
3445 3970 3731 4040 pedisequa

2145 4072 2360 4127 semper
2402 4056 2611 4127 justitia
2674 4059 2998 4126 comitetur;
3051 4069 3101 4115 et
3154 4062 3300 4129 quod
3348 4078 3377 4116 a
3434 4064 3730 4118 continenti

2146 4151 2386 4221 principe
2418 4166 2523 4206 non
2547 4152 2793 4215 emimus,
2819 4152 2951 4206 nulli
2983 4154 3211 4223 turpiter
3235 4154 3594 4209 venditenms.
3622 4156 3730 4210 Au-

2146 4243 2315 4305 distis,
2346 4243 2614 4313 principes
2645 4244 2761 4307 viri,
2786 4259 2907 4312 quae
2930 4260 3109 4299 rerum
3140 4246 3377 4315 pondera
3410 4248 3732 4316 praedicatus

2147 4333 2471 4402 exceperim.
2505 4332 2675 4402 Supra
2715 4334 2859 4387 vires
2887 4335 3137 4401 exigitur,
3167 4333 3258 4406 qui
3300 4335 3576 4404 dignitatis
3618 4337 3729 4392 culo

2148 4424 2291 4478 mina
2323 4424 2569 4478 laudatur
2616 4426 2904 4492 ingressus.
2958 4425 3085 4480 Hice
3140 4441 3248 4481 non
3288 4427 3550 4480 audemus
3604 4426 3730 4481 falsa

2148 4514 2345 4579 dicere,
2373 4515 2464 4569 sed
2495 4513 2817 4570 confitemur
2856 4530 2975 4570 esse
3007 4517 3240 4586 potiora.
3283 4515 3415 4571 Nam
3448 4518 3570 4573 talia
3595 4518 3733 4586 judi-

460 4602 651 4659 derato
682 4602 787 4657 line
824 4602 1212 4667 concluseram,
1256 4601 1324 4656 dc
1377 4601 1571 4655 animae
1613 4598 1930 4663 substantia,
1961 4598 2045 4651 vel
2079 4633 2126 4690 υ
2151 4608 2232 4661 cia
2255 4622 2359 4660 non
2387 4607 2708 4661 invenerunt
2736 4608 2949 4672 merita,
2980 4608 3073 4661 sed
3099 4606 3361 4663 fecerunt.
3390 4609 3574 4681 Neque
3595 4611 3732 4665 enim

459 4698 528 4753 de
558 4697 844 4751 virtutibus
868 4696 1006 4763 ejus,
1035 4696 1193 4751 amici
1219 4711 1305 4749 me
1328 4694 1597 4750 disserere
1621 4699 1953 4760 coegerunt;
1989 4699 2047 4744 nt

461 4805 557 4861 per
583 4804 745 4858 quam
775 4788 939 4841 multa
967 4788 1217 4849 diximus,
1257 4786 1325 4840 de
1361 4786 1475 4854 ipsa
1504 4797 1723 4852 quoque
1753 4782 1937 4837 dicere
1969 4781 2048 4836 vi-

400 4906 405 4911 ·
459 4883 735 4937 deremur.
762 4878 922 4933 Modo
945 4878 1148 4948 parcite
1162 4874 1367 4937 diserti,
1388 4874 1560 4927 favete
1582 4873 1764 4942 potius
1786 4872 2049 4925 inchoau-

461 4982 575 5037 tes;
600 4986 724 5026 nam
753 4968 800 5023 si
833 4968 962 5022 nihil
990 4981 1203 5020 mereor
1231 4963 1550 5033 eloquentiae
1587 4975 1831 5026 munere,
1874 4960 2050 5015 consi-

461 5063 731 5119 derandus
770 5075 887 5114 sum
938 5058 1120 5129 potius
1148 5072 1217 5111 ex
1252 5053 1645 5109 ofﬁciosissime
1690 5052 1903 5117 labore;
1932 5052 2047 5121 qui,

462 5154 626 5208 tantis
650 5151 957 5223 reipublica:
987 5146 1396 5204 necessitatibus
1414 5153 1727 5215 occupatus,
1756 5145 1833 5199 sic
1860 5158 2051 5199 vacare

466 5245 615 5314 potui
641 5244 739 5299 sub
768 5243 1048 5299 urentibus
1072 5241 1236 5302 curis,
1280 5239 1325 5293 si
1371 5254 1456 5294 me
1490 5237 1708 5307 gloriari
1737 5238 2051 5305 contigisset

467 5337 779 5392 ﬂuminibus
826 5336 1104 5390 Tullianis.
1157 5334 1289 5388 Nam
1348 5334 1463 5401 ipse
1504 5346 1721 5401 quoque
1770 5332 1889 5385 fons
1932 5331 2048 5386 elo-

467 5429 705 5498 quentiae
738 5439 790 5497 ⁸,
819 5443 941 5483 cum
968 5429 1150 5483 dicere
1181 5434 1476 5499 peteretur,
1528 5424 1697 5480 fertur
1742 5439 2051 5488 excusasse,

466 5521 613 5589 quod
636 5521 806 5592 pridie
827 5537 934 5576 non
962 5520 1198 5588 legisset.
1224 5518 1364 5585 Quid
1389 5517 1501 5585 jam
1533 5517 1652 5570 aliis
1678 5515 1927 5571 accidere
1955 5531 2053 5585 po-

467 5615 613 5679 terit,
638 5614 683 5668 si
714 5620 864 5667 tanta
886 5611 1002 5666 laus
1039 5609 1295 5666 facundiae
1325 5616 1605 5663 auctorum
1629 5606 1742 5660 visa
1781 5617 1864 5660 est
1893 5607 2054 5660 bene—

548 5820 568 5844 "
600 5810 790 5866 Cicero
814 5824 1024 5865 servum
1055 5807 1384 5867 manumisit,
1413 5804 1557 5877 quod
1591 5805 1753 5859 dilata
1786 5805 2055 5877 inqcrasti-

474 5895 601 5935 num
632 5880 845 5932 comitia
876 5880 1234 5933 renuntiasset
1271 5894 1285 5931 :
1314 5876 1451 5933 adeo
1492 5884 1712 5947 paratus
1743 5876 2053 5931 meditatus-

2153 4712 2251 4751 nos
2280 4696 2404 4751 inde
2430 4697 2716 4765 jactamus,
2749 4698 2842 4766 qui
2871 4697 3217 4767 intelligimus
3244 4700 3494 4754 dominos
3524 4710 3735 4756 nostros

2152 4789 2372 4843 humilia
2413 4788 2649 4843 voluisse
2679 4789 2985 4857 sustollere,
3019 4806 3087 4843 ne
3128 4790 3415 4845 videantur
3459 4791 3735 4845 immeritis

2157 4886 2265 4932 tam
2315 4879 2548 4945 iungentia
2602 4879 2934 4948 pncstitisse.
2981 4878 3218 4947 Rapiunt
3267 4896 3365 4934 nos
3416 4880 3734 4949 pnedicandi

2156 4972 2414 5041 temporis
2444 4971 2584 5025 bona
2613 4980 2705 5038 ;et
2735 4972 2881 5025 velut
2910 4971 3068 5039 longa
3099 4971 3349 5025 ariditate
3378 4972 3644 5034 sitientes,
3673 4970 3734 5023 ad

2158 5066 2401 5120 haustum
2432 5065 2725 5119 dulcissimi
2756 5066 2963 5135 saporis
2994 5065 3239 5119 invitant.
3282 5063 3327 5117 Ο
3372 5065 3551 5119 seculi
3584 5064 3735 5116 beata

2155 5158 2367 5212 fortuna
2390 5156 2402 5209 l
2440 5160 2540 5211 sub
2569 5155 2815 5225 principe
2843 5156 3033 5210 feriato
3065 5156 3252 5209 matris
3272 5164 3466 5223 regnat
3492 5154 3732 5216 affectio;

2156 5263 2250 5317 per
2268 5262 2427 5316 quam
2460 5255 2632 5301 totum
2682 5248 2761 5301 sic
2801 5248 3098 5316 peragitur,
3142 5255 3199 5300 ut
3228 5247 3495 5313 generalis
3520 5261 3620 5300 nos
3659 5254 3737 5298 te-

2153 5353 2280 5404 gere
2309 5341 2542 5394 cliaritas
2582 5339 2867 5393 sentiatur.
2901 5338 3035 5392 Huic
3060 5339 3353 5406 gloriosum
3385 5345 3603 5407 praestat
3644 5336 3737 5391 ob‘

2153 5430 2398 5497 sequium
2438 5433 2524 5484 cui
2563 5430 2743 5482 omnia
2795 5430 3064 5492 serviunt;
3115 5437 3171 5483 et
3207 5429 3436 5482 mirabili
3475 5437 3737 5498 tempera-

2157 5528 2339 5573 mento
2368 5520 2687 5580 concordiaa,
2723 5527 3009 5587 antequam
3053 5519 3225 5587 possit
3264 5518 3493 5588 p0pulos
3534 5529 3734 5584 regere,

2157 5613 2267 5664 suis
2286 5626 2395 5677 jam
2427 5612 2591 5680 cmpit
2635 5610 2873 5665 moribus
2907 5610 3190 5680 imperare.
3224 5609 3337 5664 Hoc
3378 5619 3463 5663 est
3503 5606 3734 5679 profectu

2199 5819 2265 5859 ue
2297 5812 2474 5861 tantus
2505 5805 2697 5861 artifex
2728 5806 2792 5861 ad
2816 5788 3098 5861 dicendum
3123 5803 3432 5860 accedebat.
3468 5803 3732 5860 Plutarch.

2180 5894 2188 5903 '
2204 5891 2326 5929 OliN.
3466 5888 3469 5889 ⁷
