4006 6474
259 364 385 422 ωδ

1504 360 1868 420 VARIARUM
1909 358 2104 416 LIBER
2145 362 2234 417 XI.

3468 373 3579 431 ωδ

261 476 660 535 difﬁcillimum
687 475 943 546 rqgnandi
990 491 1180 546 genus,
1227 491 1486 532 exercere
1527 472 1780 545 juvenem
1820 474 1876 528 in
1910 481 1958 538 Α
1989 473 2174 539 etiam,
2207 482 2288 530 tot
2330 477 2682 535 barbarorum
2728 480 2964 541 victoriis
2994 495 3374 559 praepotentes,
3411 506 3573 562 quam

262 571 390 623 suis
433 569 682 626 sensibus
728 571 1106 642 princﬁiatum.
1159 569 1358 624 Rarum
1411 570 1632 623 omnino
1672 569 1874 622 bonum

224 659 228 662 ’
255 672 376 731 est,
415 663 695 719 dominum
719 665 1055 734 u'iuntphare
1077 663 1144 718 de
1167 662 1429 724 moribus,
1464 671 1519 716 et
1556 663 1660 716 hoc
1682 674 1875 715 conse-

255 756 363 824 qui
399 756 458 811 in
487 755 674 812 ﬂorida
715 765 896 820 etate,
925 757 990 810 ad
1019 756 1164 825 quod
1191 757 1280 810 vix
1321 756 1558 811 creditur
1584 771 1716 809 cana
1760 769 1878 808 mo-

239 849 456 920 kclestia
499 848 801 920 pervenire.
848 846 1210 910 Gaudeamus,
1253 859 1433 916 patres
1475 845 1786 914 conscripti,
1821 851 1877 899 et

239 909 530 1010 ’supernze
574 940 842 1012 majestati
871 941 1071 1008 gratias
1098 909 1326 1010 supplici
1354 939 1646 994 devotione
1674 909 1876 992 refera-

219 1022 422 1108 ξυιυς,
469 1029 685 1099 quando
735 1030 879 1084 nulla
921 1031 1025 1084 erit
1075 1045 1297 1085 accessu
1345 1029 1606 1099 temporis
1642 1027 1876 1082 difﬁcilis

263 1119 574 1175 clementia
605 1128 793 1178 nostro
813 1121 1059 1190 principi,
1091 1121 1181 1188 qui
1214 1121 1266 1174 in
1297 1121 1451 1173 annis
1473 1119 1767 1188 puerilibus
1793 1119 1876 1172 di-

261 1207 412 1263 dicit
454 1210 658 1264 servire
704 1209 910 1279 pietati.
943 1207 1050 1263 Sed
1097 1209 1202 1265 hoc
1238 1208 1558 1263 miraculum
1597 1209 1876 1277 utriusque

263 1302 525 1358 moribus
574 1302 793 1367 demus;
840 1318 964 1378 nam
1011 1310 1190 1355 tantus
1234 1308 1318 1356 est
1344 1302 1532 1370 genius
1578 1308 1870 1362 maternus,

261 1393 358 1447 cui
391 1394 559 1448 etiam
585 1393 706 1462 jure
735 1394 986 1464 princeps
1013 1394 1216 1448 servire
1243 1392 1520 1448 debuisset
1559 1400 1872 1446 extranens.

263 1483 438 1541 Hanc
488 1489 629 1547 enim
677 1486 988 1556 dignissime
1052 1486 1234 1540 omnia
1292 1499 1455 1554 regna
1507 1491 1872 1549 venerantur,

262 1594 444 1648 quam
489 1579 672 1635 videre
702 1583 1004 1637 reverentia
1036 1591 1151 1647 est;
1179 1582 1486 1650 loquentem
1530 1580 1737 1644 audire,
1767 1577 1871 1631 mi-

260 1672 546 1727 raculum.
579 1672 694 1740 Qua
721 1673 865 1728 enim
890 1674 1067 1742 lingua
1097 1690 1206 1729 non
1231 1674 1492 1743 probatur
1521 1686 1641 1726 esse
1666 1671 1870 1725 doctis-

262 1764 452 1818 sima?
483 1764 671 1819 Atticae
700 1764 955 1820 facundiae
981 1765 1230 1820 claritate
1265 1765 1465 1818 diserta
1503 1771 1607 1826 est,
1641 1761 1871 1816 Romani

1984 566 2186 632 ingenti
2233 569 2578 637 expeditione
2623 574 2822 628 turbati
2867 580 3025 632 sunt?
3070 579 3329 638 Lacessiti
3369 594 3574 640 metue-

1980 666 2104 712 runt
2138 675 2259 713 cum
2305 662 2503 717 nostris
2551 664 2687 717 inire
2737 674 3035 734 certamen,
3077 671 3169 739 qui
3219 675 3572 745 praecipitans

1980 750 2204 806 saltibus
2258 755 2440 822 praelia
2501 771 2716 825 semper
2775 761 3024 827 gentibus
3083 763 3400 822 intulerunt.
3464 768 3573 823 Sed

1981 843 2226 910 quamvis
2269 832 2499 914 superba
2547 848 2696 902 natio
2733 848 3086 906 declinaverit
3131 857 3457 919 conﬂictum,
3487 861 3571 913 vi-

1981 939 2098 986 tare
2151 942 2327 989 tamen
2379 937 2582 1004 proprii
2632 938 2774 1013 regis
2823 941 3062 1010 nequivit
3109 943 3403 1000 interitum.
3435 947 3569 1002 Nam

1980 1020 2350 1079 Theodericus
2400 1025 2491 1080 ille
2541 1026 2629 1080 diu
2673 1028 2880 1096 potenti
2930 1031 3149 1086 nomine
3195 1033 3454 1100 gloriatus
3515 1037 3571 1092 in

1979 1111 2308 1184 triumphum
2367 1115 2526 1185 1'75.
2569 1116 2872 1186 principum
2929 1128 3238 1175 nostrorum
3294 1123 3570 1192 languoris

1979 1203 2156 1270 potius
2177 1218 2354 1272 pugna
2375 1215 2662 1275 superatus
2683 1209 2936 1263 occubuit
2956 1228 2969 1262 :
2987 1211 3354 1282 ordinatione,
3381 1215 3567 1283 credo,
3665 1250 3670 1252 -

1977 1291 2177 1357 divina,
2221 1309 2290 1348 ne
2320 1310 2420 1350 nos
2447 1304 2539 1349 aut
2567 1296 2808 1351 allinium
2839 1299 2980 1354 bella
3011 1302 3334 1371 polluerent,
3367 1316 3462 1360 aut
3482 1308 3571 1374 ju-

1976 1393 2059 1440 ste
2087 1385 2224 1458 [Ac.,
2255 1386 2432 1458 juxta]
2481 1389 2775 1458 productus
2822 1394 3092 1449 exercitus
3139 1396 3433 1452 vindictam
3477 1399 3571 1453 ali-

1977 1493 2138 1548 quam
2195 1495 2303 1534 non
2362 1480 2605 1536 haberet.
2673 1481 2848 1538 Macte
2895 1486 3205 1554 procinctus
3267 1487 3568 1546 Gothorum

1976 1571 2123 1624 omni
2155 1571 2411 1626 felicitate
2430 1570 2736 1641 jucundior,
2763 1575 2854 1644 qui
2877 1576 3088 1631 hostem
3114 1579 3352 1645 regalem
3391 1582 3568 1651 capite

1976 1661 2156 1724 caedis,
2190 1670 2246 1716 et
2271 1663 2426 1716 nobis
2454 1679 2555 1717 nec
2584 1664 2742 1719 unius
2765 1665 2936 1719 ultimi
2968 1666 3107 1721 facta
3136 1667 3408 1724 subducis.
3434 1669 3568 1726 Bur-

1974 1751 2174 1819 gundio
2203 1752 2495 1821 quinetiam
2528 1763 2584 1807 ut
2613 1769 2710 1808 sua
2750 1756 3039 1826 reciperet,
3073 1757 3302 1814 devotus
3342 1760 3568 1816 elfectus

261 1853 482 1922 eloquii
513 1870 707 1924 pompa
737 1855 1066 1925 resplendet,
1119 1856 1284 1910 nativi
1313 1855 1577 1910 sermonis
1624 1854 1859 1908 ubertate

1975 1849 2079 1907 est,
2128 1841 2356 1895 reddens
2409 1857 2468 1897 se
2517 1851 2710 1910 totum,
2765 1845 2892 1900 dum
2945 1847 3244 1916 accepisset
3291 1849 3564 1918 exiguum.

259 1944 576 2012 gloriatur;
597 1947 814 2002 excellit
834 1955 1058 2002 cunctos
1079 1947 1131 2001 in
1149 1947 1400 2016 propriis,
1421 1962 1542 2000 cum
1564 1946 1633 2000 sit
1647 1945 1869 2013 aequali-

259 2042 354 2090 ter
411 2037 610 2106 ubique
651 2038 928 2092 mirabilis.
978 2035 1112 2092 Nam
1159 2038 1204 2092 si
1249 2037 1592 2092 vernaculam
1634 2035 1867 2103 linguam

255 2125 416 2182 bene
439 2143 598 2182 nosse
626 2126 906 2196 prudentis
925 2137 1028 2190 est,
1055 2127 1181 2194 quid
1211 2126 1278 2182 de
1306 2127 1396 2180 tali
1423 2125 1686 2195 sapientia
1715 2135 1869 2195 pote-

257 2216 340 2270 rit
391 2217 680 2281 mstimari,
715 2231 836 2286 qua:
864 2224 944 2271 tot
967 2230 1164 2284 genera
1191 2215 1392 2284 eloquii
1427 2214 1683 2270 inoffensa
1712 2230 1867 2288 exer-

258 2306 534 2362 citatione
557 2307 826 2366 custodit?
856 2306 990 2362 llinc
1009 2306 1156 2362 venit
1178 2305 1403 2361 diversis
1432 2305 1738 2360 nationibus
1767 2321 1865 2360 ne—

258 2399 570 2454 cessat-ium
600 2413 959 2466 magnumque
995 2398 1325 2468 przesidium,
1354 2397 1498 2468 quod
1527 2397 1670 2467 apud
1707 2413 1866 2451 aures

256 2490 705 2560 prudentissima:
733 2491 964 2545 dmnime
1006 2490 1184 2545 nullus
1227 2497 1349 2558 eget
1391 2491 1702 2559 interprete;
1747 2489 1862 2543 Non

260 2582 420 2637 enim
453 2590 546 2636 aut
576 2581 783 2649 legatus
829 2596 1060 2648 moram,
1106 2589 1200 2636 aut
1239 2581 1592 2650 interpellans
1629 2581 1862 2649 aliquam

262 2671 510 2726 sustinet
538 2668 606 2724 de
655 2669 966 2725 mediatoris
1015 2669 1266 2724 tarditate
1307 2667 1598 2735 iacturam,
1647 2669 1862 2738 quando

259 2769 504 2829 uterque
534 2771 588 2814 et
617 2761 862 2827 genuinis
888 2761 1067 2814 verbis
1106 2760 1339 2822 auditur,
1379 2769 1434 2814 ct
1464 2761 1747 2829 patriotica
1778 2775 1863 2814 re-

257 2853 562 2922 sponsione
592 2853 956 2922 componitur.
985 2850 1234 2918 Jungitur
1262 2851 1346 2904 his
1375 2851 1538 2904 rebus
1566 2851 1717 2918 quasi
1749 2850 1864 2903 dia-

258 2944 432 2998 dema
458 2943 737 3011 eximium,
774 2941 1147 3013 impretiabilis
1176 2942 1365 2995 notitia
1395 2942 1726 3014 litterarum;
1767 2957 1863 3010 per

257 3047 433 3102 quam
456 3033 581 3086 dum
611 3041 851 3086 veterum
881 3031 1161 3101 prudentia
1193 3031 1437 3097 discitur,
1467 3031 1660 3098 regalis
1689 3030 1860 3099 digni-

256 3132 352 3176 tas
398 3137 614 3192 semper
646 3131 889 3190 augetur.
935 3121 1042 3176 Sed
1082 3138 1202 3176 cum
1235 3130 1382 3177 tanta
1425 3123 1656 3191 gaudeat
1684 3121 1863 3192 perfe-

257 3213 452 3266 ctione
479 3212 801 3282 linguarnm,
849 3213 901 3266 in
950 3222 1072 3267 actu
1105 3213 1320 3282 publico
1357 3215 1435 3270 sic
1465 3214 1627 3268 tacita
1671 3223 1772 3278 est,
1801 3221 1860 3268 nt
1889 3230 1932 3290 (ς

255 3304 521 3373 credatur
544 3307 738 3359 otiosa.
770 3303 961 3360 Paucis
990 3297 1156 3372 litigia
1186 3306 1391 3361 nodosa
1421 3306 1687 3370 dissolvit,
1719 3307 1857 3361 bella

255 3392 530 3447 ferventia
563 3395 663 3448 sub
691 3394 874 3463 quiete
900 3393 1138 3463 disponit
1198 3395 1476 3449 silentiose
1520 3396 1728 3462 geritur
1756 3411 1857 3463 pu-

256 3483 463 3539 blicum
485 3485 706 3538 bonum.
739 3483 857 3539 Non
885 3483 1038 3538 audis
1076 3485 1288 3554 przcdici
1333 3485 1475 3555 quod
1507 3485 1680 3554 palam
1709 3485 1858 3539 vide-

256 3584 353 3629 tur
383 3577 608 3641 assumi,
639 3585 694 3630 et
723 3585 1152 3646 temperamento
1202 3575 1429 3630 mirabili
1469 3574 1856 3631 dissimulando

255 3671 476 3742 peragit
498 3671 643 3740 quod
668 3672 1074 3726 accelerandum
1105 3686 1223 3726 esse
1245 3671 1548 3740 cognoscit.
1580 3669 1720 3737 Quid
1751 3673 1856 3728 tale

255 3762 557 3832 antiquitas
577 3763 783 3818 honora
813 3763 1152 3833 promeruit?
1191 3761 1482 3817 Placidiam
1526 3764 1709 3819 mundi
1739 3766 1853 3835 opi-

255 3855 431 3908 nione
476 3855 822 3918 celebratam,
877 3855 1182 3924 aliquorum
1225 3855 1477 3924 prosapia
1528 3856 1849 3925 gloriosam,

256 3954 562 4014 purpurato
589 3944 696 4000 lilio
721 3944 986 4000 studuisse
1009 3946 1377 4016 percepimus;
1422 3945 1578 4014 cujus
1605 3946 1729 4001 dum
1763 3965 1851 4003 re-

257 4037 428 4090 misse
466 4035 803 4090 administrat
830 4037 1134 4106 imperium,
1168 4036 1478 4090 indecenter
1513 4039 1853 4105 cognoscitur

258 4124 628 4179 itnminutum.
674 4126 872 4180 Nurum
903 4126 1132 4194 denique
1179 4126 1281 4180 sibi
1330 4126 1620 4181 amissione
1655 4126 1851 4200 Illyrici

257 4219 616 4285 comparavit,
650 4216 894 4286 factaque
916 4227 1000 4271 est
1026 4217 1338 4286 conjunctio
1361 4219 1634 4286 regnantis
1660 4219 1851 4273 divisio

255 4307 499 4362 dolenda
545 4309 856 4378 provinciis.
911 4308 1136 4363 Militem
1190 4325 1406 4378 quoque
1462 4310 1623 4362 nimia
1672 4312 1852 4378 quiete

256 4401 526 4456 dissolvit.
575 4401 802 4458 Pertulit
830 4418 860 4456 a
901 4411 1074 4458 matre
1121 4413 1396 4474 protectus
1425 4406 1568 4472 quod
1609 4406 1694 4457 vix
1740 4405 1848 4472 pati

256 4497 440 4565 potuit
471 4497 774 4552 destitutus.
817 4497 928 4551 Sub
974 4498 1074 4553 hac
1121 4506 1299 4551 autem
1338 4498 1580 4565 domina,
1609 4513 1729 4566 qua:
1769 4505 1851 4551 tot

1973 1932 2150 2002 Elegit
2177 1935 2377 2004 quippe
2407 1934 2615 2003 integer
2637 1937 2881 2006 obedire,
2903 1953 3064 2008 quam
3088 1940 3401 1996 imminutus
3425 1942 3564 2014 [Λα.

1972 2024 2306 2096 immunitusj
2328 2026 2594 2082 obsistere
2619 2043 2632 2079 :
2658 2028 2824 2082 tutius
2877 2037 3006 2084 tunc
3036 2029 3275 2085 defendit
3313 2046 3562 2101 regnum,

1970 2116 2188 2185 quando
2208 2131 2357 2170 arma
2383 2117 2655 2186 deposuit.
2682 2117 3044 2189 Recuperavit
3064 2121 3208 2175 enim
3235 2136 3396 2190 prece
3420 2123 3566 2191 quod

1970 2207 2156 2261 amisit
2182 2208 2237 2261 in
2265 2208 2402 2262 acie.
2449 2207 2668 2262 Beatam
2700 2218 2772 2275 te,
2799 2211 3040 2278 domina,
3067 2213 3226 2268 laude
3259 2215 3564 2286 multiplici,

1920 2337 1922 2339 ›
1969 2298 2054 2354 cui
2080 2298 2264 2354 divino
2292 2298 2553 2366 beneﬁcio
2583 2303 2877 2357 necessitas
2906 2304 3112 2358 tollitur
3138 2315 3333 2361 cuncta
3373 2317 3557 2363 certa-

1969 2389 2147 2451 minis,
2177 2389 2396 2458 quando
2420 2391 2678 2446 adversos
2697 2391 3011 2461 reipublicae
3036 2402 3132 2448 aut
3152 2397 3362 2450 cmlesti
3391 2396 3564 2453 felici-

1969 2489 2079 2536 tate
2100 2482 2292 2547 vincis,
2317 2491 2411 2536 aut
2440 2482 2545 2536 tuis
2569 2482 2808 2552 imperiis
2831 2493 3130 2553 spontanea
3158 2486 3409 2555 largitate
3432 2504 3564 2544 con-

1963 2569 2162 2638 jungis.
2193 2570 2490 2631 Exsultate.
2525 2571 2686 2627 Gothi
2717 2574 2921 2644 pariter
2957 2590 3022 2630 ac
3059 2576 3302 2632 Romani.
3331 2579 3562 2648 Dignum

1969 2659 2308 2726 miraculum,
2337 2659 2482 2728 quod
2511 2675 2702 2715 omnes
2729 2662 3038 2731 loquantur.
3071 2663 3212 2721 Ecce
3245 2668 3560 2738 (prmstante

1969 2750 2101 2807 Deo:
2151 2751 2279 2804 felix
2327 2750 2545 2804 domina
2599 2752 2745 2820 quod
2807 2754 2970 2808 habet
3025 2756 3282 2812 eximium
3329 2767 3560 2828 uterque

1965 2856 2127 2895 sexus
2159 2841 2432 2910 itnpletit;
2477 2858 2599 2897 nam
2631 2852 2688 2898 et
2715 2846 3010 2913 gloriosum
3040 2863 3223 2917 regem
3265 2852 3421 2906 nobis
3449 2851 3560 2907 edi-

1965 2932 2064 2998 dit,
2096 2941 2152 2987 et
2183 2933 2495 2988 latissimum
2531 2935 2814 3006 imperium
2846 2940 3010 2992 animi
3039 2939 3353 2998 fortitudine
3380 2944 3556 2999 vindi-

1965 3025 2126 3079 cavit.
2178 3023 2302 3081 Hmc
2327 3036 2586 3096 quantum
2635 3029 2702 3082 ad
2745 3047 2894 3085 arma
2937 3033 3229 3102 pertinent,
3285 3045 3557 3106 utcunque

1965 3114 2292 3169 referuntur.
2342 3116 2476 3170 Nam
2524 3119 2568 3173 si
2619 3120 2835 3188 pietatis
2872 3121 2987 3189 ejus
3035 3123 3259 3179 velimus
3299 3126 3432 3179 atria
3475 3128 3556 3181 in-

1967 3215 2128 3270 trare,
2155 3207 2242 3260 vix
2283 3207 2444 3262 nobis
2468 3193 2723 3278 poterunt
2752 3219 2966 3265 centum
3000 3212 3194 3282 linguae
3231 3225 3555 3288 centumque

1963 3314 2058 3353 ora
2090 3299 2376 3356 sufﬁcere:
2407 3303 2493 3356 cui
2529 3318 2628 3372 par
2665 3312 2749 3359 est
2773 3305 2989 3374 quidem
3028 3309 3256 3377 aequitas
3281 3319 3335 3364 et
3362 3313 3555 3366 volun-

1964 3399 2066 3456 tas,
2120 3393 2219 3447 sed
2261 3393 2436 3463 major
2468 3395 2770 3464 benignitas
2797 3413 2959 3466 quam
3009 3408 3268 3468 potestas.
3303 3401 3554 3460 Dicamus

1960 3483 2123 3550 igitur
2160 3499 2325 3554 parva
2368 3486 2437 3540 de
2480 3488 2708 3556 magnis,
2757 3504 2926 3558 pauca
2969 3489 3037 3544 de
3077 3491 3338 3560 plurimis.
3391 3493 3552 3549 Scitis

1957 3585 2158 3644 quanta
2182 3578 2323 3632 bona
2353 3586 2543 3634 nostro
2571 3580 2748 3634 ordini
2769 3581 2977 3636 cmlesti
3004 3583 3334 3651 benignitate
3361 3585 3550 3654 largita

1958 3675 2042 3721 est
2069 3684 2080 3719 :
2105 3668 2237 3721 nihil
2259 3677 2341 3723 est
2368 3669 2610 3735 dubium,
2641 3671 2730 3724 ubi
2751 3681 2834 3727 est
2857 3673 3008 3728 testis
3036 3683 3276 3729 senatus.
3307 3661 3549 3732 Alllictos

1955 3769 2100 3814 statu
2129 3760 2352 3816 meliore
2377 3763 2634 3831 restituit,
2661 3763 2857 3819 illaesos
2886 3767 3194 3821 sublimavit
3216 3769 3544 3836 honoribus,

1955 3861 2011 3906 et
2039 3851 2308 3920 sigillatim
2339 3853 2478 3906 bona
2506 3854 2711 3917 tribuit,
2743 3870 2882 3924 quos
2909 3856 3009 3910 sub
3041 3857 3329 3910 universali
3371 3860 3549 3911 muni-

1955 3944 2098 3998 mine
2126 3943 2435 3998 custodivit.
2477 3943 2550 3998 Ea
2579 3956 2700 4014 qua:
2742 3946 3032 4001 asserimus
3073 3946 3187 4014 jam
3235 3956 3545 4002 creverunt.

1956 4035 2231 4106 Respicite
2275 4050 2510 4104 namque
2569 4036 2854 4104 patricium
2911 4035 3186 4090 Liberium
3238 4036 3546 4105 prmfectuin

1954 4129 2114 4182 etiam
2155 4126 2470 4192 Galliarum,
2513 4129 2898 4183 exercitualem
2928 4130 3124 4192 virum,
3167 4131 3548 4185 communione

1953 4220 2333 4288 gratissimum,
2358 4219 2562 4272 meritis
2583 4219 2805 4282 clarum,
2851 4217 3019 4272 forma
3051 4219 3421 4290 conspicuum,
3451 4221 3546 4275 sed

1952 4309 2264 4364 vulneribus
2319 4310 2701 4380 pulchriorem,
2746 4309 2992 4364 laborum
3041 4326 3263 4365 suorum
3318 4327 3542 4367 munera

1952 4390 2337 4465 consecutum;
2371 4409 2428 4453 ut
2456 4415 2556 4454 nec
2584 4399 2978 4469 praefecturam,
3005 4416 3166 4471 quam
3199 4401 3336 4456 bene
3356 4402 3543 4471 gessit,

1953 4492 2243 4553 amitteret,
2276 4499 2332 4545 et
2360 4491 2616 4544 eximium
2648 4491 2817 4544 virum
2850 4491 3026 4546 honor
3047 4492 3352 4560 geminatus
3373 4507 3542 4547 orna-

255 4602 418 4655 reges
465 4589 650 4643 habuit
693 4599 825 4658 quot
869 4599 1123 4658 parentes
1162 4590 1404 4660 (juvante
1460 4589 1615 4658 Deo),
1666 4598 1848 4643 noster
1880 4607 1924 4663 ι)
1954 4595 2064 4650 ret;
2105 4585 2386 4640 confessus
2439 4587 2710 4651 meritmn,
2757 4588 2843 4642 cui
2885 4588 3032 4643 solus
3078 4604 3185 4644 non
3234 4588 3430 4646 sullicit
3475 4591 3543 4646 ad

256 4680 532 4736 exercitus
579 4690 748 4735 terret
795 4691 1077 4741 externos;
1109 4683 1200 4749 qui
1239 4680 1464 4750 provida
1493 4681 1847 4750 dispositione

257 4768 506 4834 libratus,
559 4787 660 4826 nec
711 4773 940 4826 assiduis
990 4773 1144 4826 bellis
1193 4774 1464 4837 atteritur,
1509 4787 1607 4826 nec
1653 4772 1845 4827 iterum

259 4859 421 4931 longa
473 4879 607 4933 pace
662 4865 920 4919 mollitur.
981 4865 1039 4918 In
1098 4865 1227 4934 ipsis
1281 4880 1496 4935 quoque
1541 4864 1848 4934 Primordiis

259 4941 500 5025 (quando
555 4973 770 5028 semper
825 4959 1032 5012 novitas
1093 4958 1296 5012 incerta
1353 4961 1608 5029 tentatur)
1658 4967 1845 5013 contra

259 5044 495 5102 Orientis
517 5050 774 5120 principis
800 5058 1003 5113 votum,
1033 5049 1334 5103 Romanum
1367 5049 1493 5104 fecit
1517 5065 1637 5106 esse
1667 5050 1847 5104 Danu-

263 5137 431 5192 bium.
484 5137 676 5193 Notum
721 5151 806 5195 est
850 5156 969 5209 qua:
1015 5140 1330 5210 pertulerint
1380 5140 1687 5206 invasores;
1729 5156 1846 5206 qua:

261 5226 384 5282 ideo
437 5231 890 5298 prmtermittenda
951 5231 1208 5299 dijudico,
1263 5247 1331 5285 ne
1390 5233 1578 5299 genius
1629 5232 1847 5287 socialis

259 5318 518 5388 principis
579 5319 1275 5380 verecundiam'sustineat
1329 5320 1633 5389 perditoris.
1706 5319 1843 5385 Quid

261 5407 401 5460 enim
431 5408 499 5463 de
526 5409 720 5463 vestris
750 5409 990 5478 partibus
1020 5409 1158 5481 [Ac.,
1193 5410 1390 5463 nostris
1419 5408 1682 5481 patribus]
1721 5423 1844 5464 sen-

261 5500 406 5563 serit,
447 5500 573 5555 hinc
627 5500 784 5556 datur
830 5499 1072 5566 intelligi,
1127 5498 1344 5568 quando
1384 5514 1573 5569 pacem
1622 5499 1847 5553 contulit

262 5585 416 5644 laesus
438 5605 599 5659 quam
627 5591 745 5645 aliis
776 5589 1077 5644 concedere
1110 5589 1281 5642 noluit
1310 5597 1586 5643 exoratus.
1618 5587 1847 5644 Additur

259 5679 401 5746 quod
430 5681 593 5735 tantis
615 5695 713 5734 nos
741 5679 1097 5748 legationibus
1126 5691 1234 5733 tam
1277 5695 1398 5733 raro
1437 5680 1722 5748 requisitus
1751 5697 1842 5735 or-

261 5771 422 5836 navit,
450 5781 506 5828 et
534 5771 816 5840 singularis
845 5771 932 5824 illa
963 5772 1226 5840 potentia,
1267 5779 1324 5823 nt
1352 5769 1565 5825 Italicos
1594 5770 1844 5829 dominos

252 5863 504 5936 erigeret,
536 5863 892 5922 reverentiam
920 5861 1018 5920 Eoi
1043 5863 1294 5922 culminis
1323 5864 1623 5920 inclinavit.
1648 5861 1841 5928 Franci

1952 4676 2249 4747 praemium.
2296 4675 2518 4745 Accepit
2564 4677 2708 4730 enim
2759 4685 2816 4731 et
2853 4689 3277 4748 praesentaneam
3307 4679 3542 4749 dignita-

1953 4777 2090 4828 tem;
2119 4783 2207 4832 ne,
2239 4766 2307 4822 de
2336 4767 2612 4836 republica
2638 4769 3020 4836 benemeritus,
3049 4771 3140 4826 diu
3165 4772 3360 4864 abs.ens
3387 4785 3543 4843 puta-

1950 4869 2098 4916 retur
2141 4860 2402 4930 ingratus.
2432 4857 2476 4912 0
2521 4859 2836 4915 admiranda
2868 4857 3540 4919 Benevolentia'domino-

1951 4952 2100 5007 rum!
2133 4966 2251 5019 qua:
2280 4952 2330 5004 in
2372 4958 2576 5004 tantum
2598 4952 2791 5005 extulit
2819 4953 3131 5022 prtedietum
3152 4955 3343 5019 virum,
3366 4962 3425 5008 ut
3451 4955 3542 5009 do-

1949 5045 2090 5099 natis
2126 5044 2358 5099 fascibus
2386 5052 2442 5098 et
2468 5045 2854 5113 patrimonium
2886 5046 3154 5118 judicaret
3195 5047 3535 5114 addendum;

1951 5137 2092 5205 quod
2133 5137 2214 5191 sic
2241 5137 2308 5191 ab
2337 5135 2602 5191 universis
2640 5144 2918 5204 gratanter
2947 5147 3226 5208 acceptum
3266 5146 3370 5204 est,
3403 5148 3458 5193 ut
3484 5141 3538 5195 in

1952 5242 2174 5300 munere
2202 5225 2319 5295 ejus
2347 5227 2529 5282 cuncti
2559 5242 2619 5283 se
2646 5229 2828 5299 potius
2847 5229 3132 5284 crederent
3160 5245 3280 5284 esse
3315 5231 3536 5296 ditatos,

1949 5318 2165 5388 quando
2190 5317 2448 5388 quidquid
2475 5317 2640 5387 digno
2662 5319 2920 5385 creditur,
2951 5318 3055 5374 hoc
3093 5319 3271 5376 multis
3309 5322 3425 5376 sine
3447 5323 3539 5377 du-

1951 5409 2038 5462 bio
2067 5407 2324 5462 collatum
2367 5423 2490 5462 esse
2523 5409 2774 5463 sentitur.
2810 5408 2948 5475 Quid
2988 5425 3115 5480 ergo
3147 5411 3213 5466 de
3242 5413 3404 5468 animi
3444 5414 3535 5468 lir-

1952 5501 2138 5554 tnitate
2161 5498 2370 5569 loquar,
2403 5514 2522 5568 quae
2543 5499 2672 5554 vicit
2698 5508 2753 5554 et
2775 5501 3130 5572 philosophos
3158 5506 3313 5562 valde
3334 5509 3535 5576 pracdi-

1949 5591 2136 5644 catos?
2176 5589 2426 5645 Procedit
2486 5591 2628 5645 enim
2680 5606 2748 5645 ex
2815 5607 2912 5645 ore
2972 5591 3205 5648 dominze
3257 5597 3534 5654 benelicus

1948 5697 2145 5746 sermo,
2198 5689 2254 5735 et
2293 5697 2518 5736 manens
2568 5681 2669 5735 sub
2717 5684 3008 5748 securitate
3053 5688 3360 5756 promissio.
3415 5690 3532 5748 Non

1945 5781 2074 5828 sunt
2125 5773 2302 5839 nobis,
2349 5781 2531 5842 patres
2571 5775 2882 5846 conscripti,
2933 5777 3107 5834 minus
3149 5783 3373 5850 probata
3411 5800 3533 5854 qua:

1944 5864 2252 5938 loquimur:
2279 5855 2439 5920 verus
2467 5864 2617 5922 testis
2653 5877 2757 5936 est,
2791 5868 2882 5940 qui
2913 5869 3096 5935 laudat
3119 5883 3392 5946 expertus.
3423 5874 3545 5955 Ct};
