4006 6518
416 388 520 449 ω’)

1646 378 1692 434 Μ
1703 423 1714 434 .
1757 378 2030 436 AURELH
2068 374 2462 434 CASSIUDORl

3587 375 3691 431 89.8

417 504 678 575 gnovistis
723 501 866 556 enim
916 513 1034 570 qua:
1078 505 1271 552 contra
1321 509 1407 548 me
1440 502 1564 548 vota
1606 494 1965 547 conﬂixerunt
1987 535 2000 557 ,
2035 495 2083 553 Α
2112 494 2260 546 utilia
2289 508 2506 560 sequar,
2537 507 2656 561 qua:
2675 490 2890 544 vitanda
2919 491 3200 562 refugiam.
3226 492 3388 562 Vigor
3411 495 3502 548 ille
3533 497 3696 550 ratio-

420 613 528 652 non
583 609 794 655 aurum,
855 607 962 646 non
1013 603 1218 657 magna:
1271 587 1488 640 valuere
1535 601 1723 655 preces
1759 603 1771 636 :
1801 592 2004 638 tentata

419 697 546 743 sunt
575 687 851 752 universa,
888 695 947 738 ut
975 682 1300 753 probaretur
1338 679 1750 748 sapientissimae
1777 676 2008 729 domina:

420 776 653 846 gloriosa
693 773 1022 830 constantia.
1049 770 1196 824 Ordo
1238 768 1440 837 ﬂagitat
1469 768 1718 824 dictionis
1757 774 2010 836 augusta-

423 881 540 921 rum
564 873 806 920 veterum
831 876 1082 933 pompam
1109 858 1368 913 moderna
1392 858 1798 927 comparatione
1835 855 2013 909 discu-

425 969 558 1014 tere.
585 957 692 1012 Sed
712 953 1164 1028 quemadmodum
1186 953 1262 1007 illi
1288 950 1535 1006 sufﬁcere
1559 956 1812 1020 poterunt
1831 962 2014 1002 exem-

426 1048 516 1118 pla
548 1047 803 1113 feminea,
833 1044 918 1098 cui
947 1044 1186 1097 virorum
1219 1041 1342 1094 laus
1387 1039 1531 1093 cedit
1559 1037 1844 1091 universa?
1866 1035 2017 1090 Hanc

427 1142 473 1194 si
504 1146 785 1208 parentum
807 1136 1005 1190 cohors
1029 1134 1115 1187 illa
1142 1130 1338 1198 regalis
1361 1129 1650 1198 aspiceret.
1684 1136 1937 1195 tanquam
1964 1125 2015 1178 in

429 1228 710 1298 speculum
746 1224 1088 1294 purissimum
1129 1237 1225 1276 sua
1291 1219 1561 1290 praeconia
1610 1233 1736 1270 mox
1788 1215 2016 1269 videret.

432 1319 635 1374 Enituit
681 1317 823 1372 enim
863 1315 1081 1369 Amalus
1115 1313 1393 1375 felicitate,
1437 1307 1763 1376 Ostrogotha
1813 1305 2020 1375 patien-

434 1414 532 1479 tia,
565 1411 755 1464 Athala
786 1407 1221 1468 mansuetudine,
1245 1403 1562 1457 Munitarius
1581 1401 1858 1469 mquitate,
1892 1397 2023 1452 Uni-

435 1504 664 1559 mundus
719 1502 916 1566 forma,
967 1499 1334 1560 Thorismuth,
1393 1497 1674 1560 castitate,
1727 1491 2022 1546 Unalamer

437 1597 557 1659 fide,
592 1595 915 1649 Theudimer
961 1593 1182 1661 pietate,
1232 1589 1490 1659 patientia
1539 1589 1620 1656 (ut
1645 1585 1754 1653 jam
1793 1579 2023 1650 vidistis)

438 1686 665 1756 inclytus
689 1691 862 1754 pater.
889 1680 1292 1748 Cognoscerent
1314 1679 1399 1732 hic
1429 1677 1668 1746 Profecto
1693 1675 1926 1729 universi
1955 1673 2030 1727 si-

439 1777 662 1846 gillatim
693 1775 929 1847 propria,
981 1773 1075 1827 sed
1118 1771 1346 1825 feliciter
1391 1769 1687 1822 faterentur
1715 1783 1836 1822 esse
1864 1781 2027 1832 supe—

2115 584 2306 638 nabilis
2334 586 2523 637 animm
2553 583 2707 636 nobis
2759 583 3042 637 consilium
3073 592 3318 654 praestet;
3361 583 3529 639 facies
3554 586 3696 639 veri-

2115 677 2241 729 tatis
2279 675 2535 738 albescat,
2567 691 2634 730 ne
2669 682 2906 729 mentem
2957 684 3193 729 nostram
3224 675 3488 730 innubilet
3525 676 3697 742 caligo

2115 783 2406 837 corporea;
2439 782 2727 838 sequamur
2748 767 2890 835 quod
2916 766 3059 820 intus
3095 776 3198 834 est,
3232 783 3299 822 ne
3327 767 3456 821 foris
3485 784 3514 819 a
3550 768 3699 822 nobis

2117 859 2284 913 simus
2308 877 2320 912 :
2351 859 2577 912 instruat
2603 857 2750 926 quod
2777 857 2844 911 de
2870 872 2997 912 vera
3018 859 3283 928 sapientia
3314 860 3477 930 sapit,
3506 859 3701 913 illumi-

2119 959 2210 1003 net
2238 949 2381 1018 quod
2403 949 2605 1003 caelesti
2628 949 2874 1003 claritate
2899 947 3225 1016 reSplendet.
3258 949 3443 1004 Talem
3472 950 3702 1018 denique

2115 1041 2350 1109 judicent
2381 1040 2618 1108 excipiat
2653 1039 2896 1108 publicus
2944 1047 3116 1104 actus,
3160 1041 3373 1110 qualem
3417 1040 3591 1095 ﬁlium
3617 1055 3704 1094 ca-

2123 1134 2318 1186 tholica
2363 1133 2526 1186 mittit
2552 1130 2664 1203 [Cr
2714 1142 2761 1184 et
2789 1130 2933 1202 Cuj.,
2982 1129 3174 1202 nutrit]
3220 1131 3478 1187 Ecclesia.
3511 1132 3570 1186 lu
3599 1134 3706 1186 suis

2125 1240 2222 1279 nos
2250 1224 2410 1278 etiam
2455 1223 2768 1278 muneribus
2815 1224 2987 1277 virtus
3033 1231 3221 1278 sancta
3251 1224 3523 1280 custodiat
3550 1243 3561 1275 :
3587 1225 3706 1292 quia

2123 1315 2395 1382 graviores
2433 1314 2649 1367 insidias
2695 1313 2901 1383 antiqui
2952 1313 3243 1368 adversarii
3277 1322 3402 1369 tunc
3447 1315 3704 1376 subimus,

2125 1403 2341 1472 quando
2383 1404 2498 1471 ejus
2526 1403 2666 1457 dona
2696 1404 3036 1472 suscipimus.
3086 1403 3265 1458 Nolite
3291 1405 3344 1459 in
3383 1420 3473 1459 me
3503 1413 3707 1459 tantum

2128 1498 2351 1566 rejicere
2406 1497 2639 1552 civitatis
2694 1497 2837 1551 iliius
2889 1512 3100 1565 curam,
3140 1513 3261 1568 qua:
3313 1498 3494 1568 potius
3536 1507 3714 1553 vestra

2131 1589 2284 1643 laude
2324 1604 2516 1643 secura
2562 1596 2663 1642 est.
2698 1587 2806 1642 Vos
2832 1589 2974 1642 enim
3005 1589 3374 1658 speculatores
3410 1589 3715 1645 Christiano

2133 1680 2331 1750 p0pulo
2369 1679 2688 1750 praesidetis,
2731 1695 2828 1733 vos
2855 1680 3026 1748 patris
3072 1681 3290 1735 nomine
3329 1682 3581 1737 universa
3607 1682 3717 1734 dili-

2131 1772 2272 1841 gitis.
2305 1768 2578 1824 Securitas
2619 1783 2748 1837 ergo
2791 1770 2964 1840 plebis
2995 1771 3062 1825 ad
3105 1779 3338 1826 vestram
3385 1773 3609 1841 respicit
3644 1775 3718 1826 fa-

439 1875 577 1930 rata,
600 1864 819 1934 quando
846 1865 1002 1918 unius
1022 1862 1351 1930 praeconium
1376 1874 1496 1913 cum
1522 1858 1674 1911 turba
1703 1873 1762 1912 Se
1781 1855 1899 1923 jure
1921 1871 2026 1908 non
2061 1872 2108 1930 Β
2137 1878 2297 1925 mam,
2329 1861 2412 1915 cui
2436 1861 2691 1916 divinitus
2719 1871 2803 1914 est
2845 1863 3133 1916 commissa
3164 1863 3427 1916 custodia.
3473 1864 3718 1931 Quapro-

444 1965 619 2026 potest
645 1971 862 2024 mquare
890 1955 1169 2008 virtutum.
1203 1950 1492 2006 A‘Zstimate
1519 1949 1677 2019 quale
1699 1947 1776 2001 eis
1799 1953 1942 2000 esset
1964 1945 2032 1999 de

444 2046 534 2100 tuli
569 2045 784 2099 hatrede
838 2044 1128 2113 gaudium,
1179 2057 1298 2108 qua:
1343 2041 1532 2094 merita
1581 2039 1754 2109 potuit
1805 2037 2034 2090 transire

443 2145 784 2191 cunctorum.
817 2133 1086 2198 Qtueratis
1113 2131 1333 2185 forsitan
1373 2129 1751 2199 sequestratim
1782 2127 2036 2195 principis

445 2227 588 2281 bona
615 2242 628 2277 :
653 2223 866 2278 abunde
896 2222 1152 2292 pnndicat
1171 2222 1436 2284 sobolem,
1468 2221 1557 2288 qui
1589 2219 1703 2286 ejus
1740 2215 1917 2269 laudat
1943 2231 2037 2267 au-

446 2324 674 2369 ctorem.
718 2323 741 2348 ⁸
773 2312 977 2367 Deinde
1032 2312 1276 2364 retinetis
1324 2309 1682 2365 facundissimi
1733 2307 2036 2378 Symmachi

447 2405 704 2460 eximium
746 2403 1210 2472 dictum:Specto
1257 2402 1485 2456 feliciter
1531 2401 1744 2454 virtutis
1782 2400 1898 2467 ejus
1946 2413 2042 2451 au-

447 2505 687 2564 gmenta,
719 2495 810 2564 qui
832 2494 1023 2549 differo
1054 2494 1270 2547 laudare
1300 2493 1582 2562 principia.
1609 2491 1920 2553 Subvenite,
1949 2504 2043 2557 pa—

451 2597 562 2642 tres
599 2585 911 2655 conscripti,
961 2595 1015 2639 ct
1041 2584 1250 2651 agendo
1291 2599 1390 2653 pro
1420 2598 1506 2636 me
1536 2581 1914 2636 communibus
1941 2581 2041 2633 do-

450 2678 610 2735 minis
630 2678 829 2745 gratias
853 2676 1090 2731 debitum
1119 2690 1296 2728 meum
1322 2683 1497 2728 vestra
1521 2671 1892 2728 satisfactione
1916 2687 2038 2740 per-

451 2767 666 2825 solvite.
709 2767 842 2822 Nam
883 2767 1024 2821 sicut
1053 2781 1191 2819 unus
1228 2765 1425 2818 satiare
1472 2779 1578 2818 non
1628 2762 1768 2817 valet
1806 2762 2044 2816 omnium

454 2870 596 2926 vota,
630 2860 704 2914 ita
729 2859 882 2914 multi
907 2859 1064 2913 unius
1094 2865 1321 2927 possunt
1349 2856 1624 2925 complere
1653 2854 1934 2924 disposita.

1036 3011 1367 3067 EPISTOLA
1405 3011 1472 3067 ll.
1655 3070 1657 3072 _

589 3123 769 3163 JOANNI
801 3123 948 3161 PAPAZ
970 3120 1209 3160 SENATOR
1239 3120 1561 3158 ΡΒᾹΞΡΕοτυὸ
1591 3118 1892 3158 ΡΒᾸΞΤΟΒΙΟ.

2138 1963 2256 2024 pter
2285 1970 2383 2008 nos
2409 1954 2566 2008 decet
2593 1953 2864 2008 custodire
2893 1953 3092 2023 aliqua,
3123 1953 3220 2008 sed
3251 1969 3346 2006 vos
3385 1957 3590 2007 omnia.
3628 1952 3722 2006 Pa-

2136 2048 2282 2102 scitis
2308 2046 2521 2116 quidem
2548 2045 2898 2114 spiritualiter
2918 2045 3263 2098 commissum
3294 2045 3448 2099 vobis
3473 2058 3717 2111 gregem:

2140 2147 2316 2190 tamen
2347 2152 2446 2191 nec
2490 2137 2589 2192 ista
2620 2136 2844 2204 potestis
2884 2136 3172 2204 negligere,
3205 2151 3325 2206 quae
3373 2137 3622 2204 corporis
3643 2137 3722 2188 vi-

2139 2228 2333 2283 dentur
2358 2229 2712 2283 substantiam
2736 2230 2888 2300 175
2906 2229 3205 2283 continere.
3237 2228 3369 2282 Nam
3399 2230 3542 2283 sicut
3563 2229 3723 2284 homo

2141 2330 2353 2377 constat
2377 2337 2442 2376 ex
2473 2321 2754 2387 dualitate,
2786 2322 2857 2375 ita
2887 2320 3013 2374 boui
3043 2320 3214 2389 patris
3261 2329 3344 2374 est
3374 2330 3606 2388 utraque
3643 2336 3726 2375 re-

2144 2414 2345 2465 l'ovcre.
2395 2411 2629 2465 Primum
2669 2411 2947 2479 penuriam
2998 2411 3276 2478 temporis,
3318 2425 3482 2480 quam
3535 2410 3725 2465 delicta

2144 2512 2542 2571 promerentur,
2575 2502 2910 2554 orationibus
2957 2501 3160 2554 sanctis
3200 2510 3469 2554 amovete.
3512 2500 3570 2556 Si
3606 2501 3727 2569 quid

2146 2604 2322 2647 tamen
2356 2594 2521 2661 (quod
2552 2594 2711 2657 absit)
2762 2592 3048 2656 acciderit,
3095 2602 3224 2646 tunc
3255 2593 3395 2646 bene
3442 2592 3729 2647 necessitas

2146 2685 2468 2748 excluditur,
2507 2685 2723 2755 quando
2754 2694 2942 2739 contra
2974 2700 3095 2739 eam
3127 2685 3228 2738 sub
3259 2685 3508 2739 ubertate
3538 2683 3661 2755 [Gn
3683 2694 3729 2738 et

2149 2775 2289 2837 Con,
2314 2775 2574 2842 veritate;
2607 2776 2726 2829 Jur.
2755 2785 2901 2846 putat
2938 2775 3208 2847 legendum
3231 2774 3504 2844 libertate]
3537 2785 3729 2830 tracta-

2149 2874 2256 2919 tur.
2295 2865 2510 2920 Monete
2552 2883 2638 2921 me
2681 2883 2802 2936 qua:
2855 2876 2982 2920 sunt
3018 2867 3252 2934 gerenda
3299 2866 3549 2921 sollicite.
3592 2865 3732 2921 Bene

2150 2972 2308 3025 agere
2335 2959 2420 3012 vel
2445 2967 2726 3027 correptus
2748 2968 2969 3028 exopto.
3003 2959 3127 3029 quia
3157 2957 3424 3014 diﬂicilius
3451 2969 3598 3015 errat
3623 2962 3734 3017 ovis

2151 3066 2270 3118 qua:
2299 3066 2459 3104 voces
2490 3050 2761 3104 desiderat
2792 3049 2979 3103 audire
3006 3049 3269 3118 pastoris;
3312 3064 3412 3103 uec
3441 3048 3600 3104 facile
3625 3048 3734 3103 effi-

2153 3143 2292 3195 citur
2319 3143 2564 3208 vitiosus,
2597 3144 2680 3197 cui
2729 3141 3036 3195 admonitor
3065 3141 3263 3196 insistit
3309 3141 3578 3196 assiduus.
3611 3141 3734 3196 Sun

459 3219 595 3275 Ρειίι
621 3230 678 3274 ιιι
713 3217 1037 3301 οταιίοηίίζεη
1083 3216 1218 3301 εῙὲεεν
1259 3215 1720 3301 αάνῖξοηίζίοηίῧηεν
1762 3217 2046 3286 σοντερτίοο
2077 3238 2122 3301 C
2155 3229 2372 3300 quidem
2407 3233 2573 3298 judex
2621 3230 2911 3299 palatinos,
2967 3231 3061 3285 sed
3112 3239 3295 3286 vester
3341 3247 3448 3286 non
3500 3234 3735 3287 desinam

920 3287 1071 3342 nibus
1101 3288 1256 3340 etiam
1289 3287 1582 3356 adjuvetur.

523 3401 942 3474 Supplicandum
969 3399 1122 3456 vobis
1143 3407 1246 3462 est,
1277 3399 1589 3454 beatissime
1617 3407 1790 3469 pater,
1824 3408 1883 3454 ut
1912 3400 2045 3454 laeti-

458 3493 590 3552 tiam
626 3508 787 3561 quam
819 3507 915 3561 per
943 3506 1041 3546 vos
1067 3490 1202 3558 (Deo
1240 3489 1523 3562 largiente)
1565 3492 1925 3561 percepimus,
1952 3508 2047 3546 cu-

457 3585 650 3640 stodiri
705 3584 860 3638 nobis
909 3585 1104 3638 vestris
1157 3584 1495 3638 orationibus
1553 3586 1867 3641 sentiamus.
1923 3587 2053 3653 Quis

456 3676 602 3730 enim
630 3673 838 3728 dubitet
875 3675 1289 3744 prosperitatetn
1337 3684 1576 3730 nostram
1606 3678 1800 3731 vestris
1846 3681 2053 3736 meritis

457 3767 856 3838 applicandam,
910 3766 1127 3835 quando
1170 3767 1434 3821 honorem
1482 3768 1849 3838 adipiscimur,
1889 3772 1981 3840 qui
2021 3788 2050 3826 a

461 3865 690 3920 Domino
715 3864 864 3933 diligi
906 3879 1013 3920 non
1057 3881 1365 3930 meremur,
1415 3874 1469 3921 et
1499 3868 1895 3937 permutatione
1943 3867 2053 3921 θαι-

461 3958 582 4015 .caci
611 3958 751 4012 bona
794 3957 1105 4027 recipimus,
1132 3958 1258 4013 dum
1291 3958 1416 4012 talia
1448 3975 1554 4013 non
1579 3961 1838 4025 agamus?
1869 3959 2058 4013 Eccle-

459 4048 691 4109 siasticis
720 4048 980 4117 siquidem
1005 4047 1223 4117 jejuniis
1261 4050 1428 4104 fames
1467 4063 1550 4104 est
1579 4051 1796 4106 exclusa
1827 4051 2054 4120 popula-

461 4142 566 4205 ris,
588 4141 803 4196 decoris
847 4141 1098 4213 lacrymis
1131 4142 1347 4197 tristitia
1391 4143 1530 4198 foeda
1570 4144 1841 4207 discessit,
1876 4154 1930 4199 et
1959 4159 2058 4213 per

461 4241 679 4294 sanctos
709 4233 855 4287 viros
879 4233 1237 4288 acceleratum
1269 4245 1374 4303 est,
1414 4251 1485 4290 ne
1526 4237 1829 4290 traheretur
1857 4237 2058 4292 diutius

464 4325 609 4398 quod
631 4327 909 4395 gravabat.
945 4325 1012 4380 Et
1041 4327 1161 4382 ideo
1189 4328 1433 4384 salutans
1477 4328 1814 4384 ofliciositate
1841 4348 1947 4401 qua
1974 4333 2058 4385 di-

467 4432 630 4488 gnum
679 4428 779 4485 est,
812 4436 1007 4490 precor
1051 4429 1109 4475 ut
1151 4423 1390 4477 vivacius
1419 4424 1586 4477 oretis
1620 4439 1720 4492 pro
1768 4424 1940 4478 salute
1971 4441 2058 4479 re-

467 4513 780 4577 gnantium;
811 4523 1075 4581 quatenus
1121 4529 1309 4569 eorum
1342 4517 1504 4569 vitam
1535 4516 1770 4570 caelestis
1804 4515 2058 4583 Princeps

2153 3337 2272 3376 esse
2301 3321 2611 3391 discipulus.
2658 3321 2790 3375 Nam
2839 3331 2969 3377 tunc
3011 3323 3112 3377 ista
3145 3332 3292 3378 recte
3329 3325 3586 3392 gerimus,
3638 3325 3682 3378 si
3709 3343 3736 3378 τι

2153 3414 2344 3468 vestris
2386 3415 2586 3482 regulis
2635 3415 2855 3469 minime
2883 3415 3242 3470 discedamus.
3285 3415 3390 3470 Sed
3435 3434 3560 3472 cum
3600 3434 3684 3471 me
3710 3435 3736 3470 a

2154 3508 2306 3561 vobis
2335 3507 2637 3562 desiderem
2668 3515 2723 3561 et
2771 3508 2979 3561 moneri
3008 3509 3267 3572 consiliis,
3309 3518 3364 3562 et
3412 3509 3740 3563 orationibus

2156 3599 2415 3668 adjuvari,
2437 3599 2548 3666 jam
2579 3601 2730 3653 vobis
2777 3609 2858 3653 est
2897 3601 3294 3670 applicandum,
3343 3603 3388 3656 si
3417 3603 3547 3671 quid
3583 3605 3634 3655 in
3664 3620 3741 3657 me

2154 3686 2315 3742 fuerit
2361 3689 2517 3743 aliter
2557 3704 2718 3758 quam
2753 3691 3046 3758 optabatur
3098 3691 3394 3745 inventum.
3449 3692 3622 3747 Sedes
3658 3694 3741 3746 illa

2157 3789 2272 3834 toto
2310 3781 2447 3834 orbe
2477 3780 2736 3834 mirabilis
2765 3779 2790 3817 δ
2823 3781 3073 3849 proprios
3095 3790 3241 3849 tegat
3267 3782 3552 3836 affectione
3574 3785 3742 3837 culto-

2156 3889 2270 3936 res;
2315 3889 2433 3944 quze
2463 3873 2587 3928 licet
2634 3873 2902 3940 generalis
2949 3873 3150 3928 numdo
3195 3873 3265 3927 sit
3292 3876 3552 3943 pnestita,
3597 3878 3743 3930 vobis

2157 3963 2320 4016 etiam
2367 3962 2712 4029 cognoscitur
2758 3971 2812 4015 et
2860 3962 3106 4016 localiter
3151 3963 3430 4018 attributa.
3479 3962 3744 4020 Tenemus

2157 4051 2356 4119 aliquid
2380 4060 2689 4105 sanctorum
2719 4052 3088 4120 apostolorum
3115 4054 3416 4121 proprium,
3447 4055 3491 4109 si
3518 4057 3746 4124 peccatis

2156 4143 2516 4196 diVitlt‘ﬂlibUS
2558 4158 2665 4196 non
2713 4141 2970 4196 reddatur
3035 4142 3268 4197 alienum
3295 4184 3310 4208 ,
3358 4144 3576 4214 quando
3618 4161 3746 4200 cou-

2159 4235 2419 4289 fessiones
2442 4234 2557 4287 illas
2575 4245 2623 4300 ε,
2640 4249 2772 4302 quas
2792 4234 2974 4287 videre
2995 4235 3320 4290 universitas
3341 4238 3564 4306 appetit,
3583 4236 3746 4290 Roma

2163 4327 2371 4380 felicior
2402 4328 2453 4379 in
2487 4327 2598 4380 suis
2639 4325 2844 4379 sinibus
2884 4326 3016 4397 [cd.,
3063 4325 3280 4397 finibus]
3311 4327 3512 4381 habere
3541 4343 3749 4398 prome-

2160 4421 2288 4474 ruit.
2332 4419 2410 4472 Nil
2459 4433 2587 4486 ergo
2642 4419 2892 4472 timemus
2941 4419 3134 4473 talibus
3174 4419 3439 4488 patronis,
3491 4420 3537 4474 si
3580 4421 3749 4474 oratio

2164 4529 2272 4566 non
2304 4513 2531 4566 desistat
2577 4511 2852 4564 antistitis.
2905 4510 3141 4565 Arduum
3190 4521 3271 4564 est
3301 4513 3519 4580 quidem
3557 4515 3750 4566 inulto-

470 4597 632 4657 faciat
677 4613 795 4654 esse
845 4602 1162 4671 longtevam,
1223 4604 1477 4657 Rornanze
1526 4605 1834 4673 reipublicze
1880 4606 2063 4658 hostes
2095 4608 2136 4663 ί)
2167 4619 2283 4657 rum
2313 4603 2592 4657 desideriis
2619 4601 2951 4665 satisfacere,
2975 4601 3070 4655 sed
3100 4604 3247 4655 novit
3275 4602 3536 4657 Divinitas
3565 4619 3750 4671 magna

471 4687 775 4752 imminuat,
837 4701 1077 4762 tempora
1136 4697 1420 4765 tranquilla
1473 4698 1738 4751 concedat
1789 4716 1800 4750 :
1844 4698 2059 4763 deinde,

470 4780 614 4850 quod
659 4790 818 4868 orqat
866 4799 1074 4854 pacem,
1129 4787 1485 4841 necessariam
1540 4789 1693 4843 nobis
1732 4791 1944 4858 copiam
1995 4789 2062 4842 de

473 4873 815 4932 abundantia!
847 4890 955 4927 sum
995 4877 1202 4931 horreis
1233 4879 1488 4944 largiatur
1521 4896 1533 4930 :
1571 4881 1810 4948 mihique
1842 4880 1950 4933 filio
1977 4895 2064 4933 ve-

472 4976 587 5022 εει-ο
616 4965 983 5034 intelligentiae
1018 4982 1206 5021 sensus
1235 4969 1474 5036 aperiat:
1524 4980 1582 5023 ut
1608 4985 1729 5039 quae
1758 4985 1885 5025 vere
1934 4979 2063 5024 sunt

547 5261 573 5288 ⁸
623 5250 820 5305 Deinde
871 5251 1101 5306 retinetis
1147 5252 1507 5323 fecundissimi
1557 5252 1895 5323 Symmachi,
1953 5260 2057 5323 etc.

477 5321 601 5395 Περ
631 5323 794 5395 verba
834 5339 940 5395 non
985 5321 1200 5377 exstant
1248 5324 1300 5377 in
1349 5324 1498 5378 libris
1541 5321 1722 5390 Quinti
1750 5322 2064 5395 Symmachi

478 5392 636 5446 hodie
665 5392 841 5446 editis.
873 5391 991 5446 Jun.

548 5462 575 5499 δ
602 5461 824 5534 Romam
854 5464 1119 5532 intelligit,
1143 5479 1302 5532 quam
1332 5466 1506 5534 legum
1531 5465 1886 5526 domicilium,
1915 5479 2065 5534 gym-

477 5533 684 5602 nasium
741 5530 1069 5597 litteraruni,
1134 5530 1335 5588 curiam
1389 5530 1744 5602 dignitatum),
1811 5530 2070 5587 verticem

477 5601 694 5666 mundi,
738 5612 793 5658 et
821 5604 1048 5671 patriam
1077 5604 1338 5658 libertatis
1367 5601 1619 5659 Sidonius
1644 5605 1898 5672 appellat.
1942 5602 2070 5655 Hie-

479 5687 736 5744 ronymus
765 5674 1009 5744 etiamin
1049 5675 1282 5742 quadam
1325 5676 1548 5742 epistola
1583 5675 1810 5728 miratur
1851 5673 2070 5727 Gadita-

483 5742 607 5797 num
630 5743 916 5812 quemdam
953 5742 1057 5796 Titi
1085 5744 1213 5797 Livii
1242 5746 1357 5796 solo
1383 5746 1598 5798 noinine
1621 5754 1674 5796 et
1698 5744 1866 5809 gloria
1893 5746 2074 5812 potius

481 5824 808 5868 Conunolum
851 5811 1033 5875 fuisse,
1084 5830 1244 5882 quam
1279 5814 1534 5868 Romana!
1576 5814 1721 5868 urbis
1763 5811 2071 5883 Splt'tttlm'e,

482 5898 604 5942 cum
629 5882 854 5943 [Ioniam
883 5892 1154 5956 pergeret.
1178 5884 1329 5940 Nunc
1358 5899 1490 5939 vero
1512 5884 1745 5941 nominis
1767 5882 1846 5939 sui
1872 5885 2070 5938 decoc—

2171 4702 2446 4763 przestare.
2479 4692 2591 4761 Ipsa
2627 4693 2872 4746 retundat
2904 4692 3130 4756 invidos,
3168 4694 3282 4760 ipsa
3314 4695 3470 4748 nobis
3493 4694 3655 4748 faciat
3677 4695 3750 4749 ei-

2170 4802 2265 4838 ves
2294 4786 2494 4840 ccelesti
2526 4785 2852 4852 aspiratione
2875 4785 3242 4852 gratissimos;
3269 4794 3325 4840 et
3349 4787 3753 4856 supplicationi.

2169 4879 2268 4932 bus
2297 4880 2489 4930 vestris
2532 4885 2773 4945 tempora
2817 4877 3035 4944 tribuat,
3070 4878 3263 4948 quibus
3297 4893 3535 4948 superna
3587 4879 3750 4946 gratia

2171 4970 2490 5041 prtedicetur
2518 4968 2743 5023 indulta.

2172 5247 2275 5302 trix
2316 5246 2486 5313 jacet,
2535 5243 2774 5311 nihilque
2817 5242 2962 5296 aliud
3013 5249 3097 5295 est
3133 5255 3296 5310 quam
3325 5257 3434 5297 suae
3461 5243 3747 5302 venustatit

2170 5319 2407 5388 pristina:
2436 5331 2686 5385 spurcum
2714 5313 2966 5388 cadaver.
2998 5313 3184 5388 Raoss;

2247 5401 2268 5427 ο
2303 5381 2664 5457 Confessioues
2707 5384 2825 5437 illas
2855 5383 3028 5450 (Petri
3071 5393 3124 5457 et
3163 5382 3364 5457 Pauli).
3396 5381 3756 5457 Confessionis

2176 5461 2393 5512 nomine
2418 5453 2690 5510 vocabant
2736 5463 2946 5522 partem
2989 5454 3226 5508 ecclesim
3261 5453 3347 5507 ubi
3375 5455 3605 5509 conditre
3636 5456 3756 5508 reli-

2177 5531 2314 5596 quie
2364 5541 2650 5595 corporum
2704 5532 3015 5596 sanctorum
3066 5525 3165 5578 sub
3192 5524 3374 5596 altari,
3428 5539 3536 5596 non
3583 5535 3756 5596 autem

2179 5595 2346 5669 ipsam
2390 5599 2649 5669 integram
2681 5595 2987 5669 ecclesiam,
3035 5605 3095 5669 nt
3123 5595 3578 5669 _notat_B_aror_iius
3604 5595 3757 5669 Cont—

2180 5663 2344 5722 ment.
2379 5669 2429 5721 in
2463 5667 2735 5735 Martyrol.
2766 5664 2949 5730 Rom.,
2980 5666 3077 5735 sub
3105 5664 3192 5718 die
3217 5664 3250 5735 β
3275 5663 3422 5719 Julii.
3457 5665 3547 5718 Sic
3571 5666 3761 5734 accipit

2178 5742 2357 5793 claves
2386 5733 2740 5792 confessionis
2787 5735 2958 5790 sancti
3011 5733 3156 5788 Petri
3201 5733 3503 5792 Aimoious,
3560 5733 3754 5791 Hister.

2180 5811 2370 5863 Franc.
2405 5809 2494 5861 lib.
2537 5823 2609 5872 Iv,
2639 5822 2758 5877 cap.
2792 5804 3074 5877 8ίᾷᾼάρθ
3115 5804 3290 5859 locum
3331 5805 3588 5872 Enuodii,
3625 5805 3756 5877 apud

2180 5879 2401 5943 Baron.,
2432 5887 2560 5932 tom.
2593 5876 2682 5944 Vl,
2709 5873 2832 5951 pag.
2866 5874 2988 5930 601.
3020 5873 3214 5930 «luam.
