4006 6448
260 376 375 435 8‘29

833 487 1161 545 EPISTULA
1189 489 1276 545 Ill.

261 597 501 638 DIVERSIS
530 581 638 655 [σά.
659 622 674 649 ,
703 581 992 652 curvansis]
1024 581 1282 661 EHSCOPIS
1336 599 1572 640 summa
1602 601 1848 640 mercc-

834 669 934 707 τυε
959 669 1261 708 ΡΒΛΞΤΟΒΙΟ.

263 765 608 823 Commendat
643 766 920 838 seillorum
953 765 1218 834 precibus;
1266 774 1314 819 et
1341 767 1476 838 petit
1501 776 1558 838 ut
1593 768 1851 838 jejunium

375 855 433 892 ro
461 840 628 891 salute
646 837 934 904 principum
958 845 1008 888 ct
1030 853 1122 904 pro
1148 853 1272 904 pace
1298 836 1575 890 obtinenda
1596 836 1846 892 indicant.

375 856 433 892 ro
461 856 628 891 salute
646 856 934 904 prmcrpum
958 856 1006 888 et
1030 856 1122 904 pro
1148 856 1272 904 pace
1298 856 1575 890 ouunenaa
1596 856 1846 892 matcant.

334 856 472 962 gum
523 925 609 961 eos
658 907 893 959 hortatur
934 913 989 958 ut
1033 906 1155 958 vitia
1205 917 1388 960 cuncta
1429 923 1461 958 α
1503 909 1690 978 populo
1729 925 1853 978 pro-

335 977 423 1030 cui
449 978 750 1030 amandent.

335 1066 711 1137 Corporalium
732 1075 946 1136 patrum
967 1068 1225 1122 naturalis
1245 1084 1362 1124 mos
1381 1077 1490 1134 est,
1521 1070 1588 1124 de
1623 1069 1852 1125 ﬁliorum

261 1160 618 1229 provectione
647 1157 898 1225 gaudere,
937 1157 1062 1211 dum
1093 1174 1279 1213 eorum
1309 1159 1729 1214 institutionibus
1759 1177 1854 1230 ap-

262 1248 504 1318 plicatur
548 1247 803 1318 quidquid
847 1247 1018 1303 laudis
1047 1248 1100 1302 in
1129 1249 1271 1303 clara
1323 1250 1476 1318 prole
1517 1250 1848 1304 conceditur.

261 1335 376 1393 Vos
405 1345 584 1392 autem
614 1337 881 1406 spiritales
919 1347 1192 1407 parentes,
1241 1339 1332 1406 qui
1365 1346 1638 1393 auctorem
1668 1355 1849 1394 rerum

260 1427 567 1481 illuminata
589 1434 770 1482 mente
794 1428 1123 1495 conspicitis,
1153 1443 1252 1496 pro
1278 1443 1363 1481 me
1384 1437 1581 1484 sancta:
1605 1427 1851 1483 Trinitati

261 1518 458 1572 sedqu
485 1516 798 1586 supplicate,
838 1524 899 1570 ut
925 1517 1206 1586 splendere
1236 1518 1344 1570 late
1385 1516 1544 1572 faciat
1573 1519 1625 1572 in
1673 1518 1851 1573 medio

259 1607 503 1678 positum
549 1605 960 1672 candelabrum;
1010 1616 1279 1675 quatenus
1321 1623 1421 1662 nec
1459 1608 1588 1661 mihi
1631 1609 1853 1663 interior

261 1699 406 1753 desit
433 1699 596 1762 visus,
641 1706 696 1752 et
733 1698 800 1752 de
836 1715 921 1752 me
950 1699 1067 1753 aliis
1100 1699 1364 1768 pandatur
1405 1709 1671 1769 aspectus.
1703 1701 1851 1755 Nun-

261 1789 397 1858 quid
429 1789 669 1857 proderit
692 1787 924 1856 judicem
969 1790 1086 1843 aliis
1115 1805 1233 1844 esse
1262 1792 1629 1860 perspicuum,
1676 1793 1720 1846 si
1750 1793 1848 1846 sibi

261 1879 450 1949 potius
503 1878 759 1932 reddatur
797 1879 1091 1934 obscurus?
1140 1879 1462 1948 Dignitatem
1509 1883 1851 1939 conscientiae

260 1969 466 2034 donet,
515 1970 604 2037 qui
637 1969 920 2023 tribunalia
950 1969 1196 2024 conferre
1235 1971 1481 2039 dignatus
1510 1982 1614 2028 est.
1665 1973 1849 2029 Faciat

260 2059 592 2114 inoffensum
616 2058 878 2128 judicem,
914 2075 980 2112 ne
1010 2059 1230 2114 damnet
1266 2069 1556 2116 errantem.
1589 2062 1668 2116 Sit
1699 2054 1858 2119 nobis

177 2154 184 2160 '
262 2151 638 2222 prosperrime
684 2167 952 2219 praesens,
1011 2161 1068 2205 ut
1106 2151 1334 2207 infausta
1389 2155 1511 2208 vitia
1561 2156 1853 2212 reddantur

261 2243 536 2298 absentia.
571 2242 822 2297 Amorem
856 2259 1006 2296 suum
1040 2244 1267 2310 tribuat,
1301 2253 1361 2300 ut
1391 2248 1650 2315 peccandi
1679 2251 1851 2304 ambi—

263 2344 384 2390 tum
444 2335 728 2390 miseratus
775 2336 1044 2391 excludat.
1097 2336 1456 2408 Quapmpter,
1507 2341 1698 2395 anima:
1741 2345 1854 2398 veri

261 2435 542 2497 parentes,
567 2425 854 2480 aﬁ'ectoosa
889 2435 941 2479 et
966 2427 1225 2494 probabili
1259 2430 1517 2497 petitione
1545 2447 1643 2486 vos
1664 2432 1854 2501 depre-

264 2532 384 2577 cor,
416 2523 475 2568 ut
499 2515 921 2584 indictojejonio
952 2517 1179 2571 Domino
1205 2521 1536 2590 snpplicetis,
1570 2523 1660 2590 qui
1689 2524 1852 2578 vitam

263 2607 571 2677 principum
642 2616 948 2660 nostrorum
1024 2607 1236 2662 florenti
1294 2623 1461 2677 regno
1535 2613 1852 2682 protendat,

265 2698 457 2754 hostes
484 2698 792 2768 reipublicm
830 2698 1082 2754 defensor
1124 2701 1436 2766 imminuat,
1483 2701 1647 2757 donet
1675 2707 1854 2772 quieta

267 2799 538 2858 tempora,
581 2797 636 2842 et
672 2786 737 2841 ad
777 2789 985 2842 laudem
1009 2789 1090 2842 sui
1131 2791 1362 2846 nominis
1391 2793 1640 2861 copiosa;
1665 2794 1854 2849 faciat-

265 2894 378 2947 que
397 2893 575 2932 rerum
599 2878 836 2932 omnium
855 2879 1313 2948 tranquillitatem,
1345 2889 1400 2934 et
1421 2881 1552 2953 [alii,
1575 2882 1650 2954 ut]
1669 2900 1752 2939 me
1772 2902 1856 2940 vo-

264 2969 354 3024 bis
369 2970 591 3024 reddere
605 2969 850 3036 dignetur
865 2970 1168 3024 amabilem.
1207 2970 1312 3026 Sed
1329 2987 1436 3040 quo
1453 2971 1660 3027 facilius
1677 2988 1854 3029 vestra

267 3073 490 3128 quoque
518 3059 835 3112 exaudiatur
863 3059 1056 3124 oratio,
1090 3069 1264 3116 estote
1299 3063 1440 3116 circa
1468 3078 1566 3117 eos
1591 3079 1729 3132 quos
1758 3065 1855 3120 de-

267 3151 536 3204 stinamus
552 3149 762 3202 attoniti
785 3149 898 3222 [Αο.
921 3192 934 3216 ,
959 3149 1192 3222 attenti].
1218 3151 1370 3219 Quod
1393 3154 1678 3219 nescimus,
1703 3157 1858 3212 nobis

270 3255 384 3294 non
415 3239 575 3294 debet
602 3241 871 3311 imputari.
918 3243 1084 3298 Actus
1125 3260 1307 3299 eormn
1349 3248 1653 3301 testimonia
1683 3258 1859 3303 vestra
1889 3240 1926 3296 (Ι

266 3340 696 3400 prosequantur;
726 3341 784 3388 ut
805 3341 898 3388 aut
920 3335 1166 3391 laudatus
1185 3332 1432 3405 gratiam,
1463 3349 1556 3393 aut
1576 3351 1859 3397 accusatus

271 3424 418 3492 apud
474 3441 570 3480 vos
619 3426 862 3481 invenire
915 3429 1085 3497 possit
1139 3429 1416 3485 oﬁensam.
1477 3432 1660 3502 Neque
1714 3436 1856 3489 enim

267 3514 427 3568 vobis
451 3515 715 3587 imputare
743 3525 1016 3586 poterunt,
1049 3519 1093 3573 si
1121 3520 1468 3590 delinquunt,
1501 3522 1715 3593 quando
1745 3541 1856 3579 non

265 3603 529 3671 jubentur
556 3608 695 3662 male
715 3608 863 3674 dare,
897 3619 955 3663 ut
984 3626 1265 3681 perperam
1295 3624 1556 3682 cogantur
1583 3616 1855 3685 accipere.

268 3691 543 3765 Orpbanis
563 3698 841 3768 viduisque
866 3709 1053 3755 contra
1079 3719 1251 3758 smvos
1274 3705 1502 3776 impetus
1529 3707 1637 3761 Deo
1664 3708 1856 3778 placita

269 3784 378 3840 led.
398 3829 414 3852 ,
462 3787 662 3842 debent
689 3789 906 3857 placita,
956 3791 1080 3864 elc.]
1123 3804 1373 3863 praestate
1401 3798 1592 3852 solatia
1624 3817 1636 3852 :
1670 3800 1742 3854 ita
1771 3809 1856 3855 ta-

265 3889 420 3937 men,
453 3891 521 3929 ne
553 3877 716 3944 (quod
749 3879 943 3933 accidit
974 3891 996 3917 ι
1030 3898 1127 3951 per
1155 3885 1370 3939 nimiam
1401 3887 1654 3956 pietatem
1684 3891 1700 3958 )
1731 3890 1856 3945 dum

266 3965 484 4020 miseris
522 3967 807 4022 subvenire
833 3971 1085 4037 quzcritis,
1129 3973 1303 4028 locum
1337 3976 1540 4044 legibus
1579 3977 1853 4036 auferatis.

265 4055 405 4109 Nam
435 4058 479 4111 si
508 4060 707 4128 aliquid
757 4060 978 4116 offendit
1024 4061 1161 4119 forte
1203 4066 1531 4136 districtum,
1579 4071 1703 4125 talia
1734 4072 1858 4127 date

265 4149 480 4202 cunctis
535 4152 755 4217 monita,
810 4161 868 4206 ut
916 4152 1037 4222 jura
1094 4157 1309 4224 possitis
1364 4160 1588 4214 reddere
1645 4160 1854 4217 feriata.

266 4237 574 4307 Excludite,
609 4245 958 4310 sanctissimi,
991 4248 1134 4300 inter
1173 4248 1476 4304 immundos
1506 4253 1728 4320 spiritus
1759 4254 1856 4306 im-

265 4330 564 4400 placabiles
611 4334 860 4388 vitiorum
910 4335 1142 4401 furores,
1191 4339 1504 4393 violentiam
1539 4351 1854 4410 temperate,

266 4422 553 4475 avaritiam
584 4423 860 4493 depellite,
892 4423 1030 4480 furta
1068 4436 1361 4491 removete,
1396 4428 1855 4498 depopulatrieem

265 4510 487 4577 immani
517 4515 727 4580 generis
754 4514 1014 4568 luxuriam
1046 4533 1075 4569 a
1105 4525 1288 4571 vestro
1314 4519 1513 4587 populo
1550 4529 1849 4587 segregate.

265 4603 359 4660 Sic
391 4614 664 4660 auctorem
710 4607 1005 4676 iniquitatis
1044 4607 1337 4664 efﬁcaciter
1371 4611 1604 4674 vincitis,
1657 4612 1697 4664 si
1739 4612 1856 4680 ejus
1885 4613 1936 4671 D

265 4697 646 4766 persuasiones
674 4697 740 4751 de
771 4698 1015 4752 humanis
1044 4700 1296 4756 cordibus
1327 4701 1600 4756 auferatis.
1631 4701 1855 4772 Episco-

265 4803 371 4856 pus
399 4788 616 4849 doceat,
663 4787 917 4856 ncjudex
971 4791 1140 4858 possit
1170 4791 1410 4846 invenire
1455 4791 1598 4860 quod
1647 4794 1852 4863 puniat.

267 4878 680 4933 Administratio
725 4880 876 4933 vobis
923 4880 1242 4938 innocentia}
1291 4881 1414 4937 data
1464 4892 1566 4939 est.
1625 4885 1757 4939 Nam
1809 4887 1854 4941 si

267 4969 578 5036 praedicatio
602 4977 776 5023 vestra
800 4986 905 5024 non
930 4971 1160 5042 desinat,
1193 4989 1412 5028 necesse
1437 4984 1519 5029 est
1542 4986 1598 5030 ut
1624 4978 1854 5044 prenalis

267 5059 411 5113 actio
442 5061 805 5130 conquiescat.
837 5059 903 5115 Et
933 5063 1052 5117 ideo
1082 5063 1393 5132 dignitatem
1417 5083 1590 5120 meam
1623 5068 1672 5120 in
1702 5069 1848 5122 onmi

268 5151 421 5203 vobis
453 5159 606 5221 parte
635 5153 978 5218 commendo,
1022 5164 1288 5221 quatenus
1317 5166 1469 5212 actus
1497 5159 1662 5212 nostri
1696 5175 1852 5214 sanc—

269 5247 445 5294 torum
475 5243 810 5298 orationibus
837 5243 1300 5314 adjuventur,-qui
1333 5248 1510 5301 minus
1540 5249 1591 5301 in
1625 5250 1856 5303 humana

271 5340 536 5398 potestate
567 5334 960 5401 przesumimus.
992 5333 1350 5390 Familiariter
1389 5339 1548 5392 etiam
1581 5339 1706 5393 mihi
1735 5356 1859 5394 sua-

269 5421 390 5478 dete
417 5423 562 5492 quod
586 5421 790 5491 justum
839 5432 940 5480 est.
994 5424 1112 5480 Non
1152 5441 1272 5482 sum
1318 5428 1545 5484 callidus
1580 5429 1858 5498 abjurator

341 5587 369 5651 ξι
403 5580 507 5634 Per
528 5583 745 5636 nimiam
767 5583 1028 5651 pietatem.
1051 5584 1166 5639 Hoc
1189 5601 1346 5640 sensu
1375 5596 1617 5645 vetustus
1639 5597 1849 5651 auctor,

269 5649 362 5731 sed
394 5652 646 5731 incertus,
679 5649 863 5709 botuil.
911 5655 974 5707 14
1003 5657 1056 5731 i_n_
1085 5656 1274 5710 Matth.
1321 5673 1442 5731 cap.
1490 5678 1540 5715 vl
1574 5661 1684 5731 (qui
1719 5649 1852 5731 falso

269 5719 429 5785 vulgo
479 5722 728 5776 tribuitur
769 5735 960 5778 saneto
999 5719 1408 5852 Chrysostomol}
1441 5748 1453 5783 :
1489 5719 1852 5785 Misericordia

271 5792 399 5852 tunc
425 5806 552 5845 vera
600 5803 682 5847 est
731 5795 1119 5852 misericordia.
1167 5798 1211 5850 si
1255 5799 1336 5852 sic
1399 5811 1515 5852 acta
1566 5801 1742 5852 fuerit.
1793 5808 1852 5852 ut

269 5792 552 5871 ξυιυς-γεγε
600 5803 682 5847 est
731 5792 1126 5860 misericordia,
1167 5798 1211 5850 si
1255 5799 1336 5853 sic
1379 5792 1515 5855 facta
1566 5801 1742 5862 fuerit,
1793 5808 1853 5852 ut

256 5865 474 5926 )ustitia
517 5877 615 5937 per
653 5878 772 5920 eam
815 5880 922 5923 non
967 5876 1378 5939 contemnatur;
1420 5871 1464 5928 si
1503 5881 1680 5932 autem
1721 5885 1852 5925 con-

1539 374 1898 431 "ARIABUM
1940 377 2139 432 LIBER
2170 375 2256 432 XI.

1877 495 1926 552 Α
1954 488 2081 562 [cd.,
2128 489 2431 559 adjurator;
2475 489 2604 555 Ms.,
2653 486 3000 562 arbitrator];
3043 485 3184 560 quod
3215 487 3540 558 generaliter

3431 375 3535 431 833

1955 583 2146 648 debeo,
2197 583 2471 638 incoactus
2498 583 2740 636 exsolvo.
2790 583 3046 652 Rependo
3075 582 3236 637 etiam
3265 579 3538 634 sanctitati

1952 683 2146 729 vestrae
2175 675 2486 730 honoriﬁca:
2516 675 2855 730 salutationis
2900 674 3166 741 oﬂicium,
3221 683 3535 740 textumque

1953 767 2197 836 epistola:
2227 766 2521 822 aﬁ'ectuoso
2553 767 2658 821 ﬁne
2702 767 2992 834 concludo,
3039 775 3100 822 ut
3137 767 3190 822 in
3229 775 3410 821 mente
3435 779 3535 819 ve-

1953 867 2063 912 stra
2119 859 2359 914 dulciora
2409 868 2756 927 remaneant,
2806 861 2931 928 quia
2977 861 3117 916 bene
3170 860 3272 914 sibi
3329 860 3536 914 animus

1953 951 2252 1020 posteriora
2281 951 2644 1006 commendat.

2517 1081 2851 1142 EPISTOLA
2879 1083 2972 1138 Ν.

1951 1189 2208 1231 AIBROSIO
2244 1191 2367 1231 νιιιο
2397 1191 2636 1230 ιιιῠετιιι
2658 1215 2672 1239 ,
2711 1193 2905 1231 AGENTI
2941 1191 3093 1231 VICES
3127 1189 3370 1229 SENATOB
3399 1189 3532 1228 PRB'

2469 1262 2670 1300 FECTUS
2709 1261 3005 1301 PRETOBIO.

1951 1332 2206 1388 Admonet
2245 1343 2302 1388 ut
2347 1336 2568 1406 ofﬁciunt
2613 1335 2712 1388 sibi
2751 1337 3080 1390 commissum
3119 1335 3343 1406 ﬁdeliter
3389 1349 3534 1388 exse-

2217 1428 2228 1435 ‘
2625 1414 2832 1477 quatur.

2023 1517 2228 1573 Secure
2274 1519 2450 1585 vobis,
2504 1519 2615 1574 Deo
2658 1519 2899 1588 juvante,
2951 1520 3255 1591 opinionem
3300 1527 3536 1573 nostram

1951 1609 2241 1678 credimus,
2291 1610 2442 1678 cujus
2473 1610 2862 1666 conscientiam
2908 1625 3004 1680 per
3032 1625 3317 1664 causarum
3361 1608 3538 1662 varios

1952 1715 2080 1755 usus
2096 1701 2250 1770 longa
2272 1711 2428 1756 astate
2451 1703 2812 1771 probavimus.
2839 1701 2970 1754 Nam
2992 1701 3106 1755 siin
3123 1696 3534 1754 advocationisb

1951 1791 2128 1845 studio
2165 1791 2384 1859 justitizc
2413 1793 2658 1848 claritate
2696 1791 2947 1857 fulsistis;
3003 1793 3158 1862 176
3201 1789 3327 1859 quid
3376 1804 3536 1850 nunc,

1891 1873 1927 1928 Β
1957 1882 2200 1950 provecti
2230 1881 2295 1934 ad
2323 1883 2546 1937 consilia
2578 1891 2785 1948 nostra,
2819 1881 3057 1938 facietis?
3086 1880 3290 1935 Crescit
3310 1879 3452 1932 enim
3483 1877 3541 1932 in

1956 1974 2048 2027 illo
2079 1975 2360 2040 meritmn,
2399 1979 2483 2030 cui
2515 1976 2685 2044 majus
2710 1976 2870 2030 datur
2891 1973 3156 2038 ofﬁcium,
3190 1970 3404 2040 quando
3429 1968 3540 2037 jam

1955 2062 2232 2118 habendus
2263 2073 2346 2117 est
2383 2065 2433 2117 in
2461 2063 2701 2132 judicum
2733 2073 2969 2133 partem,
3009 2061 3100 2133 qui
3132 2061 3328 2115 meruit
3357 2047 3542 2113 aulicis

1956 2155 2312 2222 potestatibus
2341 2157 2598 2210 assidere.
2629 2154 2900 2208 Oroentur
2928 2168 3056 2222 ergo
3083 2153 3356 2216 subsellia,
3391 2150 3544 2218 cujus

1957 2259 2052 2298 ore
2101 2243 2217 2298 fora
2269 2255 2578 2300 tonuerunt.
2630 2246 2837 2300 Absens
2887 2245 3098 2299 adhzcre
3143 2253 3328 2298 nostro
3368 2240 3546 2304 lateri,

1957 2335 2153 2404 plenioa
2171 2352 2255 2389 em
2278 2337 2488 2391 laudem
2515 2337 2636 2391 inde
2657 2351 2984 2408 sumpturus,
3010 2337 3135 2405 quia
3159 2336 3424 2404 integrum
3453 2333 3545 2387 tibi

1958 2428 2295 2495 reputabitur
2314 2428 2455 2497 quod
2481 2429 2619 2484 bene
2641 2428 2976 2485 ordinaveris
2993 2429 3160 2484 solus.
3193 2426 3342 2482 Hanc
3365 2441 3545 2482 coram

1966 2516 2173 2583 positus
2229 2533 2436 2572 mecum
2490 2534 2673 2572 curam
2723 2519 3130 2589 participaveris
3178 2527 3232 2572 et
3275 2517 3544 2585 gloriam:

1960 2621 2102 2660 nunc
2151 2616 2330 2661 autem
2380 2607 2474 2660 tibi
2520 2617 2725 2662 tantum
2769 2611 3012 2678 cogimur
3054 2608 3251 2662 debere
3290 2605 3546 2676 quidquid

1960 2693 2082 2748 inde
2132 2697 2453 2763 (prmstante
2493 2695 2638 2766 Deo)
2683 2697 2853 2750 laudis
2897 2697 3232 2766 potuerimus
3280 2695 3546 2763 accipere.

1959 2784 2300 2856 Quapropter
2330 2785 2565 2842 ofﬁcium
2609 2790 2703 2842 tibi
2733 2791 3024 2844 observare.
3069 2805 3354 2845 censemus
3402 2789 3545 2858 quod

1961 2880 2158 2933 nostris
2179 2879 2509 2948 jussionibns
2539 2881 2903 2946 obseeundat;
2937 2883 3220 2954 praeceptis
3249 2883 3410 2936 etiam
3444 2881 3548 2936 tuis

1961 2987 2059 3040 pro
2087 2972 2314 3040 publicis
2360 2973 2680 3027 utilitatibus
2706 2973 3000 3043 justissime
3029 2975 3321 3042 designatis
3363 2973 3552 3041 prateiu

1960 3063 2134 3133 pimus
2163 3063 2403 3127 obediri,
2438 3074 2701 3136 quatenus
2731 3075 2785 3121 et
2823 3067 2916 3120 tibi
2965 3067 3036 3120 sit
3064 3082 3162 3136 pro
3193 3065 3407 3134 publica
3440 3065 3536 3118 uti-

1964 3153 2115 3209 litate
2168 3155 2416 3210 mittendi
2473 3156 2686 3223 ﬁducia,
2745 3165 2802 3212 ct
2850 3157 3026 3211 nullus
3073 3165 3126 3211 te
3172 3155 3548 3210 contemnendi

1963 3256 2139 3300 sumat
2166 3247 2462 3302 audaciam.
2497 3248 2552 3302 Si
2581 3263 2717 3316 quos
2763 3249 2924 3302 etiam
2960 3247 3362 3313 lidejussoribus
3388 3261 3542 3300 com-

1961 3337 2174 3390 mittere
2192 3338 2550 3392 necessarium
2566 3338 2936 3405 :cstimaveris,
2960 3335 3296 3392 conﬁdenter
3314 3349 3550 3400 assume,

1959 3431 2083 3499 quia
2115 3431 2239 3484 illud
2272 3432 2439 3499 magis
2470 3432 2710 3486 relevare
2737 3439 2916 3501 potest
2935 3431 3171 3484 animum
3201 3438 3467 3492 nostrum,
3497 3427 3547 3484 si

1959 3525 2156 3594 aliquid
2205 3541 2301 3594 per
2352 3542 2448 3579 vos
2493 3541 2882 3594 cognoscamus
2925 3524 3220 3594 impletum.
3283 3521 3542 3581 Praesenti

1961 3619 2106 3672 enim
2131 3618 2245 3671 sola
2267 3619 2430 3672 verba
2463 3629 2777 3686 pnestares,
2812 3633 2955 3672 nunc
2991 3627 3169 3671 autem
3203 3614 3341 3670 facta
3373 3614 3550 3683 potius

1959 3707 2223 3763 debentur
2250 3709 2476 3764 absenti.
2509 3707 2806 3762 Consilium
2851 3709 3048 3778 quippe
3095 3717 3252 3761 tanta:
3293 3706 3436 3762 sedis
3475 3705 3549 3762 il-

1959 3814 2089 3868 gens
2116 3809 2198 3855 est
2218 3799 2573 3870 proculdubio
2598 3799 2739 3854 fama
2768 3800 3103 3854 meritorum.
3131 3798 3237 3852 Sed
3269 3795 3552 3852 considera

1958 3891 2086 3962 quid
2132 3891 2378 3960 exigatur
2430 3892 2515 3946 cui
2563 3891 2670 3944 tale
2721 3906 2915 3943 nomen
2970 3887 3287 3955 imponitur.
3374 3884 3554 3938 Labor

1959 3991 2139 4035 vester
2176 3990 2429 4052 procuret
2469 3982 2597 4035 mihi
2646 3981 2884 4035 omnium
2928 3980 3184 4048 quietem.
3230 3975 3391 4029 Scitis
3432 3991 3552 4044 qua)

1959 4073 2132 4140 turpia
2163 4073 2434 4139 neglectus
2465 4071 2722 4125 intulerit.
2749 4069 3014 4138 Scopulus
3045 4067 3292 4121 vitandus
3315 4075 3424 4128 est,
3457 4065 3548 4125 ubi

1959 4161 2098 4215 alter
2120 4161 2360 4214 offendit.
2395 4161 2499 4213 Sed
2527 4161 2629 4214 hoc
2653 4176 2748 4213 vos
2777 4174 3000 4212 mouere
3026 4173 3143 4210 mea
3174 4157 3351 4226 potius
3376 4155 3552 4210 curio-

1957 4252 2087 4305 sitas
2117 4266 2274 4318 quam
2304 4251 2467 4303 vestri
2512 4247 2806 4303 difﬁdentia
2857 4247 3004 4302 facit.
3058 4246 3190 4300 Nam
3239 4247 3420 4305 omnia
3451 4259 3550 4302 vos

1959 4343 2047 4395 illa
2078 4357 2237 4409 agere
2267 4340 2551 4406 credimus,
2582 4356 2702 4412 qua:
2741 4339 2984 4409 (juvante
3013 4336 3146 4410 Deo)
3179 4337 3330 4392 fama:
3358 4345 3554 4400 nostra;

1959 4441 2013 4486 et
2042 4432 2344 4503 reipublicze
2371 4430 2516 4486 utilia
2549 4446 2666 4485 esse.
2689 4431 3011 4499 judicamus.

2537 4563 2870 4619 EPISTOLA
2899 4564 2963 4618 V.

1961 4671 2216 4710 AMBROSIO
2256 4670 2379 4708 νηιο
2410 4670 2682 4716 ιιιυετιιι,
2716 4671 2862 4707 νιειεε
2892 4670 3086 4710 ΑΟΕΝΤΙ
3131 4671 3370 4710 εΕΝΑτοιι
3407 4671 3553 4710 ΡΜὴ

2479 4741 2680 4779 FECTUS
2711 4741 2822 4778 1³ηῶ
2835 4741 3012 4779 ΪΟΙὶΙΟ.

1964 4815 2220 4869 Hortatur
2246 4823 2302 4868 ut
2346 4818 2535 4887 populo
2559 4817 2798 4899 Romano
2827 4820 3042 4899 penuria
3071 4817 3331 4872 taboranti
3375 4833 3554 4886 quant-

2487 4897 2710 4958 primum
2742 4897 3032 4942 succurrat.

2026 4978 2269 5033 Gauzlere
2299 4995 2396 5034 vos
2426 4980 2639 5049 quidem
2685 4981 2736 5034 in
2766 4982 2845 5034 eis
2873 4981 3038 5036 credo
3081 4995 3204 5049 qua)
3233 4977 3554 5034 cltaritatem

1961 5081 2192 5124 vestram
2222 5081 2442 5138 optasse
2489 5069 2754 5138 dijudico;
2799 5087 2920 5125 nam
2951 5071 3120 5139 ipsius
3149 5068 3554 5138 quodammodo

1955 5181 2046 5219 res
2091 5165 2284 5229 agitur,
2335 5163 2488 5231 cujus
2527 5163 2578 5216 in
2626 5163 2853 5216 alterum
2882 5171 3007 5217 vota
3038 5162 3398 5230 complentur.
3445 5159 3553 5214 Sed

1959 5255 2085 5308 hinc
2129 5254 2366 5321 intelligo
2395 5252 2629 5321 antiqua:
2659 5251 2908 5305 amicitizc
2945 5250 3205 5312 fructum,
3240 5265 3358 5317 qua:
3387 5265 3556 5302 venu-

1959 5353 2100 5397 state
2148 5342 2353 5398 felicior
2399 5351 2513 5407 est,
2568 5344 2620 5397 in
2667 5341 2968 5397 suavissimi
3015 5341 3227 5410 saporis
3275 5356 3556 5395 emanasse

1960 5433 2316 5498 dulcedinem,
2362 5433 2405 5487 si
2444 5433 2592 5503 prius
2637 5433 2894 5487 Romamn
2921 5431 3158 5486 civitatis
3200 5431 3411 5501 copiam
3456 5447 3556 5501 per

1963 5602 2160 5665 tempta
2188 5597 2400 5662 iustitia
2433 5594 2799 5650 misericordia
2830 5595 3164 5665 observetur,
3200 5595 3308 5665 ipsa
3340 5593 3554 5650 miseri-

1959 5663 2141 5742 cordia
2155 5685 2276 5742 ‘non
2309 5675 2391 5721 est
2421 5665 2808 5742 misericordia,
2842 5665 2934 5718 sed
2955 5663 3198 5742 fatuitas.
3221 5663 3430 5742 deum.
3508 5730 3520 5742 ο

2033 5735 2057 5773 δ
2092 5737 2493 5791 Advocatorum
2525 5735 2769 5788 actiones
2796 5752 2916 5790 cum
2949 5735 3222 5801 finiuntur,
3262 5745 3389 5788 tunc
3417 5734 3554 5787 inei-

1960 5804 2113 5927 pinnt
2141 5807 2450 5878 dignitates,
2484 5807 2558 5860 ait
2585 5803 2773 5861 Sidon.
2808 5806 3009 5884 Apoll.,
3042 5806 3133 5864 lib.
3161 5823 3205 5874 ι,
3251 5808 3411 5878 epist.
3459 5803 3548 5862 ll.

1995 5890 2154 5927 unnr.

1995 5890 2154 5932 URET.
