  <div class='ocr_page' id='page_1' title='image "/cluster/home/n/w/nwhite01/storage/ocr_20150623/69/hvd.32044015469349/423.png"; bbox 0 0 4006 6454; ppageno 0'>
   <div class='ocr_carea' id='block_1_1' title="bbox 413 5666 428 5772">
    <p class='ocr_par' dir='ltr' id='par_1_1' title="bbox 413 5666 428 5772">
     <span class='ocr_line' id='line_1_1' title="bbox 413 5666 428 5772; baseline 0 0"><span class='ocrx_word' id='word_1_1' title='bbox 413 5666 428 5772; x_wconf 85' lang='lat' dir='ltr'><strong>l</strong></span> 
     </span>
    </p>
   </div>
   <div class='ocr_carea' id='block_1_2' title="bbox 418 5774 426 5801">
    <p class='ocr_par' dir='ltr' id='par_1_2' title="bbox 418 5774 426 5801">
     <span class='ocr_line' id='line_1_2' title="bbox 418 5774 426 5801; baseline 0 0"><span class='ocrx_word' id='word_1_2' title='bbox 418 5774 426 5801; x_wconf 86' lang='lat' dir='ltr'><strong>l</strong></span> 
     </span>
    </p>
   </div>
   <div class='ocr_carea' id='block_1_3' title="bbox 484 339 581 395">
    <p class='ocr_par' dir='ltr' id='par_1_3' title="bbox 484 339 581 395">
     <span class='ocr_line' id='line_1_3' title="bbox 484 339 581 395; baseline -0.01 0"><span class='ocrx_word' id='word_1_3' title='bbox 484 339 581 395; x_wconf 72' lang='lat' dir='ltr'><strong>83f</strong></span> 
     </span>
    </p>
   </div>
   <div class='ocr_carea' id='block_1_4' title="bbox 1696 334 2505 391">
    <p class='ocr_par' dir='ltr' id='par_1_4' title="bbox 1696 334 2505 391">
     <span class='ocr_line' id='line_1_4' title="bbox 1696 334 2505 391; baseline 0.002 -2"><span class='ocrx_word' id='word_1_4' title='bbox 1696 336 1761 391; x_wconf 84' lang='lat' dir='ltr'><strong>M.</strong></span> <span class='ocrx_word' id='word_1_5' title='bbox 1805 334 2075 391; x_wconf 75' lang='lat' dir='ltr'><strong>AURELII</strong></span> <span class='ocrx_word' id='word_1_6' title='bbox 2116 334 2505 391; x_wconf 78' lang='lat' dir='ltr'><strong>CASSIODORI</strong></span> 
     </span>
    </p>
   </div>
   <div class='ocr_carea' id='block_1_5' title="bbox 3647 341 3753 395">
    <p class='ocr_par' dir='ltr' id='par_1_5' title="bbox 3647 341 3753 395">
     <span class='ocr_line' id='line_1_5' title="bbox 3647 341 3753 395; baseline -0.009 0"><span class='ocrx_word' id='word_1_7' title='bbox 3647 341 3753 395; x_wconf 72' lang='lat'><strong>833</strong></span> 
     </span>
    </p>
   </div>
   <div class='ocr_carea' id='block_1_6' title="bbox 482 449 3753 524">
    <p class='ocr_par' dir='ltr' id='par_1_6' title="bbox 482 449 3753 524">
     <span class='ocr_line' id='line_1_6' title="bbox 482 449 3753 524; baseline 0 -14"><span class='ocrx_word' id='word_1_8' title='bbox 482 474 577 511; x_wconf 82' lang='lat' dir='ltr'><strong>eos</strong></span> <span class='ocrx_word' id='word_1_9' title='bbox 630 473 857 524; x_wconf 89' lang='lat' dir='ltr'><strong>quorum</strong></span> <span class='ocrx_word' id='word_1_10' title='bbox 914 462 1171 522; x_wconf 77' lang='lat' dir='ltr'><strong>interest,</strong></span> <span class='ocrx_word' id='word_1_11' title='bbox 1223 463 1474 521; x_wconf 85' lang='lat' dir='ltr'><strong>tanquam</strong></span> <span class='ocrx_word' id='word_1_12' title='bbox 1541 469 1731 506; x_wconf 90' lang='lat' dir='ltr'><strong>munus</strong></span> <span class='ocrx_word' id='word_1_13' title='bbox 1783 451 2058 514; x_wconf 81' lang='lat' dir='ltr'><strong>eximium,</strong></span> <span class='ocrx_word' id='word_1_14' title='bbox 2092 451 2136 506; x_wconf 86' lang='lat' dir='ltr'><strong>A</strong></span> <span class='ocrx_word' id='word_1_15' title='bbox 2167 458 2223 503; x_wconf 90' lang='lat' dir='ltr'><strong>et</strong></span> <span class='ocrx_word' id='word_1_16' title='bbox 2254 460 2495 520; x_wconf 82' lang='lat' dir='ltr'><strong>tempora</strong></span> <span class='ocrx_word' id='word_1_17' title='bbox 2525 449 2624 506; x_wconf 85' lang='lat' dir='ltr'><strong>sibi</strong></span> <span class='ocrx_word' id='word_1_18' title='bbox 2654 450 2986 516; x_wconf 84' lang='lat' dir='ltr'><strong>custodiant,</strong></span> <span class='ocrx_word' id='word_1_19' title='bbox 3032 454 3120 521; x_wconf 90' lang='lat' dir='ltr'><strong>qui</strong></span> <span class='ocrx_word' id='word_1_20' title='bbox 3146 451 3384 516; x_wconf 76' lang='lat' dir='ltr'><strong>judicum</strong></span> <span class='ocrx_word' id='word_1_21' title='bbox 3420 451 3753 522; x_wconf 84' lang='lat' dir='ltr'><strong>jussionibus</strong></span> 
     </span>
    </p>
   </div>
   <div class='ocr_carea' id='block_1_7' title="bbox 482 541 2061 616">
    <p class='ocr_par' dir='ltr' id='par_1_7' title="bbox 482 541 2061 616">
     <span class='ocr_line' id='line_1_7' title="bbox 482 541 2061 616; baseline -0.003 -17"><span class='ocrx_word' id='word_1_22' title='bbox 482 547 679 601; x_wconf 94' lang='lat' dir='ltr'><strong>nostris</strong></span> <span class='ocrx_word' id='word_1_23' title='bbox 708 546 954 616; x_wconf 73' lang='lat' dir='ltr'><strong>hospitiis</strong></span> <span class='ocrx_word' id='word_1_24' title='bbox 982 544 1243 600; x_wconf 72' lang='lat' dir='ltr'><strong>offeratis.</strong></span> <span class='ocrx_word' id='word_1_25' title='bbox 1291 544 1416 599; x_wconf 86' lang='lat' dir='ltr'><strong>Ideo</strong></span> <span class='ocrx_word' id='word_1_26' title='bbox 1443 543 1585 597; x_wconf 83' lang='lat' dir='ltr'><strong>enim</strong></span> <span class='ocrx_word' id='word_1_27' title='bbox 1617 541 2061 612; x_wconf 80' lang='lat' dir='ltr'><strong>peregrinationis</strong></span> 
     </span>
    </p>
   </div>
   <div class='ocr_carea' id='block_1_8' title="bbox 481 633 2058 706">
    <p class='ocr_par' dir='ltr' id='par_1_8' title="bbox 481 633 2058 706">
     <span class='ocr_line' id='line_1_8' title="bbox 481 633 2058 706; baseline -0.003 -17"><span class='ocrx_word' id='word_1_28' title='bbox 481 634 843 700; x_wconf 85' lang='lat' dir='ltr'><strong>incommoda,</strong></span> <span class='ocrx_word' id='word_1_29' title='bbox 871 636 992 691; x_wconf 83' lang='lat' dir='ltr'><strong>ideo</strong></span> <span class='ocrx_word' id='word_1_30' title='bbox 1016 646 1335 706; x_wconf 89' lang='lat' dir='ltr'><strong>totangusta</strong></span> <span class='ocrx_word' id='word_1_31' title='bbox 1359 635 1700 703; x_wconf 77' lang='lat' dir='ltr'><strong>cogitationis</strong></span> <span class='ocrx_word' id='word_1_32' title='bbox 1722 633 2058 694; x_wconf 86' lang='lat' dir='ltr'><strong>intravimus,</strong></span> 
     </span>
    </p>
   </div>
   <div class='ocr_carea' id='block_1_9' title="bbox 478 726 2057 797">
    <p class='ocr_par' dir='ltr' id='par_1_9' title="bbox 478 726 2057 797">
     <span class='ocr_line' id='line_1_9' title="bbox 478 726 2057 797; baseline -0.001 -19"><span class='ocrx_word' id='word_1_33' title='bbox 478 734 537 779; x_wconf 90' lang='lat' dir='ltr'><strong>ut</strong></span> <span class='ocrx_word' id='word_1_34' title='bbox 587 727 815 795; x_wconf 91' lang='lat' dir='ltr'><strong>populus</strong></span> <span class='ocrx_word' id='word_1_35' title='bbox 864 728 973 789; x_wconf 88' lang='lat' dir='ltr'><strong>ille,</strong></span> <span class='ocrx_word' id='word_1_36' title='bbox 1026 728 1261 797; x_wconf 85' lang='lat' dir='ltr'><strong>antiquis</strong></span> <span class='ocrx_word' id='word_1_37' title='bbox 1308 726 1757 780; x_wconf 82' lang='lat' dir='ltr'><strong>delectationibus</strong></span> <span class='ocrx_word' id='word_1_38' title='bbox 1794 732 2057 786; x_wconf 88' lang='lat' dir='ltr'><strong>assuetus,</strong></span> 
     </span>
    </p>
   </div>
   <div class='ocr_carea' id='block_1_10' title="bbox 477 814 2063 885">
    <p class='ocr_par' dir='ltr' id='par_1_10' title="bbox 477 814 2063 885">
     <span class='ocr_line' id='line_1_10' title="bbox 477 814 2063 885; baseline -0.001 -16"><span class='ocrx_word' id='word_1_39' title='bbox 477 815 800 871; x_wconf 87' lang='lat' dir='ltr'><strong>beatissimis</strong></span> <span class='ocrx_word' id='word_1_40' title='bbox 824 817 1158 885; x_wconf 89' lang='lat' dir='ltr'><strong>regnantium</strong></span> <span class='ocrx_word' id='word_1_41' title='bbox 1189 816 1517 883; x_wconf 84' lang='lat' dir='ltr'><strong>temporibus</strong></span> <span class='ocrx_word' id='word_1_42' title='bbox 1535 857 1548 880; x_wconf 92' lang='lat'><strong>,</strong></span> <span class='ocrx_word' id='word_1_43' title='bbox 1582 815 1816 883; x_wconf 86' lang='lat' dir='ltr'><strong>explosis</strong></span> <span class='ocrx_word' id='word_1_44' title='bbox 1841 814 2063 868; x_wconf 89' lang='lat' dir='ltr'><strong>necessi-</strong></span> 
     </span>
    </p>
   </div>
   <div class='ocr_carea' id='block_1_11' title="bbox 477 904 2061 975">
    <p class='ocr_par' dir='ltr' id='par_1_11' title="bbox 477 904 2061 975">
     <span class='ocr_line' id='line_1_11' title="bbox 477 904 2061 975; baseline -0.001 -18"><span class='ocrx_word' id='word_1_45' title='bbox 477 905 704 969; x_wconf 89' lang='lat' dir='ltr'><strong>tatibus,</strong></span> <span class='ocrx_word' id='word_1_46' title='bbox 758 906 1081 975; x_wconf 81' lang='lat' dir='ltr'><strong>perfruatur.</strong></span> <span class='ocrx_word' id='word_1_47' title='bbox 1133 905 1325 960; x_wconf 86' lang='lat' dir='ltr'><strong>Procul</strong></span> <span class='ocrx_word' id='word_1_48' title='bbox 1356 906 1495 959; x_wconf 93' lang='lat' dir='ltr'><strong>enim</strong></span> <span class='ocrx_word' id='word_1_49' title='bbox 1526 906 1595 959; x_wconf 91' lang='lat' dir='ltr'><strong>sit</strong></span> <span class='ocrx_word' id='word_1_50' title='bbox 1626 915 1683 959; x_wconf 92' lang='lat' dir='ltr'><strong>ut</strong></span> <span class='ocrx_word' id='word_1_51' title='bbox 1713 904 1889 973; x_wconf 70' lang='lat' dir='ltr'><strong>aliquo</strong></span> <span class='ocrx_word' id='word_1_52' title='bbox 1923 904 2061 958; x_wconf 85' lang='lat' dir='ltr'><strong>illius</strong></span> 
     </span>
    </p>
   </div>
   <div class='ocr_carea' id='block_1_12' title="bbox 476 994 2062 1065">
    <p class='ocr_par' dir='ltr' id='par_1_12' title="bbox 476 994 2062 1065">
     <span class='ocr_line' id='line_1_12' title="bbox 476 994 2062 1065; baseline -0.003 -15"><span class='ocrx_word' id='word_1_53' title='bbox 476 996 710 1050; x_wconf 85' lang='lat' dir='ltr'><strong>civitatis</strong></span> <span class='ocrx_word' id='word_1_54' title='bbox 735 998 1006 1051; x_wconf 89' lang='lat' dir='ltr'><strong>esuriente</strong></span> <span class='ocrx_word' id='word_1_55' title='bbox 1035 997 1312 1050; x_wconf 90' lang='lat' dir='ltr'><strong>satiemur.</strong></span> <span class='ocrx_word' id='word_1_56' title='bbox 1346 994 1561 1049; x_wconf 89' lang='lat' dir='ltr'><strong>Illorum</strong></span> <span class='ocrx_word' id='word_1_57' title='bbox 1593 995 1758 1065; x_wconf 89' lang='lat' dir='ltr'><strong>(quod</strong></span> <span class='ocrx_word' id='word_1_58' title='bbox 1791 994 1947 1064; x_wconf 89' lang='lat' dir='ltr'><strong>absit)</strong></span> <span class='ocrx_word' id='word_1_59' title='bbox 1981 995 2062 1047; x_wconf 84' lang='lat' dir='ltr'><strong>in-</strong></span> 
     </span>
    </p>
   </div>
   <div class='ocr_carea' id='block_1_13' title="bbox 487 1086 2059 1159">
    <p class='ocr_par' dir='ltr' id='par_1_13' title="bbox 487 1086 2059 1159">
     <span class='ocr_line' id='line_1_13' title="bbox 487 1086 2059 1159; baseline 0 -18"><span class='ocrx_word' id='word_1_60' title='bbox 487 1086 732 1153; x_wconf 68' lang='lat' dir='ltr'><strong>ﬁgentia,</strong></span> <span class='ocrx_word' id='word_1_61' title='bbox 776 1097 956 1142; x_wconf 88' lang='lat' dir='ltr'><strong>nostra</strong></span> <span class='ocrx_word' id='word_1_62' title='bbox 986 1088 1208 1159; x_wconf 87' lang='lat' dir='ltr'><strong>penuria</strong></span> <span class='ocrx_word' id='word_1_63' title='bbox 1239 1095 1340 1141; x_wconf 90' lang='lat' dir='ltr'><strong>est.</strong></span> <span class='ocrx_word' id='word_1_64' title='bbox 1385 1088 1522 1153; x_wconf 80' lang='lat' dir='ltr'><strong>Quid</strong></span> <span class='ocrx_word' id='word_1_65' title='bbox 1555 1088 1745 1157; x_wconf 85' lang='lat' dir='ltr'><strong>plura?</strong></span> <span class='ocrx_word' id='word_1_66' title='bbox 1792 1088 1895 1141; x_wconf 65' lang='lat' dir='ltr'><strong>lani</strong></span> <span class='ocrx_word' id='word_1_67' title='bbox 1939 1102 2059 1142; x_wconf 83' lang='lat' dir='ltr'><strong>esse</strong></span> 
     </span>
    </p>
   </div>
   <div class='ocr_carea' id='block_1_14' title="bbox 477 1179 2059 1248">
    <p class='ocr_par' dir='ltr' id='par_1_14' title="bbox 477 1179 2059 1248">
     <span class='ocr_line' id='line_1_14' title="bbox 477 1179 2059 1248; baseline -0.001 -16"><span class='ocrx_word' id='word_1_68' title='bbox 477 1193 586 1232; x_wconf 85' lang='lat' dir='ltr'><strong>non</strong></span> <span class='ocrx_word' id='word_1_69' title='bbox 618 1194 922 1247; x_wconf 81' lang='lat' dir='ltr'><strong>possumus,</strong></span> <span class='ocrx_word' id='word_1_70' title='bbox 971 1180 1072 1233; x_wconf 91' lang='lat' dir='ltr'><strong>nisi</strong></span> <span class='ocrx_word' id='word_1_71' title='bbox 1119 1190 1173 1234; x_wconf 92' lang='lat' dir='ltr'><strong>et</strong></span> <span class='ocrx_word' id='word_1_72' title='bbox 1217 1180 1335 1233; x_wconf 91' lang='lat' dir='ltr'><strong>illos</strong></span> <span class='ocrx_word' id='word_1_73' title='bbox 1377 1179 1671 1248; x_wconf 88' lang='lat' dir='ltr'><strong>gaudentes</strong></span> <span class='ocrx_word' id='word_1_74' title='bbox 1702 1179 2059 1234; x_wconf 84' lang='lat' dir='ltr'><strong>communiter</strong></span> 
     </span>
    </p>
   </div>
   <div class='ocr_carea' id='block_1_15' title="bbox 476 1270 2056 1341">
    <p class='ocr_par' dir='ltr' id='par_1_15' title="bbox 476 1270 2056 1341">
     <span class='ocr_line' id='line_1_15' title="bbox 476 1270 2056 1341; baseline 0 -17"><span class='ocrx_word' id='word_1_75' title='bbox 476 1270 775 1325; x_wconf 79' lang='lat' dir='ltr'><strong>audiamus.</strong></span> <span class='ocrx_word' id='word_1_76' title='bbox 828 1270 1001 1341; x_wconf 81' lang='lat' dir='ltr'><strong>Atque</strong></span> <span class='ocrx_word' id='word_1_77' title='bbox 1050 1271 1168 1325; x_wconf 91' lang='lat' dir='ltr'><strong>ideo</strong></span> <span class='ocrx_word' id='word_1_78' title='bbox 1217 1280 1361 1325; x_wconf 89' lang='lat' dir='ltr'><strong>tanta</strong></span> <span class='ocrx_word' id='word_1_79' title='bbox 1406 1271 1691 1325; x_wconf 73' lang='lat' dir='ltr'><strong>vivacitate</strong></span> <span class='ocrx_word' id='word_1_80' title='bbox 1750 1274 2056 1339; x_wconf 89' lang='lat' dir='ltr'><strong>incorrupta</strong></span> 
     </span>
    </p>
   </div>
   <div class='ocr_carea' id='block_1_16' title="bbox 474 1362 2057 1431">
    <p class='ocr_par' dir='ltr' id='par_1_16' title="bbox 474 1362 2057 1431">
     <span class='ocr_line' id='line_1_16' title="bbox 474 1362 2057 1431; baseline -0.001 -14"><span class='ocrx_word' id='word_1_81' title='bbox 474 1362 684 1431; x_wconf 79' lang='lat' dir='ltr'><strong>species</strong></span> <span class='ocrx_word' id='word_1_82' title='bbox 713 1362 960 1416; x_wconf 79' lang='lat' dir='ltr'><strong>frumenti</strong></span> <span class='ocrx_word' id='word_1_83' title='bbox 998 1372 1370 1430; x_wconf 85' lang='lat' dir='ltr'><strong>congregetur,</strong></span> <span class='ocrx_word' id='word_1_84' title='bbox 1424 1371 1481 1416; x_wconf 93' lang='lat' dir='ltr'><strong>ut</strong></span> <span class='ocrx_word' id='word_1_85' title='bbox 1522 1363 1673 1431; x_wconf 88' lang='lat' dir='ltr'><strong>panis</strong></span> <span class='ocrx_word' id='word_1_86' title='bbox 1706 1363 1829 1416; x_wconf 90' lang='lat' dir='ltr'><strong>inde</strong></span> <span class='ocrx_word' id='word_1_87' title='bbox 1870 1370 2057 1418; x_wconf 89' lang='lat' dir='ltr'><strong>coctus</strong></span> 
     </span>
    </p>
   </div>
   <div class='ocr_carea' id='block_1_17' title="bbox 476 1452 2052 1523">
    <p class='ocr_par' dir='ltr' id='par_1_17' title="bbox 476 1452 2052 1523">
     <span class='ocr_line' id='line_1_17' title="bbox 476 1452 2052 1523; baseline 0 -16"><span class='ocrx_word' id='word_1_88' title='bbox 476 1469 583 1508; x_wconf 90' lang='lat' dir='ltr'><strong>non</strong></span> <span class='ocrx_word' id='word_1_89' title='bbox 613 1454 851 1517; x_wconf 87' lang='lat' dir='ltr'><strong>horrori,</strong></span> <span class='ocrx_word' id='word_1_90' title='bbox 900 1452 993 1507; x_wconf 90' lang='lat' dir='ltr'><strong>sed</strong></span> <span class='ocrx_word' id='word_1_91' title='bbox 1037 1453 1242 1507; x_wconf 88' lang='lat' dir='ltr'><strong>deliciis</strong></span> <span class='ocrx_word' id='word_1_92' title='bbox 1281 1453 1525 1507; x_wconf 87' lang='lat' dir='ltr'><strong>videatur</strong></span> <span class='ocrx_word' id='word_1_93' title='bbox 1569 1469 1688 1507; x_wconf 90' lang='lat' dir='ltr'><strong>esse</strong></span> <span class='ocrx_word' id='word_1_94' title='bbox 1726 1454 2052 1523; x_wconf 87' lang='lat' dir='ltr'><strong>propositus.</strong></span> 
     </span>
    </p>
   </div>
   <div class='ocr_carea' id='block_1_18' title="bbox 478 1544 2051 1616">
    <p class='ocr_par' dir='ltr' id='par_1_18' title="bbox 478 1544 2051 1616">
     <span class='ocr_line' id='line_1_18' title="bbox 478 1544 2051 1616; baseline 0.002 -19"><span class='ocrx_word' id='word_1_95' title='bbox 478 1544 798 1601; x_wconf 88' lang='lat' dir='ltr'><strong>Ponderatio</strong></span> <span class='ocrx_word' id='word_1_96' title='bbox 823 1546 965 1614; x_wconf 84' lang='lat' dir='ltr'><strong>justa</strong></span> <span class='ocrx_word' id='word_1_97' title='bbox 995 1554 1258 1600; x_wconf 85' lang='lat' dir='ltr'><strong>servetur.</strong></span> <span class='ocrx_word' id='word_1_98' title='bbox 1311 1545 1543 1601; x_wconf 90' lang='lat' dir='ltr'><strong>Vincant</strong></span> <span class='ocrx_word' id='word_1_99' title='bbox 1580 1547 1749 1616; x_wconf 73' lang='lat' dir='ltr'><strong>copim</strong></span> <span class='ocrx_word' id='word_1_100' title='bbox 1792 1547 2051 1601; x_wconf 91' lang='lat' dir='ltr'><strong>mentium</strong></span> 
     </span>
    </p>
   </div>
   <div class='ocr_carea' id='block_1_19' title="bbox 473 1636 2052 1708">
    <p class='ocr_par' dir='ltr' id='par_1_19' title="bbox 473 1636 2052 1708">
     <span class='ocr_line' id='line_1_19' title="bbox 473 1636 2052 1708; baseline 0.001 -17"><span class='ocrx_word' id='word_1_101' title='bbox 473 1636 756 1693; x_wconf 88' lang='lat' dir='ltr'><strong>desideria.</strong></span> <span class='ocrx_word' id='word_1_102' title='bbox 814 1638 930 1693; x_wconf 89' lang='lat' dir='ltr'><strong>Non</strong></span> <span class='ocrx_word' id='word_1_103' title='bbox 984 1647 1203 1707; x_wconf 87' lang='lat' dir='ltr'><strong>putatur</strong></span> <span class='ocrx_word' id='word_1_104' title='bbox 1258 1638 1530 1693; x_wconf 84' lang='lat' dir='ltr'><strong>:bundare</strong></span> <span class='ocrx_word' id='word_1_105' title='bbox 1588 1639 1729 1708; x_wconf 92' lang='lat' dir='ltr'><strong>quod</strong></span> <span class='ocrx_word' id='word_1_106' title='bbox 1779 1640 2052 1707; x_wconf 69' lang='lat' dir='ltr'><strong>quaaritur.</strong></span> 
     </span>
    </p>
   </div>
   <div class='ocr_carea' id='block_1_20' title="bbox 472 1729 2048 1799">
    <p class='ocr_par' dir='ltr' id='par_1_20' title="bbox 472 1729 2048 1799">
     <span class='ocr_line' id='line_1_20' title="bbox 472 1729 2048 1799; baseline -0.002 -14"><span class='ocrx_word' id='word_1_107' title='bbox 472 1730 658 1799; x_wconf 77' lang='lat' dir='ltr'><strong>Fugite</strong></span> <span class='ocrx_word' id='word_1_108' title='bbox 702 1730 962 1785; x_wconf 87' lang='lat' dir='ltr'><strong>scelerata</strong></span> <span class='ocrx_word' id='word_1_109' title='bbox 1006 1730 1175 1796; x_wconf 92' lang='lat' dir='ltr'><strong>lucra,</strong></span> <span class='ocrx_word' id='word_1_110' title='bbox 1225 1729 1389 1783; x_wconf 89' lang='lat' dir='ltr'><strong>vitate</strong></span> <span class='ocrx_word' id='word_1_111' title='bbox 1437 1729 1665 1783; x_wconf 90' lang='lat' dir='ltr'><strong>nefanda</strong></span> <span class='ocrx_word' id='word_1_112' title='bbox 1711 1729 2048 1798; x_wconf 90' lang='lat' dir='ltr'><strong>compendia.</strong></span> 
     </span>
    </p>
   </div>
   <div class='ocr_carea' id='block_1_21' title="bbox 2165 543 3754 612">
    <p class='ocr_par' dir='ltr' id='par_1_21' title="bbox 2165 543 3754 612">
     <span class='ocr_line' id='line_1_21' title="bbox 2165 543 3754 612; baseline 0.003 -15"><span class='ocrx_word' id='word_1_113' title='bbox 2165 543 2555 608; x_wconf 85' lang='lat' dir='ltr'><strong>obsecundant,</strong></span> <span class='ocrx_word' id='word_1_114' title='bbox 2593 551 2715 597; x_wconf 85' lang='lat' dir='ltr'><strong>tuus</strong></span> <span class='ocrx_word' id='word_1_115' title='bbox 2745 544 2919 597; x_wconf 89' lang='lat' dir='ltr'><strong>honor</strong></span> <span class='ocrx_word' id='word_1_116' title='bbox 2946 545 3284 612; x_wconf 76' lang='lat' dir='ltr'><strong>cognoscitur</strong></span> <span class='ocrx_word' id='word_1_117' title='bbox 3308 545 3540 600; x_wconf 88' lang='lat' dir='ltr'><strong>solemni</strong></span> <span class='ocrx_word' id='word_1_118' title='bbox 3565 546 3754 603; x_wconf 83' lang='lat' dir='ltr'><strong>ordine</strong></span> 
     </span>
    </p>
   </div>
   <div class='ocr_carea' id='block_1_22' title="bbox 2165 636 3746 709">
    <p class='ocr_par' dir='ltr' id='par_1_22' title="bbox 2165 636 3746 709">
     <span class='ocr_line' id='line_1_22' title="bbox 2165 636 3746 709; baseline 0.004 -22"><span class='ocrx_word' id='word_1_119' title='bbox 2165 649 2271 687; x_wconf 89' lang='lat' dir='ltr'><strong>non</strong></span> <span class='ocrx_word' id='word_1_120' title='bbox 2320 636 2526 698; x_wconf 86' lang='lat' dir='ltr'><strong>teneri,</strong></span> <span class='ocrx_word' id='word_1_121' title='bbox 2576 636 2666 703; x_wconf 88' lang='lat' dir='ltr'><strong>qui</strong></span> <span class='ocrx_word' id='word_1_122' title='bbox 2716 636 2827 690; x_wconf 83' lang='lat' dir='ltr'><strong>suis</strong></span> <span class='ocrx_word' id='word_1_123' title='bbox 2874 636 3191 706; x_wconf 86' lang='lat' dir='ltr'><strong>primatibus</strong></span> <span class='ocrx_word' id='word_1_124' title='bbox 3230 638 3426 692; x_wconf 89' lang='lat' dir='ltr'><strong>meruit</strong></span> <span class='ocrx_word' id='word_1_125' title='bbox 3469 640 3746 709; x_wconf 83' lang='lat' dir='ltr'><strong>anteponi.</strong></span> 
     </span>
    </p>
   </div>
   <div class='ocr_carea' id='block_1_23' title="bbox 2164 724 3749 797">
    <p class='ocr_par' dir='ltr' id='par_1_23' title="bbox 2164 724 3749 797">
     <span class='ocr_line' id='line_1_23' title="bbox 2164 724 3749 797; baseline 0.004 -19"><span class='ocrx_word' id='word_1_126' title='bbox 2164 724 2281 779; x_wconf 88' lang='lat' dir='ltr'><strong>Tibi</strong></span> <span class='ocrx_word' id='word_1_127' title='bbox 2303 728 2443 780; x_wconf 90' lang='lat' dir='ltr'><strong>enim</strong></span> <span class='ocrx_word' id='word_1_128' title='bbox 2466 726 2695 781; x_wconf 89' lang='lat' dir='ltr'><strong>reddunt</strong></span> <span class='ocrx_word' id='word_1_129' title='bbox 2716 727 2998 795; x_wconf 88' lang='lat' dir='ltr'><strong>obsequia,</strong></span> <span class='ocrx_word' id='word_1_130' title='bbox 3023 727 3113 796; x_wconf 88' lang='lat' dir='ltr'><strong>qui</strong></span> <span class='ocrx_word' id='word_1_131' title='bbox 3137 736 3191 781; x_wconf 91' lang='lat' dir='ltr'><strong>te</strong></span> <span class='ocrx_word' id='word_1_132' title='bbox 3212 728 3402 797; x_wconf 74' lang='lat' dir='ltr'><strong>pmire</strong></span> <span class='ocrx_word' id='word_1_133' title='bbox 3423 735 3749 795; x_wconf 85' lang='lat' dir='ltr'><strong>noscuntur;</strong></span> 
     </span>
    </p>
   </div>
   <div class='ocr_carea' id='block_1_24' title="bbox 2162 811 3748 887">
    <p class='ocr_par' dir='ltr' id='par_1_24' title="bbox 2162 811 3748 887">
     <span class='ocr_line' id='line_1_24' title="bbox 2162 811 3748 887; baseline 0.004 -21"><span class='ocrx_word' id='word_1_134' title='bbox 2162 821 2219 866; x_wconf 90' lang='lat' dir='ltr'><strong>et</strong></span> <span class='ocrx_word' id='word_1_135' title='bbox 2254 811 2453 867; x_wconf 71' lang='lat' dir='ltr'><strong>reﬂexa</strong></span> <span class='ocrx_word' id='word_1_136' title='bbox 2483 814 2793 869; x_wconf 89' lang='lat' dir='ltr'><strong>conditione</strong></span> <span class='ocrx_word' id='word_1_137' title='bbox 2817 813 3057 884; x_wconf 79' lang='lat' dir='ltr'><strong>justitiae,</strong></span> <span class='ocrx_word' id='word_1_138' title='bbox 3098 815 3203 872; x_wconf 87' lang='lat' dir='ltr'><strong>illis</strong></span> <span class='ocrx_word' id='word_1_139' title='bbox 3244 817 3576 873; x_wconf 87' lang='lat' dir='ltr'><strong>reverendus</strong></span> <span class='ocrx_word' id='word_1_140' title='bbox 3604 819 3748 887; x_wconf 84' lang='lat' dir='ltr'><strong>aspi-</strong></span> 
     </span>
    </p>
   </div>
   <div class='ocr_carea' id='block_1_25' title="bbox 2162 905 3750 978">
    <p class='ocr_par' dir='ltr' id='par_1_25' title="bbox 2162 905 3750 978">
     <span class='ocr_line' id='line_1_25' title="bbox 2162 905 3750 978; baseline 0.003 -20"><span class='ocrx_word' id='word_1_141' title='bbox 2162 905 2319 969; x_wconf 85' lang='lat' dir='ltr'><strong>ceris,</strong></span> <span class='ocrx_word' id='word_1_142' title='bbox 2346 920 2481 973; x_wconf 89' lang='lat' dir='ltr'><strong>quos</strong></span> <span class='ocrx_word' id='word_1_143' title='bbox 2506 906 2757 975; x_wconf 88' lang='lat' dir='ltr'><strong>subsequi</strong></span> <span class='ocrx_word' id='word_1_144' title='bbox 2788 922 2947 976; x_wconf 89' lang='lat' dir='ltr'><strong>posse</strong></span> <span class='ocrx_word' id='word_1_145' title='bbox 2968 908 3303 961; x_wconf 86' lang='lat' dir='ltr'><strong>monstraris.</strong></span> <span class='ocrx_word' id='word_1_146' title='bbox 3337 908 3487 963; x_wconf 85' lang='lat' dir='ltr'><strong>Hanc</strong></span> <span class='ocrx_word' id='word_1_147' title='bbox 3511 908 3750 978; x_wconf 62' lang='lat' dir='ltr'><strong>inaequa-</strong></span> 
     </span>
    </p>
   </div>
   <div class='ocr_carea' id='block_1_26' title="bbox 2162 996 3749 1067">
    <p class='ocr_par' dir='ltr' id='par_1_26' title="bbox 2162 996 3749 1067">
     <span class='ocr_line' id='line_1_26' title="bbox 2162 996 3749 1067; baseline 0.002 -18"><span class='ocrx_word' id='word_1_148' title='bbox 2162 996 2321 1049; x_wconf 89' lang='lat' dir='ltr'><strong>bilem</strong></span> <span class='ocrx_word' id='word_1_149' title='bbox 2379 997 2721 1065; x_wconf 82' lang='lat' dir='ltr'><strong>:cquitatem,</strong></span> <span class='ocrx_word' id='word_1_150' title='bbox 2794 998 3028 1067; x_wconf 86' lang='lat' dir='ltr'><strong>speciale</strong></span> <span class='ocrx_word' id='word_1_151' title='bbox 3100 996 3406 1060; x_wconf 86' lang='lat' dir='ltr'><strong>decretum,</strong></span> <span class='ocrx_word' id='word_1_152' title='bbox 3479 998 3749 1066; x_wconf 85' lang='lat' dir='ltr'><strong>singulare</strong></span> 
     </span>
    </p>
   </div>
   <div class='ocr_carea' id='block_1_27' title="bbox 2158 1085 3749 1157">
    <p class='ocr_par' dir='ltr' id='par_1_27' title="bbox 2158 1085 3749 1157">
     <span class='ocr_line' id='line_1_27' title="bbox 2158 1085 3749 1157; baseline 0.001 -17"><span class='ocrx_word' id='word_1_153' title='bbox 2158 1085 2477 1140; x_wconf 82' lang='lat' dir='ltr'><strong>beneficium</strong></span> <span class='ocrx_word' id='word_1_154' title='bbox 2498 1087 2595 1140; x_wconf 92' lang='lat' dir='ltr'><strong>sub</strong></span> <span class='ocrx_word' id='word_1_155' title='bbox 2619 1096 2842 1156; x_wconf 89' lang='lat' dir='ltr'><strong>aspectu</strong></span> <span class='ocrx_word' id='word_1_156' title='bbox 2860 1088 3055 1155; x_wconf 89' lang='lat' dir='ltr'><strong>judicis</strong></span> <span class='ocrx_word' id='word_1_157' title='bbox 3079 1088 3226 1154; x_wconf 83' lang='lat' dir='ltr'><strong>agis;</strong></span> <span class='ocrx_word' id='word_1_158' title='bbox 3259 1103 3360 1142; x_wconf 92' lang='lat' dir='ltr'><strong>nec</strong></span> <span class='ocrx_word' id='word_1_159' title='bbox 3382 1096 3563 1157; x_wconf 86' lang='lat' dir='ltr'><strong>potest</strong></span> <span class='ocrx_word' id='word_1_160' title='bbox 3592 1090 3749 1143; x_wconf 84' lang='lat' dir='ltr'><strong>ratio-</strong></span> 
     </span>
    </p>
   </div>
   <div class='ocr_carea' id='block_1_28' title="bbox 2161 1177 3749 1247">
    <p class='ocr_par' dir='ltr' id='par_1_28' title="bbox 2161 1177 3749 1247">
     <span class='ocr_line' id='line_1_28' title="bbox 2161 1177 3749 1247; baseline 0.001 -17"><span class='ocrx_word' id='word_1_161' title='bbox 2161 1177 2411 1231; x_wconf 89' lang='lat' dir='ltr'><strong>nabiliter</strong></span> <span class='ocrx_word' id='word_1_162' title='bbox 2438 1177 2675 1247; x_wconf 88' lang='lat' dir='ltr'><strong>culpari,</strong></span> <span class='ocrx_word' id='word_1_163' title='bbox 2721 1177 2865 1247; x_wconf 88' lang='lat' dir='ltr'><strong>quod</strong></span> <span class='ocrx_word' id='word_1_164' title='bbox 2895 1177 3243 1247; x_wconf 86' lang='lat' dir='ltr'><strong>impugnante</strong></span> <span class='ocrx_word' id='word_1_165' title='bbox 3271 1177 3459 1232; x_wconf 90' lang='lat' dir='ltr'><strong>ordine</strong></span> <span class='ocrx_word' id='word_1_166' title='bbox 3505 1177 3749 1232; x_wconf 86' lang='lat' dir='ltr'><strong>videatur</strong></span> 
     </span>
    </p>
   </div>
   <div class='ocr_carea' id='block_1_29' title="bbox 2160 1266 3743 1337">
    <p class='ocr_par' dir='ltr' id='par_1_29' title="bbox 2160 1266 3743 1337">
     <span class='ocr_line' id='line_1_29' title="bbox 2160 1266 3743 1337; baseline 0 -18"><span class='ocrx_word' id='word_1_167' title='bbox 2160 1269 2379 1323; x_wconf 81' lang='lat' dir='ltr'><strong>assumi.</strong></span> <span class='ocrx_word' id='word_1_168' title='bbox 2411 1268 2596 1322; x_wconf 89' lang='lat' dir='ltr'><strong>Nullus</strong></span> <span class='ocrx_word' id='word_1_169' title='bbox 2628 1269 2721 1322; x_wconf 89' lang='lat' dir='ltr'><strong>tibi</strong></span> <span class='ocrx_word' id='word_1_170' title='bbox 2746 1267 2813 1320; x_wconf 88' lang='lat' dir='ltr'><strong>de</strong></span> <span class='ocrx_word' id='word_1_171' title='bbox 2855 1269 3111 1337; x_wconf 90' lang='lat' dir='ltr'><strong>temporis</strong></span> <span class='ocrx_word' id='word_1_172' title='bbox 3138 1266 3397 1335; x_wconf 83' lang='lat' dir='ltr'><strong>qualitate</strong></span> <span class='ocrx_word' id='word_1_173' title='bbox 3425 1266 3743 1336; x_wconf 67' lang='lat' dir='ltr'><strong>praescribit.</strong></span> 
     </span>
    </p>
   </div>
   <div class='ocr_carea' id='block_1_30' title="bbox 2161 1354 3748 1425">
    <p class='ocr_par' dir='ltr' id='par_1_30' title="bbox 2161 1354 3748 1425">
     <span class='ocr_line' id='line_1_30' title="bbox 2161 1354 3748 1425; baseline -0.003 -16"><span class='ocrx_word' id='word_1_174' title='bbox 2161 1356 2535 1425; x_wconf 85' lang='lat' dir='ltr'><strong>Transgressio</strong></span> <span class='ocrx_word' id='word_1_175' title='bbox 2566 1357 2861 1411; x_wconf 79' lang='lat' dir='ltr'><strong>matricula:</strong></span> <span class='ocrx_word' id='word_1_176' title='bbox 2889 1357 3033 1411; x_wconf 89' lang='lat' dir='ltr'><strong>actio</strong></span> <span class='ocrx_word' id='word_1_177' title='bbox 3060 1364 3151 1409; x_wconf 90' lang='lat' dir='ltr'><strong>tua</strong></span> <span class='ocrx_word' id='word_1_178' title='bbox 3180 1364 3294 1420; x_wconf 89' lang='lat' dir='ltr'><strong>est;</strong></span> <span class='ocrx_word' id='word_1_179' title='bbox 3323 1362 3378 1409; x_wconf 90' lang='lat' dir='ltr'><strong>et</strong></span> <span class='ocrx_word' id='word_1_180' title='bbox 3403 1355 3551 1410; x_wconf 89' lang='lat' dir='ltr'><strong>solus</strong></span> <span class='ocrx_word' id='word_1_181' title='bbox 3580 1354 3748 1410; x_wconf 80' lang='lat' dir='ltr'><strong>conti—</strong></span> 
     </span>
    </p>
   </div>
   <div class='ocr_carea' id='block_1_31' title="bbox 2158 1447 3746 1520">
    <p class='ocr_par' dir='ltr' id='par_1_31' title="bbox 2158 1447 3746 1520">
     <span class='ocr_line' id='line_1_31' title="bbox 2158 1447 3746 1520; baseline 0.001 -19"><span class='ocrx_word' id='word_1_182' title='bbox 2158 1450 2350 1505; x_wconf 86' lang='lat' dir='ltr'><strong>denter</strong></span> <span class='ocrx_word' id='word_1_183' title='bbox 2390 1449 2614 1517; x_wconf 85' lang='lat' dir='ltr'><strong>negligis</strong></span> <span class='ocrx_word' id='word_1_184' title='bbox 2651 1448 2794 1519; x_wconf 93' lang='lat' dir='ltr'><strong>quod</strong></span> <span class='ocrx_word' id='word_1_185' title='bbox 2833 1449 2953 1502; x_wconf 90' lang='lat' dir='ltr'><strong>aliis</strong></span> <span class='ocrx_word' id='word_1_186' title='bbox 2992 1463 3210 1502; x_wconf 86' lang='lat' dir='ltr'><strong>servare</strong></span> <span class='ocrx_word' id='word_1_187' title='bbox 3257 1447 3539 1502; x_wconf 84' lang='lat' dir='ltr'><strong>contendis</strong></span> <span class='ocrx_word' id='word_1_188' title='bbox 3595 1447 3746 1520; x_wconf 64' lang='grc' dir='ltr'>[θυι.</span> 
     </span>
    </p>
   </div>
   <div class='ocr_carea' id='block_1_32' title="bbox 2158 1539 3748 1612">
    <p class='ocr_par' dir='ltr' id='par_1_32' title="bbox 2158 1539 3748 1612">
     <span class='ocr_line' id='line_1_32' title="bbox 2158 1539 3748 1612; baseline 0 -17"><span class='ocrx_word' id='word_1_189' title='bbox 2158 1540 2502 1612; x_wconf 82' lang='lat' dir='ltr'><strong>contemnis].</strong></span> <span class='ocrx_word' id='word_1_190' title='bbox 2556 1540 2663 1597; x_wconf 85' lang='lat' dir='ltr'><strong>Sed</strong></span> <span class='ocrx_word' id='word_1_191' title='bbox 2713 1540 2839 1594; x_wconf 89' lang='lat' dir='ltr'><strong>talia</strong></span> <span class='ocrx_word' id='word_1_192' title='bbox 2870 1540 2966 1594; x_wconf 92' lang='lat' dir='ltr'><strong>tibi</strong></span> <span class='ocrx_word' id='word_1_193' title='bbox 2997 1556 3097 1609; x_wconf 91' lang='lat' dir='ltr'><strong>pro</strong></span> <span class='ocrx_word' id='word_1_194' title='bbox 3127 1539 3518 1594; x_wconf 78' lang='lat' dir='ltr'><strong>excellentibus</strong></span> <span class='ocrx_word' id='word_1_195' title='bbox 3546 1540 3748 1596; x_wconf 83' lang='lat' dir='ltr'><strong>meritis</strong></span> 
     </span>
    </p>
   </div>
   <div class='ocr_carea' id='block_1_33' title="bbox 2158 1631 3748 1703">
    <p class='ocr_par' dir='ltr' id='par_1_33' title="bbox 2158 1631 3748 1703">
     <span class='ocr_line' id='line_1_33' title="bbox 2158 1631 3748 1703; baseline -0.001 -13"><span class='ocrx_word' id='word_1_196' title='bbox 2158 1635 2549 1702; x_wconf 90' lang='lat' dir='ltr'><strong>conceduntur,</strong></span> <span class='ocrx_word' id='word_1_197' title='bbox 2592 1636 2720 1689; x_wconf 87' lang='lat' dir='ltr'><strong>dum</strong></span> <span class='ocrx_word' id='word_1_198' title='bbox 2752 1634 2987 1690; x_wconf 90' lang='lat' dir='ltr'><strong>crederis</strong></span> <span class='ocrx_word' id='word_1_199' title='bbox 3028 1650 3218 1689; x_wconf 88' lang='lat' dir='ltr'><strong>omnes</strong></span> <span class='ocrx_word' id='word_1_200' title='bbox 3248 1634 3508 1690; x_wconf 88' lang='lat' dir='ltr'><strong>industria</strong></span> <span class='ocrx_word' id='word_1_201' title='bbox 3539 1631 3748 1703; x_wconf 79' lang='lat' dir='ltr'><strong>fideque</strong></span> 
     </span>
    </p>
   </div>
   <div class='ocr_carea' id='block_1_34' title="bbox 2158 1726 3748 1796">
    <p class='ocr_par' dir='ltr' id='par_1_34' title="bbox 2158 1726 3748 1796">
     <span class='ocr_line' id='line_1_34' title="bbox 2158 1726 3748 1796; baseline -0.001 -16"><span class='ocrx_word' id='word_1_202' title='bbox 2158 1742 2432 1796; x_wconf 85' lang='lat' dir='ltr'><strong>superare,</strong></span> <span class='ocrx_word' id='word_1_203' title='bbox 2478 1742 2636 1796; x_wconf 89' lang='lat' dir='ltr'><strong>quem</strong></span> <span class='ocrx_word' id='word_1_204' title='bbox 2685 1742 2783 1781; x_wconf 91' lang='lat' dir='ltr'><strong>nos</strong></span> <span class='ocrx_word' id='word_1_205' title='bbox 2826 1734 3041 1781; x_wconf 89' lang='lat' dir='ltr'><strong>constat</strong></span> <span class='ocrx_word' id='word_1_206' title='bbox 3084 1726 3332 1794; x_wconf 88' lang='lat' dir='ltr'><strong>elegisse.</strong></span> <span class='ocrx_word' id='word_1_207' title='bbox 3383 1726 3555 1781; x_wconf 85' lang='lat' dir='ltr'><strong>Nemo</strong></span> <span class='ocrx_word' id='word_1_208' title='bbox 3603 1727 3748 1782; x_wconf 81' lang='lat' dir='ltr'><strong>enim</strong></span> 
     </span>
    </p>
   </div>
   <div class='ocr_carea' id='block_1_35' title="bbox 469 1816 3748 1891">
    <p class='ocr_par' dir='ltr' id='par_1_35' title="bbox 469 1816 3748 1891">
     <span class='ocr_line' id='line_1_35' title="bbox 469 1816 3748 1891; baseline -0.002 -14"><span class='ocrx_word' id='word_1_209' title='bbox 469 1821 733 1891; x_wconf 81' lang='lat' dir='ltr'><strong>Quidquid</strong></span> <span class='ocrx_word' id='word_1_210' title='bbox 766 1822 835 1876; x_wconf 91' lang='lat' dir='ltr'><strong>ibi</strong></span> <span class='ocrx_word' id='word_1_211' title='bbox 867 1822 1005 1876; x_wconf 90' lang='lat' dir='ltr'><strong>male</strong></span> <span class='ocrx_word' id='word_1_212' title='bbox 1035 1820 1395 1890; x_wconf 66' lang='lat' dir='ltr'><strong>praesumitur,</strong></span> <span class='ocrx_word' id='word_1_213' title='bbox 1438 1822 1490 1875; x_wconf 91' lang='lat' dir='ltr'><strong>in</strong></span> <span class='ocrx_word' id='word_1_214' title='bbox 1518 1821 1621 1875; x_wconf 87' lang='lat' dir='ltr'><strong>mei</strong></span> <span class='ocrx_word' id='word_1_215' title='bbox 1650 1821 1808 1873; x_wconf 91' lang='lat' dir='ltr'><strong>animi</strong></span> <span class='ocrx_word' id='word_1_216' title='bbox 1841 1821 2056 1874; x_wconf 67' lang='lat' dir='ltr'><strong>lmsione</strong></span> <span class='ocrx_word' id='word_1_217' title='bbox 2088 1817 2133 1875; x_wconf 83' lang='grc' dir='ltr'><strong>Β</strong></span> <span class='ocrx_word' id='word_1_218' title='bbox 2161 1825 2473 1887; x_wconf 88' lang='lat' dir='ltr'><strong>sequentem</strong></span> <span class='ocrx_word' id='word_1_219' title='bbox 2514 1818 2737 1887; x_wconf 87' lang='lat' dir='ltr'><strong>probat,</strong></span> <span class='ocrx_word' id='word_1_220' title='bbox 2783 1818 2885 1872; x_wconf 91' lang='lat' dir='ltr'><strong>nisi</strong></span> <span class='ocrx_word' id='word_1_221' title='bbox 2927 1833 3087 1885; x_wconf 89' lang='lat' dir='ltr'><strong>quem</strong></span> <span class='ocrx_word' id='word_1_222' title='bbox 3128 1817 3227 1871; x_wconf 91' lang='lat' dir='ltr'><strong>sibi</strong></span> <span class='ocrx_word' id='word_1_223' title='bbox 3272 1816 3537 1871; x_wconf 89' lang='lat' dir='ltr'><strong>laudanda</strong></span> <span class='ocrx_word' id='word_1_224' title='bbox 3578 1818 3748 1871; x_wconf 82' lang='lat' dir='ltr'><strong>virtus</strong></span> 
     </span>
    </p>
   </div>
   <div class='ocr_carea' id='block_1_36' title="bbox 468 1898 2053 1982">
    <p class='ocr_par' dir='ltr' id='par_1_36' title="bbox 468 1898 2053 1982">
     <span class='ocr_line' id='line_1_36' title="bbox 468 1898 2053 1982; baseline -0.002 -15"><span class='ocrx_word' id='word_1_225' title='bbox 468 1922 758 1981; x_wconf 86' lang='lat' dir='ltr'><strong>grassatur.</strong></span> <span class='ocrx_word' id='word_1_226' title='bbox 804 1912 973 1966; x_wconf 86' lang='lat' dir='ltr'><strong>Nemo</strong></span> <span class='ocrx_word' id='word_1_227' title='bbox 1012 1919 1165 1982; x_wconf 88' lang='lat' dir='ltr'><strong>putet</strong></span> <span class='ocrx_word' id='word_1_228' title='bbox 1192 1898 1423 1976; x_wconf 30' lang='lat' dir='ltr'><strong>ve&#39;niale,</strong></span> <span class='ocrx_word' id='word_1_229' title='bbox 1476 1912 1619 1981; x_wconf 91' lang='lat' dir='ltr'><strong>quod</strong></span> <span class='ocrx_word' id='word_1_230' title='bbox 1651 1912 1701 1965; x_wconf 94' lang='lat' dir='ltr'><strong>in</strong></span> <span class='ocrx_word' id='word_1_231' title='bbox 1733 1913 1835 1965; x_wconf 86' lang='lat' dir='ltr'><strong>ista</strong></span> <span class='ocrx_word' id='word_1_232' title='bbox 1876 1919 2053 1965; x_wconf 87' lang='lat' dir='ltr'><strong>tenta-</strong></span> 
     </span>
    </p>
   </div>
   <div class='ocr_carea' id='block_1_37' title="bbox 468 2001 2053 2076">
    <p class='ocr_par' dir='ltr' id='par_1_37' title="bbox 468 2001 2053 2076">
     <span class='ocr_line' id='line_1_37' title="bbox 468 2001 2053 2076; baseline -0.002 -18"><span class='ocrx_word' id='word_1_233' title='bbox 468 2007 604 2060; x_wconf 87' lang='lat' dir='ltr'><strong>verit</strong></span> <span class='ocrx_word' id='word_1_234' title='bbox 630 2012 783 2074; x_wconf 89' lang='lat' dir='ltr'><strong>parte</strong></span> <span class='ocrx_word' id='word_1_235' title='bbox 809 2019 1153 2076; x_wconf 58' lang='lat' dir='ltr'><strong>praesumere.</strong></span> <span class='ocrx_word' id='word_1_236' title='bbox 1185 2001 1243 2056; x_wconf 86' lang='lat' dir='ltr'><strong>In</strong></span> <span class='ocrx_word' id='word_1_237' title='bbox 1276 2002 1428 2058; x_wconf 89' lang='lat' dir='ltr'><strong>nobis</strong></span> <span class='ocrx_word' id='word_1_238' title='bbox 1452 2002 1658 2058; x_wconf 83' lang='lat' dir='ltr'><strong>facilius</strong></span> <span class='ocrx_word' id='word_1_239' title='bbox 1686 2003 2053 2058; x_wconf 90' lang='lat' dir='ltr'><strong>consentimus</strong></span> 
     </span>
    </p>
   </div>
   <div class='ocr_carea' id='block_1_38' title="bbox 466 2095 2053 2167">
    <p class='ocr_par' dir='ltr' id='par_1_38' title="bbox 466 2095 2053 2167">
     <span class='ocr_line' id='line_1_38' title="bbox 466 2095 2053 2167; baseline -0.001 -17"><span class='ocrx_word' id='word_1_240' title='bbox 466 2098 683 2165; x_wconf 84' lang='lat' dir='ltr'><strong>excedi,</strong></span> <span class='ocrx_word' id='word_1_241' title='bbox 714 2113 875 2167; x_wconf 89' lang='lat' dir='ltr'><strong>quam</strong></span> <span class='ocrx_word' id='word_1_242' title='bbox 903 2098 1269 2153; x_wconf 79' lang='lat' dir='ltr'><strong>Romanorum</strong></span> <span class='ocrx_word' id='word_1_243' title='bbox 1300 2096 1557 2151; x_wconf 87' lang='lat' dir='ltr'><strong>utilitates</strong></span> <span class='ocrx_word' id='word_1_244' title='bbox 1580 2097 1850 2166; x_wconf 87' lang='lat' dir='ltr'><strong>patiamur</strong></span> <span class='ocrx_word' id='word_1_245' title='bbox 1877 2095 2053 2150; x_wconf 93' lang='lat' dir='ltr'><strong>immi-</strong></span> 
     </span>
    </p>
   </div>
   <div class='ocr_carea' id='block_1_39' title="bbox 467 2188 2051 2258">
    <p class='ocr_par' dir='ltr' id='par_1_39' title="bbox 467 2188 2051 2258">
     <span class='ocr_line' id='line_1_39' title="bbox 467 2188 2051 2258; baseline 0.001 -19"><span class='ocrx_word' id='word_1_246' title='bbox 467 2189 555 2242; x_wconf 88' lang='lat' dir='ltr'><strong>nui</strong></span> <span class='ocrx_word' id='word_1_247' title='bbox 589 2206 602 2240; x_wconf 90' lang='lat'><strong>:</strong></span> <span class='ocrx_word' id='word_1_248' title='bbox 636 2203 743 2242; x_wconf 92' lang='lat' dir='ltr'><strong>non</strong></span> <span class='ocrx_word' id='word_1_249' title='bbox 776 2195 832 2241; x_wconf 89' lang='lat' dir='ltr'><strong>ut</strong></span> <span class='ocrx_word' id='word_1_250' title='bbox 863 2188 1133 2253; x_wconf 82' lang='lat' dir='ltr'><strong>favorem,</strong></span> <span class='ocrx_word' id='word_1_251' title='bbox 1184 2188 1538 2257; x_wconf 88' lang='lat' dir='ltr'><strong>plausumque</strong></span> <span class='ocrx_word' id='word_1_252' title='bbox 1581 2188 1925 2258; x_wconf 86' lang='lat' dir='ltr'><strong>popularem,</strong></span> <span class='ocrx_word' id='word_1_253' title='bbox 1958 2188 2051 2242; x_wconf 91' lang='lat' dir='ltr'><strong>sed</strong></span> 
     </span>
    </p>
   </div>
   <div class='ocr_carea' id='block_1_40' title="bbox 471 2277 2052 2348">
    <p class='ocr_par' dir='ltr' id='par_1_40' title="bbox 471 2277 2052 2348">
     <span class='ocr_line' id='line_1_40' title="bbox 471 2277 2052 2348; baseline 0.001 -17"><span class='ocrx_word' id='word_1_254' title='bbox 471 2287 529 2331; x_wconf 93' lang='lat' dir='ltr'><strong>ut</strong></span> <span class='ocrx_word' id='word_1_255' title='bbox 560 2278 801 2348; x_wconf 85' lang='lat' dir='ltr'><strong>(juvante</strong></span> <span class='ocrx_word' id='word_1_256' title='bbox 856 2278 1107 2347; x_wconf 87' lang='lat' dir='ltr'><strong>Domino)</strong></span> <span class='ocrx_word' id='word_1_257' title='bbox 1153 2294 1330 2333; x_wconf 89' lang='lat' dir='ltr'><strong>meum</strong></span> <span class='ocrx_word' id='word_1_258' title='bbox 1364 2279 1415 2331; x_wconf 93' lang='lat' dir='ltr'><strong>in</strong></span> <span class='ocrx_word' id='word_1_259' title='bbox 1447 2278 1551 2332; x_wconf 91' lang='lat' dir='ltr'><strong>illis</strong></span> <span class='ocrx_word' id='word_1_260' title='bbox 1587 2278 1886 2348; x_wconf 88' lang='lat' dir='ltr'><strong>compleam</strong></span> <span class='ocrx_word' id='word_1_261' title='bbox 1917 2277 2052 2332; x_wconf 88' lang='lat' dir='ltr'><strong>dile-</strong></span> 
     </span>
    </p>
   </div>
   <div class='ocr_carea' id='block_1_41' title="bbox 467 2366 2050 2437">
    <p class='ocr_par' dir='ltr' id='par_1_41' title="bbox 467 2366 2050 2437">
     <span class='ocr_line' id='line_1_41' title="bbox 467 2366 2050 2437; baseline -0.001 -15"><span class='ocrx_word' id='word_1_262' title='bbox 467 2368 663 2423; x_wconf 92' lang='lat' dir='ltr'><strong>ctionis</strong></span> <span class='ocrx_word' id='word_1_263' title='bbox 685 2367 987 2422; x_wconf 89' lang='lat' dir='ltr'><strong>arbitrium.</strong></span> <span class='ocrx_word' id='word_1_264' title='bbox 1006 2368 1165 2423; x_wconf 88' lang='lat' dir='ltr'><strong>Cives</strong></span> <span class='ocrx_word' id='word_1_265' title='bbox 1186 2368 1447 2437; x_wconf 91' lang='lat' dir='ltr'><strong>siquidem</strong></span> <span class='ocrx_word' id='word_1_266' title='bbox 1470 2383 1657 2422; x_wconf 89' lang='lat' dir='ltr'><strong>onmes</strong></span> <span class='ocrx_word' id='word_1_267' title='bbox 1676 2366 1889 2423; x_wconf 88' lang='lat' dir='ltr'><strong>fovendi</strong></span> <span class='ocrx_word' id='word_1_268' title='bbox 1904 2376 2050 2435; x_wconf 91' lang='lat' dir='ltr'><strong>sunt,</strong></span> 
     </span>
    </p>
   </div>
   <div class='ocr_carea' id='block_1_42' title="bbox 466 2429 2065 2529">
    <p class='ocr_par' dir='ltr' id='par_1_42' title="bbox 466 2429 2065 2529">
     <span class='ocr_line' id='line_1_42' title="bbox 466 2429 2065 2529; baseline -0.001 -17"><span class='ocrx_word' id='word_1_269' title='bbox 466 2457 564 2512; x_wconf 87' lang='lat' dir='ltr'><strong>sed</strong></span> <span class='ocrx_word' id='word_1_270' title='bbox 606 2456 837 2513; x_wconf 83' lang='lat' dir='ltr'><strong>Romani</strong></span> <span class='ocrx_word' id='word_1_271' title='bbox 866 2458 1063 2528; x_wconf 91' lang='lat' dir='ltr'><strong>aliquid</strong></span> <span class='ocrx_word' id='word_1_272' title='bbox 1106 2459 1227 2529; x_wconf 92' lang='lat' dir='ltr'><strong>plus</strong></span> <span class='ocrx_word' id='word_1_273' title='bbox 1251 2429 1551 2513; x_wconf 73' lang='lat' dir='ltr'><strong>merentur.</strong></span> <span class='ocrx_word' id='word_1_274' title='bbox 1586 2456 1725 2513; x_wconf 89' lang='lat' dir='ltr'><strong>Urbs</strong></span> <span class='ocrx_word' id='word_1_275' title='bbox 1749 2466 1941 2512; x_wconf 90' lang='lat' dir='ltr'><strong>ornata</strong></span> <span class='ocrx_word' id='word_1_276' title='bbox 1970 2429 2065 2511; x_wconf 29' lang='lat' dir='ltr'><strong>tot&quot;</strong></span> 
     </span>
    </p>
   </div>
   <div class='ocr_carea' id='block_1_43' title="bbox 466 2547 2047 2617">
    <p class='ocr_par' dir='ltr' id='par_1_43' title="bbox 466 2547 2047 2617">
     <span class='ocr_line' id='line_1_43' title="bbox 466 2547 2047 2617; baseline 0.001 -16"><span class='ocrx_word' id='word_1_277' title='bbox 466 2547 681 2603; x_wconf 75' lang='lat' dir='ltr'><strong>exiniiis</strong></span> <span class='ocrx_word' id='word_1_278' title='bbox 725 2549 1083 2615; x_wconf 87' lang='lat' dir='ltr'><strong>senatoribus,</strong></span> <span class='ocrx_word' id='word_1_279' title='bbox 1132 2549 1288 2603; x_wconf 91' lang='lat' dir='ltr'><strong>beata</strong></span> <span class='ocrx_word' id='word_1_280' title='bbox 1339 2556 1450 2601; x_wconf 90' lang='lat' dir='ltr'><strong>tam</strong></span> <span class='ocrx_word' id='word_1_281' title='bbox 1492 2547 1763 2602; x_wconf 89' lang='lat' dir='ltr'><strong>nobilibus</strong></span> <span class='ocrx_word' id='word_1_282' title='bbox 1813 2548 2047 2617; x_wconf 90' lang='lat' dir='ltr'><strong>populis,</strong></span> 
     </span>
    </p>
   </div>
   <div class='ocr_carea' id='block_1_44' title="bbox 467 2636 2049 2707">
    <p class='ocr_par' dir='ltr' id='par_1_44' title="bbox 467 2636 2049 2707">
     <span class='ocr_line' id='line_1_44' title="bbox 467 2636 2049 2707; baseline 0.001 -18"><span class='ocrx_word' id='word_1_283' title='bbox 467 2636 655 2692; x_wconf 88' lang='lat' dir='ltr'><strong>laudes</strong></span> <span class='ocrx_word' id='word_1_284' title='bbox 684 2637 844 2691; x_wconf 85' lang='lat' dir='ltr'><strong>debet</strong></span> <span class='ocrx_word' id='word_1_285' title='bbox 873 2646 1180 2692; x_wconf 83' lang='lat' dir='ltr'><strong>nostrorum</strong></span> <span class='ocrx_word' id='word_1_286' title='bbox 1225 2637 1523 2707; x_wconf 90' lang='lat' dir='ltr'><strong>principum</strong></span> <span class='ocrx_word' id='word_1_287' title='bbox 1553 2653 1867 2707; x_wconf 88' lang='lat' dir='ltr'><strong>personare,</strong></span> <span class='ocrx_word' id='word_1_288' title='bbox 1913 2652 2049 2706; x_wconf 90' lang='lat' dir='ltr'><strong>quas</strong></span> 
     </span>
    </p>
   </div>
   <div class='ocr_carea' id='block_1_45' title="bbox 465 2727 2048 2797">
    <p class='ocr_par' dir='ltr' id='par_1_45' title="bbox 465 2727 2048 2797">
     <span class='ocr_line' id='line_1_45' title="bbox 465 2727 2048 2797; baseline 0 -16"><span class='ocrx_word' id='word_1_289' title='bbox 465 2727 628 2781; x_wconf 89' lang='lat' dir='ltr'><strong>homo</strong></span> <span class='ocrx_word' id='word_1_290' title='bbox 660 2728 893 2781; x_wconf 90' lang='lat' dir='ltr'><strong>nationis</strong></span> <span class='ocrx_word' id='word_1_291' title='bbox 920 2737 1117 2782; x_wconf 76' lang='lat' dir='ltr'><strong>extera:</strong></span> <span class='ocrx_word' id='word_1_292' title='bbox 1137 2743 1195 2784; x_wconf 90' lang='lat' dir='ltr'><strong>se</strong></span> <span class='ocrx_word' id='word_1_293' title='bbox 1217 2729 1442 2782; x_wconf 91' lang='lat' dir='ltr'><strong>miretur</strong></span> <span class='ocrx_word' id='word_1_294' title='bbox 1465 2728 1717 2782; x_wconf 87' lang='lat' dir='ltr'><strong>audiisse.</strong></span> <span class='ocrx_word' id='word_1_295' title='bbox 1750 2727 1881 2781; x_wconf 89' lang='lat' dir='ltr'><strong>Nam</strong></span> <span class='ocrx_word' id='word_1_296' title='bbox 1904 2728 2048 2797; x_wconf 90' lang='lat' dir='ltr'><strong>juste</strong></span> 
     </span>
    </p>
   </div>
   <div class='ocr_carea' id='block_1_46' title="bbox 464 2820 2046 2891">
    <p class='ocr_par' dir='ltr' id='par_1_46' title="bbox 464 2820 2046 2891">
     <span class='ocr_line' id='line_1_46' title="bbox 464 2820 2046 2891; baseline -0.001 -17"><span class='ocrx_word' id='word_1_297' title='bbox 464 2835 523 2874; x_wconf 86' lang='lat' dir='ltr'><strong>se</strong></span> <span class='ocrx_word' id='word_1_298' title='bbox 565 2820 671 2875; x_wconf 90' lang='lat' dir='ltr'><strong>illic</strong></span> <span class='ocrx_word' id='word_1_299' title='bbox 710 2820 921 2874; x_wconf 81' lang='lat' dir='ltr'><strong>extollit</strong></span> <span class='ocrx_word' id='word_1_300' title='bbox 962 2820 1143 2875; x_wconf 78' lang='lat' dir='ltr'><strong>lzetitia</strong></span> <span class='ocrx_word' id='word_1_301' title='bbox 1189 2821 1482 2891; x_wconf 92' lang='lat' dir='ltr'><strong>popularis,</strong></span> <span class='ocrx_word' id='word_1_302' title='bbox 1532 2836 1649 2890; x_wconf 76' lang='lat' dir='ltr'><strong>qua:</strong></span> <span class='ocrx_word' id='word_1_303' title='bbox 1682 2820 1930 2874; x_wconf 86' lang='lat' dir='ltr'><strong>dominos</strong></span> <span class='ocrx_word' id='word_1_304' title='bbox 1959 2835 2046 2873; x_wconf 86' lang='lat' dir='ltr'><strong>co-</strong></span> 
     </span>
    </p>
   </div>
   <div class='ocr_carea' id='block_1_47' title="bbox 463 2912 2045 2983">
    <p class='ocr_par' dir='ltr' id='par_1_47' title="bbox 463 2912 2045 2983">
     <span class='ocr_line' id='line_1_47' title="bbox 463 2912 2045 2983; baseline 0.001 -19"><span class='ocrx_word' id='word_1_305' title='bbox 463 2912 733 2978; x_wconf 72' lang='lat' dir='ltr'><strong>gnoscittr</strong></span> <span class='ocrx_word' id='word_1_306' title='bbox 760 2912 960 2967; x_wconf 86' lang='lat' dir='ltr'><strong>habere</strong></span> <span class='ocrx_word' id='word_1_307' title='bbox 984 2914 1230 2968; x_wconf 88' lang='lat' dir='ltr'><strong>victores.</strong></span> <span class='ocrx_word' id='word_1_308' title='bbox 1269 2912 1610 2983; x_wconf 89' lang='lat' dir='ltr'><strong>Quapropter</strong></span> <span class='ocrx_word' id='word_1_309' title='bbox 1633 2912 2045 2983; x_wconf 80' lang='lat' dir='ltr'><strong>intpendeudum</strong></span> 
     </span>
    </p>
   </div>
   <div class='ocr_carea' id='block_1_48' title="bbox 461 3003 2046 3073">
    <p class='ocr_par' dir='ltr' id='par_1_48' title="bbox 461 3003 2046 3073">
     <span class='ocr_line' id='line_1_48' title="bbox 461 3003 2046 3073; baseline 0.001 -16"><span class='ocrx_word' id='word_1_310' title='bbox 461 3011 545 3057; x_wconf 88' lang='lat' dir='ltr'><strong>est</strong></span> <span class='ocrx_word' id='word_1_311' title='bbox 571 3004 824 3073; x_wconf 89' lang='lat' dir='ltr'><strong>quidquid</strong></span> <span class='ocrx_word' id='word_1_312' title='bbox 859 3004 1015 3069; x_wconf 78' lang='lat' dir='ltr'><strong>fides,</strong></span> <span class='ocrx_word' id='word_1_313' title='bbox 1063 3005 1317 3073; x_wconf 89' lang='lat' dir='ltr'><strong>quidquid</strong></span> <span class='ocrx_word' id='word_1_314' title='bbox 1350 3019 1541 3072; x_wconf 88' lang='lat' dir='ltr'><strong>magna</strong></span> <span class='ocrx_word' id='word_1_315' title='bbox 1572 3012 1752 3073; x_wconf 93' lang='lat' dir='ltr'><strong>potest</strong></span> <span class='ocrx_word' id='word_1_316' title='bbox 1789 3003 2046 3059; x_wconf 89' lang='lat' dir='ltr'><strong>exhibere</strong></span> 
     </span>
    </p>
   </div>
   <div class='ocr_carea' id='block_1_49' title="bbox 461 3095 2038 3173">
    <p class='ocr_par' dir='ltr' id='par_1_49' title="bbox 461 3095 2038 3173">
     <span class='ocr_line' id='line_1_49' title="bbox 461 3095 2038 3173; baseline -0.001 -23"><span class='ocrx_word' id='word_1_317' title='bbox 461 3095 688 3159; x_wconf 85' lang='lat' dir='ltr'><strong>cautela,</strong></span> <span class='ocrx_word' id='word_1_318' title='bbox 746 3097 871 3165; x_wconf 88' lang='lat' dir='ltr'><strong>quia</strong></span> <span class='ocrx_word' id='word_1_319' title='bbox 915 3097 1043 3151; x_wconf 90' lang='lat' dir='ltr'><strong>illud</strong></span> <span class='ocrx_word' id='word_1_320' title='bbox 1089 3113 1212 3151; x_wconf 91' lang='lat' dir='ltr'><strong>vere</strong></span> <span class='ocrx_word' id='word_1_321' title='bbox 1262 3105 1504 3151; x_wconf 78' lang='lat' dir='ltr'><strong>nostrum</strong></span> <span class='ocrx_word' id='word_1_322' title='bbox 1551 3104 1632 3151; x_wconf 91' lang='lat' dir='ltr'><strong>est</strong></span> <span class='ocrx_word' id='word_1_323' title='bbox 1678 3096 2038 3173; x_wconf 79' lang='lat' dir='ltr'><strong>commodum,</strong></span> 
     </span>
    </p>
   </div>
   <div class='ocr_carea' id='block_1_50' title="bbox 2158 1907 3747 1979">
    <p class='ocr_par' dir='ltr' id='par_1_50' title="bbox 2158 1907 3747 1979">
     <span class='ocr_line' id='line_1_50' title="bbox 2158 1907 3747 1979; baseline 0.001 -18"><span class='ocrx_word' id='word_1_324' title='bbox 2158 1909 2409 1975; x_wconf 89' lang='lat' dir='ltr'><strong>associat,</strong></span> <span class='ocrx_word' id='word_1_325' title='bbox 2441 1909 2655 1979; x_wconf 91' lang='lat' dir='ltr'><strong>quando</strong></span> <span class='ocrx_word' id='word_1_326' title='bbox 2684 1909 3038 1977; x_wconf 86' lang='lat' dir='ltr'><strong>vituperabile</strong></span> <span class='ocrx_word' id='word_1_327' title='bbox 3066 1918 3150 1962; x_wconf 83' lang='lat' dir='ltr'><strong>est</strong></span> <span class='ocrx_word' id='word_1_328' title='bbox 3178 1908 3487 1962; x_wconf 90' lang='lat' dir='ltr'><strong>inferiorem</strong></span> <span class='ocrx_word' id='word_1_329' title='bbox 3514 1907 3747 1975; x_wconf 84' lang='lat' dir='ltr'><strong>erigere,</strong></span> 
     </span>
    </p>
   </div>
   <div class='ocr_carea' id='block_1_51' title="bbox 2157 1998 3743 2067">
    <p class='ocr_par' dir='ltr' id='par_1_51' title="bbox 2157 1998 3743 2067">
     <span class='ocr_line' id='line_1_51' title="bbox 2157 1998 3743 2067; baseline 0.001 -15"><span class='ocrx_word' id='word_1_330' title='bbox 2157 1998 2258 2052; x_wconf 87' lang='lat' dir='ltr'><strong>nisi</strong></span> <span class='ocrx_word' id='word_1_331' title='bbox 2298 1998 2500 2053; x_wconf 90' lang='lat' dir='ltr'><strong>meritis</strong></span> <span class='ocrx_word' id='word_1_332' title='bbox 2530 1999 2663 2053; x_wconf 92' lang='lat' dir='ltr'><strong>alios</strong></span> <span class='ocrx_word' id='word_1_333' title='bbox 2694 1999 2934 2053; x_wconf 87' lang='lat' dir='ltr'><strong>videatur</strong></span> <span class='ocrx_word' id='word_1_334' title='bbox 2963 1999 3249 2053; x_wconf 80' lang='lat' dir='ltr'><strong>excellere.</strong></span> <span class='ocrx_word' id='word_1_335' title='bbox 3285 1998 3399 2054; x_wconf 85' lang='lat' dir='ltr'><strong>Hoc</strong></span> <span class='ocrx_word' id='word_1_336' title='bbox 3428 1998 3591 2067; x_wconf 87' lang='lat' dir='ltr'><strong>igitur</strong></span> <span class='ocrx_word' id='word_1_337' title='bbox 3624 1999 3743 2053; x_wconf 85' lang='lat' dir='ltr'><strong>lau-</strong></span> 
     </span>
    </p>
   </div>
   <div class='ocr_carea' id='block_1_52' title="bbox 2155 2089 3742 2159">
    <p class='ocr_par' dir='ltr' id='par_1_52' title="bbox 2155 2089 3742 2159">
     <span class='ocr_line' id='line_1_52' title="bbox 2155 2089 3742 2159; baseline 0 -16"><span class='ocrx_word' id='word_1_338' title='bbox 2155 2089 2331 2143; x_wconf 89' lang='lat' dir='ltr'><strong>dabile</strong></span> <span class='ocrx_word' id='word_1_339' title='bbox 2359 2089 2746 2159; x_wconf 69' lang='lat' dir='ltr'><strong>przejudicium,</strong></span> <span class='ocrx_word' id='word_1_340' title='bbox 2779 2090 3104 2144; x_wconf 89' lang='lat' dir='ltr'><strong>sententiam</strong></span> <span class='ocrx_word' id='word_1_341' title='bbox 3134 2090 3425 2157; x_wconf 90' lang='lat' dir='ltr'><strong>gratiosam</strong></span> <span class='ocrx_word' id='word_1_342' title='bbox 3446 2131 3460 2154; x_wconf 94' lang='lat'><strong>,</strong></span> <span class='ocrx_word' id='word_1_343' title='bbox 3494 2089 3742 2143; x_wconf 87' lang='lat' dir='ltr'><strong>militiam</strong></span> 
     </span>
    </p>
   </div>
   <div class='ocr_carea' id='block_1_53' title="bbox 2154 2178 3743 2249">
    <p class='ocr_par' dir='ltr' id='par_1_53' title="bbox 2154 2178 3743 2249">
     <span class='ocr_line' id='line_1_53' title="bbox 2154 2178 3743 2249; baseline 0 -17"><span class='ocrx_word' id='word_1_344' title='bbox 2154 2178 2533 2245; x_wconf 87' lang='lat' dir='ltr'><strong>domesticam,</strong></span> <span class='ocrx_word' id='word_1_345' title='bbox 2584 2195 2614 2233; x_wconf 90' lang='lat' dir='ltr'><strong>a</strong></span> <span class='ocrx_word' id='word_1_346' title='bbox 2652 2180 2975 2234; x_wconf 90' lang='lat' dir='ltr'><strong>duodecima</strong></span> <span class='ocrx_word' id='word_1_347' title='bbox 3024 2178 3317 2234; x_wconf 89' lang='lat' dir='ltr'><strong>indictione</strong></span> <span class='ocrx_word' id='word_1_348' title='bbox 3348 2179 3524 2249; x_wconf 79' lang='lat' dir='ltr'><strong>(Anno</strong></span> <span class='ocrx_word' id='word_1_349' title='bbox 3553 2178 3743 2234; x_wconf 76' lang='lat' dir='ltr'><strong>Christi</strong></span> 
     </span>
    </p>
   </div>
   <div class='ocr_carea' id='block_1_54' title="bbox 2156 2268 3741 2340">
    <p class='ocr_par' dir='ltr' id='par_1_54' title="bbox 2156 2268 3741 2340">
     <span class='ocr_line' id='line_1_54' title="bbox 2156 2268 3741 2340; baseline 0.002 -18"><span class='ocrx_word' id='word_1_350' title='bbox 2156 2268 2281 2340; x_wconf 65' lang='grc'><strong>554)</strong></span> <span class='ocrx_word' id='word_1_351' title='bbox 2312 2271 2677 2325; x_wconf 90' lang='lat' dir='ltr'><strong>cancellorum</strong></span> <span class='ocrx_word' id='word_1_352' title='bbox 2711 2270 2805 2323; x_wconf 87' lang='lat' dir='ltr'><strong>tibi</strong></span> <span class='ocrx_word' id='word_1_353' title='bbox 2836 2270 2999 2324; x_wconf 91' lang='lat' dir='ltr'><strong>decus</strong></span> <span class='ocrx_word' id='word_1_354' title='bbox 3028 2270 3303 2337; x_wconf 78' lang='lat' dir='ltr'><strong>attribuit,</strong></span> <span class='ocrx_word' id='word_1_355' title='bbox 3352 2279 3410 2323; x_wconf 94' lang='lat' dir='ltr'><strong>ut</strong></span> <span class='ocrx_word' id='word_1_356' title='bbox 3437 2270 3741 2325; x_wconf 89' lang='lat' dir='ltr'><strong>consistorii</strong></span> 
     </span>
    </p>
   </div>
   <div class='ocr_carea' id='block_1_55' title="bbox 2153 2362 3742 2435">
    <p class='ocr_par' dir='ltr' id='par_1_55' title="bbox 2153 2362 3742 2435">
     <span class='ocr_line' id='line_1_55' title="bbox 2153 2362 3742 2435; baseline 0.001 -20"><span class='ocrx_word' id='word_1_357' title='bbox 2153 2363 2321 2416; x_wconf 90' lang='lat' dir='ltr'><strong>nostri</strong></span> <span class='ocrx_word' id='word_1_358' title='bbox 2362 2372 2569 2417; x_wconf 88' lang='lat' dir='ltr'><strong>secreta</strong></span> <span class='ocrx_word' id='word_1_359' title='bbox 2616 2362 2759 2419; x_wconf 83' lang='lat' dir='ltr'><strong>fideli</strong></span> <span class='ocrx_word' id='word_1_360' title='bbox 2791 2363 3101 2431; x_wconf 86' lang='lat' dir='ltr'><strong>integritate</strong></span> <span class='ocrx_word' id='word_1_361' title='bbox 3133 2365 3284 2435; x_wconf 75' lang='lat'><strong>177</strong></span> <span class='ocrx_word' id='word_1_362' title='bbox 3317 2364 3611 2418; x_wconf 90' lang='lat' dir='ltr'><strong>custodias.</strong></span> <span class='ocrx_word' id='word_1_363' title='bbox 3646 2363 3742 2418; x_wconf 86' lang='lat' dir='ltr'><strong>Per</strong></span> 
     </span>
    </p>
   </div>
   <div class='ocr_carea' id='block_1_56' title="bbox 2152 2454 3741 2526">
    <p class='ocr_par' dir='ltr' id='par_1_56' title="bbox 2152 2454 3741 2526">
     <span class='ocr_line' id='line_1_56' title="bbox 2152 2454 3741 2526; baseline 0.004 -20"><span class='ocrx_word' id='word_1_364' title='bbox 2152 2461 2207 2507; x_wconf 89' lang='lat' dir='ltr'><strong>te</strong></span> <span class='ocrx_word' id='word_1_365' title='bbox 2254 2454 2655 2523; x_wconf 73' lang='lat' dir='ltr'><strong>przesentandus</strong></span> <span class='ocrx_word' id='word_1_366' title='bbox 2705 2456 2958 2521; x_wconf 88' lang='lat' dir='ltr'><strong>accedat;</strong></span> <span class='ocrx_word' id='word_1_367' title='bbox 3015 2472 3113 2526; x_wconf 92' lang='lat' dir='ltr'><strong>per</strong></span> <span class='ocrx_word' id='word_1_368' title='bbox 3159 2464 3212 2512; x_wconf 91' lang='lat' dir='ltr'><strong>te</strong></span> <span class='ocrx_word' id='word_1_369' title='bbox 3276 2458 3477 2511; x_wconf 90' lang='lat' dir='ltr'><strong>nostris</strong></span> <span class='ocrx_word' id='word_1_370' title='bbox 3527 2458 3741 2512; x_wconf 89' lang='lat' dir='ltr'><strong>auribus</strong></span> 
     </span>
    </p>
   </div>
   <div class='ocr_carea' id='block_1_57' title="bbox 2150 2545 3742 2617">
    <p class='ocr_par' dir='ltr' id='par_1_57' title="bbox 2150 2545 3742 2617">
     <span class='ocr_line' id='line_1_57' title="bbox 2150 2545 3742 2617; baseline 0.003 -17"><span class='ocrx_word' id='word_1_371' title='bbox 2150 2545 2473 2602; x_wconf 83' lang='lat' dir='ltr'><strong>desiderium</strong></span> <span class='ocrx_word' id='word_1_372' title='bbox 2519 2547 2773 2617; x_wconf 89' lang='lat' dir='ltr'><strong>supplicis</strong></span> <span class='ocrx_word' id='word_1_373' title='bbox 2814 2548 3148 2615; x_wconf 87' lang='lat' dir='ltr'><strong>innotescat;</strong></span> <span class='ocrx_word' id='word_1_374' title='bbox 3196 2548 3346 2617; x_wconf 88' lang='lat' dir='ltr'><strong>jussa</strong></span> <span class='ocrx_word' id='word_1_375' title='bbox 3388 2559 3572 2604; x_wconf 90' lang='lat' dir='ltr'><strong>nostra</strong></span> <span class='ocrx_word' id='word_1_376' title='bbox 3628 2550 3742 2604; x_wconf 89' lang='lat' dir='ltr'><strong>sine</strong></span> 
     </span>
    </p>
   </div>
   <div class='ocr_carea' id='block_1_58' title="bbox 2150 2637 3742 2709">
    <p class='ocr_par' dir='ltr' id='par_1_58' title="bbox 2150 2637 3742 2709">
     <span class='ocr_line' id='line_1_58' title="bbox 2150 2637 3742 2709; baseline 0.003 -20"><span class='ocrx_word' id='word_1_377' title='bbox 2150 2637 2326 2691; x_wconf 88' lang='lat' dir='ltr'><strong>studio</strong></span> <span class='ocrx_word' id='word_1_378' title='bbox 2371 2639 2677 2692; x_wconf 86' lang='lat' dir='ltr'><strong>venalitatis</strong></span> <span class='ocrx_word' id='word_1_379' title='bbox 2703 2638 2989 2707; x_wconf 86' lang='lat' dir='ltr'><strong>expedias;</strong></span> <span class='ocrx_word' id='word_1_380' title='bbox 3022 2641 3311 2709; x_wconf 88' lang='lat' dir='ltr'><strong>omniaque</strong></span> <span class='ocrx_word' id='word_1_381' title='bbox 3340 2640 3417 2696; x_wconf 89' lang='lat' dir='ltr'><strong>sic</strong></span> <span class='ocrx_word' id='word_1_382' title='bbox 3463 2655 3653 2709; x_wconf 88' lang='lat' dir='ltr'><strong>geras.</strong></span> <span class='ocrx_word' id='word_1_383' title='bbox 3686 2650 3742 2695; x_wconf 92' lang='lat' dir='ltr'><strong>ut</strong></span> 
     </span>
    </p>
   </div>
   <div class='ocr_carea' id='block_1_59' title="bbox 2150 2728 3745 2798">
    <p class='ocr_par' dir='ltr' id='par_1_59' title="bbox 2150 2728 3745 2798">
     <span class='ocr_line' id='line_1_59' title="bbox 2150 2728 3745 2798; baseline 0.004 -20"><span class='ocrx_word' id='word_1_384' title='bbox 2150 2734 2388 2779; x_wconf 90' lang='lat' dir='ltr'><strong>nostram</strong></span> <span class='ocrx_word' id='word_1_385' title='bbox 2435 2729 2609 2796; x_wconf 78' lang='lat' dir='ltr'><strong>possis</strong></span> <span class='ocrx_word' id='word_1_386' title='bbox 2639 2728 3017 2783; x_wconf 88' lang='lat' dir='ltr'><strong>commendare</strong></span> <span class='ocrx_word' id='word_1_387' title='bbox 3056 2729 3340 2798; x_wconf 87' lang='lat' dir='ltr'><strong>justitiam.</strong></span> <span class='ocrx_word' id='word_1_388' title='bbox 3386 2730 3555 2788; x_wconf 80' lang='lat' dir='ltr'><strong>Actus</strong></span> <span class='ocrx_word' id='word_1_389' title='bbox 3598 2733 3745 2787; x_wconf 86' lang='lat' dir='ltr'><strong>enim</strong></span> 
     </span>
    </p>
   </div>
   <div class='ocr_carea' id='block_1_60' title="bbox 2150 2816 3745 2889">
    <p class='ocr_par' dir='ltr' id='par_1_60' title="bbox 2150 2816 3745 2889">
     <span class='ocr_line' id='line_1_60' title="bbox 2150 2816 3745 2889; baseline 0.006 -20"><span class='ocrx_word' id='word_1_390' title='bbox 2150 2817 2226 2870; x_wconf 93' lang='lat' dir='ltr'><strong>tui</strong></span> <span class='ocrx_word' id='word_1_391' title='bbox 2251 2816 2446 2886; x_wconf 90' lang='lat' dir='ltr'><strong>judicis</strong></span> <span class='ocrx_word' id='word_1_392' title='bbox 2474 2818 2658 2887; x_wconf 91' lang='lat' dir='ltr'><strong>opinio</strong></span> <span class='ocrx_word' id='word_1_393' title='bbox 2686 2826 2799 2884; x_wconf 90' lang='lat' dir='ltr'><strong>est;</strong></span> <span class='ocrx_word' id='word_1_394' title='bbox 2831 2827 2888 2873; x_wconf 89' lang='lat' dir='ltr'><strong>et</strong></span> <span class='ocrx_word' id='word_1_395' title='bbox 2914 2819 3055 2873; x_wconf 89' lang='lat' dir='ltr'><strong>sicut</strong></span> <span class='ocrx_word' id='word_1_396' title='bbox 3082 2821 3359 2889; x_wconf 90' lang='lat' dir='ltr'><strong>penetrale</strong></span> <span class='ocrx_word' id='word_1_397' title='bbox 3388 2821 3581 2878; x_wconf 87' lang='lat' dir='ltr'><strong>domus</strong></span> <span class='ocrx_word' id='word_1_398' title='bbox 3612 2832 3642 2861; x_wconf 75' lang='grc' dir='ltr'><strong>ι</strong></span> <span class='ocrx_word' id='word_1_399' title='bbox 3670 2824 3745 2879; x_wconf 83' lang='lat' dir='ltr'><strong>de</strong></span> 
     </span>
    </p>
   </div>
   <div class='ocr_carea' id='block_1_61' title="bbox 2147 2913 3740 2989">
    <p class='ocr_par' dir='ltr' id='par_1_61' title="bbox 2147 2913 3740 2989">
     <span class='ocr_line' id='line_1_61' title="bbox 2147 2913 3740 2989; baseline 0.004 -21"><span class='ocrx_word' id='word_1_400' title='bbox 2147 2913 2353 2971; x_wconf 88' lang='lat' dir='ltr'><strong>foribus</strong></span> <span class='ocrx_word' id='word_1_401' title='bbox 2382 2925 2559 2985; x_wconf 88' lang='lat' dir='ltr'><strong>potest</strong></span> <span class='ocrx_word' id='word_1_402' title='bbox 2582 2925 2941 2985; x_wconf 89' lang='lat' dir='ltr'><strong>congruenter</strong></span> <span class='ocrx_word' id='word_1_403' title='bbox 2969 2917 3223 2984; x_wconf 84' lang='lat' dir='ltr'><strong>intelligi,</strong></span> <span class='ocrx_word' id='word_1_404' title='bbox 3253 2918 3333 2973; x_wconf 89' lang='lat' dir='ltr'><strong>sic</strong></span> <span class='ocrx_word' id='word_1_405' title='bbox 3356 2934 3510 2973; x_wconf 88' lang='lat' dir='ltr'><strong>mens</strong></span> <span class='ocrx_word' id='word_1_406' title='bbox 3536 2935 3740 2989; x_wconf 76' lang='lat' dir='ltr'><strong>przesu-</strong></span> 
     </span>
    </p>
   </div>
   <div class='ocr_carea' id='block_1_62' title="bbox 2149 3003 3736 3077">
    <p class='ocr_par' dir='ltr' id='par_1_62' title="bbox 2149 3003 3736 3077">
     <span class='ocr_line' id='line_1_62' title="bbox 2149 3003 3736 3077; baseline 0.005 -21"><span class='ocrx_word' id='word_1_407' title='bbox 2149 3003 2213 3059; x_wconf 90' lang='lat' dir='ltr'><strong>lis</strong></span> <span class='ocrx_word' id='word_1_408' title='bbox 2254 3004 2321 3059; x_wconf 91' lang='lat' dir='ltr'><strong>de</strong></span> <span class='ocrx_word' id='word_1_409' title='bbox 2349 3013 2403 3060; x_wconf 91' lang='lat' dir='ltr'><strong>te</strong></span> <span class='ocrx_word' id='word_1_410' title='bbox 2432 3006 2692 3075; x_wconf 88' lang='lat' dir='ltr'><strong>probatur</strong></span> <span class='ocrx_word' id='word_1_411' title='bbox 2720 3007 2969 3075; x_wconf 88' lang='lat' dir='ltr'><strong>agnosci,</strong></span> <span class='ocrx_word' id='word_1_412' title='bbox 3001 3022 3108 3061; x_wconf 91' lang='lat' dir='ltr'><strong>non</strong></span> <span class='ocrx_word' id='word_1_413' title='bbox 3157 3007 3369 3076; x_wconf 87' lang='lat' dir='ltr'><strong>injuria,</strong></span> <span class='ocrx_word' id='word_1_414' title='bbox 3418 3008 3545 3077; x_wconf 88' lang='lat' dir='ltr'><strong>quia</strong></span> <span class='ocrx_word' id='word_1_415' title='bbox 3577 3010 3736 3064; x_wconf 86' lang='lat' dir='ltr'><strong>talem</strong></span> 
     </span>
    </p>
   </div>
   <div class='ocr_carea' id='block_1_63' title="bbox 2148 3096 3735 3168">
    <p class='ocr_par' dir='ltr' id='par_1_63' title="bbox 2148 3096 3735 3168">
     <span class='ocr_line' id='line_1_63' title="bbox 2148 3096 3735 3168; baseline 0.003 -19"><span class='ocrx_word' id='word_1_416' title='bbox 2148 3096 2513 3164; x_wconf 85' lang='lat' dir='ltr'><strong>unusquisque</strong></span> <span class='ocrx_word' id='word_1_417' title='bbox 2534 3097 2599 3149; x_wconf 91' lang='lat' dir='ltr'><strong>ad</strong></span> <span class='ocrx_word' id='word_1_418' title='bbox 2622 3111 2879 3166; x_wconf 89' lang='lat' dir='ltr'><strong>responsa</strong></span> <span class='ocrx_word' id='word_1_419' title='bbox 2896 3112 2992 3150; x_wconf 89' lang='lat' dir='ltr'><strong>sua</strong></span> <span class='ocrx_word' id='word_1_420' title='bbox 3015 3096 3265 3152; x_wconf 91' lang='lat' dir='ltr'><strong>videntur</strong></span> <span class='ocrx_word' id='word_1_421' title='bbox 3282 3098 3503 3166; x_wconf 88' lang='lat' dir='ltr'><strong>eligere,</strong></span> <span class='ocrx_word' id='word_1_422' title='bbox 3526 3100 3735 3168; x_wconf 82' lang='lat' dir='ltr'><strong>qualem</strong></span> 
     </span>
    </p>
   </div>
   <div class='ocr_carea' id='block_1_64' title="bbox 460 3185 3721 3261">
    <p class='ocr_par' dir='ltr' id='par_1_64' title="bbox 460 3185 3721 3261">
     <span class='ocr_line' id='line_1_64' title="bbox 460 3185 3721 3261; baseline 0.001 -22"><span class='ocrx_word' id='word_1_423' title='bbox 460 3186 603 3255; x_wconf 89' lang='lat' dir='ltr'><strong>quod</strong></span> <span class='ocrx_word' id='word_1_424' title='bbox 626 3187 838 3241; x_wconf 90' lang='lat' dir='ltr'><strong>illorum</strong></span> <span class='ocrx_word' id='word_1_425' title='bbox 869 3188 994 3241; x_wconf 90' lang='lat' dir='ltr'><strong>mihi</strong></span> <span class='ocrx_word' id='word_1_426' title='bbox 1026 3195 1278 3256; x_wconf 86' lang='lat' dir='ltr'><strong>procurat</strong></span> <span class='ocrx_word' id='word_1_427' title='bbox 1308 3186 1577 3241; x_wconf 79' lang='lat' dir='ltr'><strong>affectum.</strong></span> <span class='ocrx_word' id='word_1_428' title='bbox 1611 3185 1881 3242; x_wconf 76' lang='lat' dir='ltr'><strong>Lzetentur</strong></span> <span class='ocrx_word' id='word_1_429' title='bbox 1904 3204 2040 3259; x_wconf 67' lang='lat' dir='ltr'><strong>prte-</strong></span> <span class='ocrx_word' id='word_1_430' title='bbox 2069 3185 2111 3247; x_wconf 89' lang='lat' dir='ltr'><strong>C</strong></span> <span class='ocrx_word' id='word_1_431' title='bbox 2143 3204 2203 3243; x_wconf 91' lang='lat' dir='ltr'><strong>se</strong></span> <span class='ocrx_word' id='word_1_432' title='bbox 2232 3197 2458 3243; x_wconf 88' lang='lat' dir='ltr'><strong>cunctos</strong></span> <span class='ocrx_word' id='word_1_433' title='bbox 2485 3188 2785 3243; x_wconf 90' lang='lat' dir='ltr'><strong>decreverit</strong></span> <span class='ocrx_word' id='word_1_434' title='bbox 2832 3188 3097 3243; x_wconf 66' lang='lat' dir='ltr'><strong>aestimare</strong></span> <span class='ocrx_word' id='word_1_435' title='bbox 3145 3187 3299 3261; x_wconf 83' lang='lat' dir='ltr'><strong>[Gr.,</strong></span> <span class='ocrx_word' id='word_1_436' title='bbox 3336 3187 3458 3243; x_wconf 81' lang='lat' dir='ltr'><strong>Niv.</strong></span> <span class='ocrx_word' id='word_1_437' title='bbox 3490 3199 3541 3243; x_wconf 82' lang='lat' dir='ltr'><strong>et</strong></span> <span class='ocrx_word' id='word_1_438' title='bbox 3582 3189 3682 3243; x_wconf 71' lang='lat' dir='ltr'><strong>Ca.</strong></span> <span class='ocrx_word' id='word_1_439' title='bbox 3706 3232 3721 3255; x_wconf 88' lang='lat'><strong>,</strong></span> 
     </span>
    </p>
   </div>
   <div class='ocr_carea' id='block_1_65' title="bbox 459 3278 2041 3351">
    <p class='ocr_par' dir='ltr' id='par_1_65' title="bbox 459 3278 2041 3351">
     <span class='ocr_line' id='line_1_65' title="bbox 459 3278 2041 3351; baseline 0.003 -21"><span class='ocrx_word' id='word_1_440' title='bbox 459 3278 699 3332; x_wconf 90' lang='lat' dir='ltr'><strong>sentibus</strong></span> <span class='ocrx_word' id='word_1_441' title='bbox 728 3278 954 3348; x_wconf 87' lang='lat' dir='ltr'><strong>gaudiis,</strong></span> <span class='ocrx_word' id='word_1_442' title='bbox 985 3279 1075 3349; x_wconf 89' lang='lat' dir='ltr'><strong>qui</strong></span> <span class='ocrx_word' id='word_1_443' title='bbox 1104 3287 1259 3332; x_wconf 87' lang='lat' dir='ltr'><strong>erant</strong></span> <span class='ocrx_word' id='word_1_444' title='bbox 1279 3279 1344 3332; x_wconf 89' lang='lat' dir='ltr'><strong>de</strong></span> <span class='ocrx_word' id='word_1_445' title='bbox 1367 3288 1551 3333; x_wconf 89' lang='lat' dir='ltr'><strong>nostra</strong></span> <span class='ocrx_word' id='word_1_446' title='bbox 1578 3280 1792 3334; x_wconf 88' lang='lat' dir='ltr'><strong>actione</strong></span> <span class='ocrx_word' id='word_1_447' title='bbox 1814 3296 2041 3351; x_wconf 90' lang='lat' dir='ltr'><strong>suspen-</strong></span> 
     </span>
    </p>
   </div>
   <div class='ocr_carea' id='block_1_66' title="bbox 459 3368 2039 3440">
    <p class='ocr_par' dir='ltr' id='par_1_66' title="bbox 459 3368 2039 3440">
     <span class='ocr_line' id='line_1_66' title="bbox 459 3368 2039 3440; baseline 0.003 -20"><span class='ocrx_word' id='word_1_448' title='bbox 459 3368 502 3420; x_wconf 84' lang='lat' dir='ltr'><strong>si</strong></span> <span class='ocrx_word' id='word_1_449' title='bbox 537 3385 553 3421; x_wconf 82' lang='lat'><strong>:</strong></span> <span class='ocrx_word' id='word_1_450' title='bbox 586 3369 795 3421; x_wconf 87' lang='lat' dir='ltr'><strong>illorum</strong></span> <span class='ocrx_word' id='word_1_451' title='bbox 827 3384 912 3423; x_wconf 92' lang='lat' dir='ltr'><strong>me</strong></span> <span class='ocrx_word' id='word_1_452' title='bbox 938 3369 1220 3433; x_wconf 87' lang='lat' dir='ltr'><strong>desideria,</strong></span> <span class='ocrx_word' id='word_1_453' title='bbox 1266 3370 1474 3423; x_wconf 91' lang='lat' dir='ltr'><strong>illorum</strong></span> <span class='ocrx_word' id='word_1_454' title='bbox 1503 3385 1590 3425; x_wconf 89' lang='lat' dir='ltr'><strong>me</strong></span> <span class='ocrx_word' id='word_1_455' title='bbox 1621 3380 1742 3426; x_wconf 87' lang='lat' dir='ltr'><strong>vota</strong></span> <span class='ocrx_word' id='word_1_456' title='bbox 1768 3371 2039 3440; x_wconf 85' lang='lat' dir='ltr'><strong>juverunt.</strong></span> 
     </span>
    </p>
   </div>
   <div class='ocr_carea' id='block_1_67' title="bbox 462 3456 2043 3535">
    <p class='ocr_par' dir='ltr' id='par_1_67' title="bbox 462 3456 2043 3535">
     <span class='ocr_line' id='line_1_67' title="bbox 462 3456 2043 3535; baseline 0.004 -24"><span class='ocrx_word' id='word_1_457' title='bbox 462 3456 525 3512; x_wconf 87' lang='lat' dir='ltr'><strong>Et</strong></span> <span class='ocrx_word' id='word_1_458' title='bbox 567 3461 669 3514; x_wconf 90' lang='lat' dir='ltr'><strong>hoc</strong></span> <span class='ocrx_word' id='word_1_459' title='bbox 698 3461 827 3515; x_wconf 90' lang='lat' dir='ltr'><strong>mihi</strong></span> <span class='ocrx_word' id='word_1_460' title='bbox 875 3462 1013 3530; x_wconf 84' lang='lat' dir='ltr'><strong>apud</strong></span> <span class='ocrx_word' id='word_1_461' title='bbox 1048 3478 1223 3516; x_wconf 90' lang='lat' dir='ltr'><strong>rerum</strong></span> <span class='ocrx_word' id='word_1_462' title='bbox 1254 3463 1501 3519; x_wconf 91' lang='lat' dir='ltr'><strong>dominos</strong></span> <span class='ocrx_word' id='word_1_463' title='bbox 1534 3464 1762 3535; x_wconf 88' lang='lat' dir='ltr'><strong>profuit,</strong></span> <span class='ocrx_word' id='word_1_464' title='bbox 1806 3464 1951 3533; x_wconf 93' lang='lat' dir='ltr'><strong>quod</strong></span> <span class='ocrx_word' id='word_1_465' title='bbox 1977 3467 2043 3518; x_wconf 90' lang='lat' dir='ltr'><strong>ab</strong></span> 
     </span>
    </p>
   </div>
   <div class='ocr_carea' id='block_1_68' title="bbox 460 3550 2043 3623">
    <p class='ocr_par' dir='ltr' id='par_1_68' title="bbox 460 3550 2043 3623">
     <span class='ocr_line' id='line_1_68' title="bbox 460 3550 2043 3623; baseline 0.004 -21"><span class='ocrx_word' id='word_1_466' title='bbox 460 3550 539 3603; x_wconf 89' lang='lat' dir='ltr'><strong>eis</strong></span> <span class='ocrx_word' id='word_1_467' title='bbox 578 3551 951 3606; x_wconf 90' lang='lat' dir='ltr'><strong>universaliter</strong></span> <span class='ocrx_word' id='word_1_468' title='bbox 991 3552 1310 3608; x_wconf 84' lang='lat' dir='ltr'><strong>audiebatur</strong></span> <span class='ocrx_word' id='word_1_469' title='bbox 1350 3556 1545 3623; x_wconf 88' lang='lat' dir='ltr'><strong>optari.</strong></span> <span class='ocrx_word' id='word_1_470' title='bbox 1590 3555 1745 3623; x_wconf 87' lang='lat' dir='ltr'><strong>Agite</strong></span> <span class='ocrx_word' id='word_1_471' title='bbox 1794 3572 1936 3610; x_wconf 91' lang='lat' dir='ltr'><strong>nunc</strong></span> <span class='ocrx_word' id='word_1_472' title='bbox 1986 3566 2043 3611; x_wconf 91' lang='lat' dir='ltr'><strong>ut</strong></span> 
     </span>
    </p>
   </div>
   <div class='ocr_carea' id='block_1_69' title="bbox 460 3642 2042 3716">
    <p class='ocr_par' dir='ltr' id='par_1_69' title="bbox 460 3642 2042 3716">
     <span class='ocr_line' id='line_1_69' title="bbox 460 3642 2042 3716; baseline 0.006 -23"><span class='ocrx_word' id='word_1_473' title='bbox 460 3657 615 3694; x_wconf 89' lang='lat' dir='ltr'><strong>amor</strong></span> <span class='ocrx_word' id='word_1_474' title='bbox 663 3643 780 3708; x_wconf 76' lang='lat' dir='ltr'><strong>iste,</strong></span> <span class='ocrx_word' id='word_1_475' title='bbox 822 3642 1041 3712; x_wconf 86' lang='lat' dir='ltr'><strong>juvante</strong></span> <span class='ocrx_word' id='word_1_476' title='bbox 1088 3644 1333 3711; x_wconf 90' lang='lat' dir='ltr'><strong>Domino,</strong></span> <span class='ocrx_word' id='word_1_477' title='bbox 1390 3656 1721 3715; x_wconf 81' lang='lat' dir='ltr'><strong>perseveret,</strong></span> <span class='ocrx_word' id='word_1_478' title='bbox 1774 3650 1898 3716; x_wconf 88' lang='lat' dir='ltr'><strong>quia</strong></span> <span class='ocrx_word' id='word_1_479' title='bbox 1944 3664 2042 3703; x_wconf 90' lang='lat' dir='ltr'><strong>eos</strong></span> 
     </span>
    </p>
   </div>
   <div class='ocr_carea' id='block_1_70' title="bbox 460 3733 2040 3805">
    <p class='ocr_par' dir='ltr' id='par_1_70' title="bbox 460 3733 2040 3805">
     <span class='ocr_line' id='line_1_70' title="bbox 460 3733 2040 3805; baseline 0.004 -21"><span class='ocrx_word' id='word_1_480' title='bbox 460 3733 687 3801; x_wconf 81' lang='lat' dir='ltr'><strong>amplius</strong></span> <span class='ocrx_word' id='word_1_481' title='bbox 728 3735 778 3787; x_wconf 93' lang='lat' dir='ltr'><strong>in</strong></span> <span class='ocrx_word' id='word_1_482' title='bbox 819 3735 1079 3803; x_wconf 91' lang='lat' dir='ltr'><strong>reliquum</strong></span> <span class='ocrx_word' id='word_1_483' title='bbox 1119 3735 1281 3790; x_wconf 89' lang='lat' dir='ltr'><strong>credo</strong></span> <span class='ocrx_word' id='word_1_484' title='bbox 1319 3735 1528 3803; x_wconf 86' lang='lat' dir='ltr'><strong>facere,</strong></span> <span class='ocrx_word' id='word_1_485' title='bbox 1572 3736 1714 3805; x_wconf 87' lang='lat' dir='ltr'><strong>quod</strong></span> <span class='ocrx_word' id='word_1_486' title='bbox 1764 3754 1822 3792; x_wconf 91' lang='lat' dir='ltr'><strong>se</strong></span> <span class='ocrx_word' id='word_1_487' title='bbox 1860 3739 1913 3792; x_wconf 91' lang='lat' dir='ltr'><strong>in</strong></span> <span class='ocrx_word' id='word_1_488' title='bbox 1954 3754 2040 3791; x_wconf 90' lang='lat' dir='ltr'><strong>me</strong></span> 
     </span>
    </p>
   </div>
   <div class='ocr_carea' id='block_1_71' title="bbox 461 3821 2040 3896">
    <p class='ocr_par' dir='ltr' id='par_1_71' title="bbox 461 3821 2040 3896">
     <span class='ocr_line' id='line_1_71' title="bbox 461 3821 2040 3896; baseline 0.003 -21"><span class='ocrx_word' id='word_1_489' title='bbox 461 3821 487 3875; x_wconf 92' lang='lat' dir='ltr'><strong>f</strong></span> <span class='ocrx_word' id='word_1_490' title='bbox 514 3823 688 3877; x_wconf 83' lang='lat' dir='ltr'><strong>liciter</strong></span> <span class='ocrx_word' id='word_1_491' title='bbox 709 3824 947 3878; x_wconf 89' lang='lat' dir='ltr'><strong>sentiunt</strong></span> <span class='ocrx_word' id='word_1_492' title='bbox 974 3825 1276 3879; x_wconf 86' lang='lat' dir='ltr'><strong>inchoasse.</strong></span> <span class='ocrx_word' id='word_1_493' title='bbox 1310 3825 1701 3880; x_wconf 82' lang='lat' dir='ltr'><strong>Abundantiam</strong></span> <span class='ocrx_word' id='word_1_494' title='bbox 1727 3843 1867 3883; x_wconf 92' lang='lat' dir='ltr'><strong>nunc</strong></span> <span class='ocrx_word' id='word_1_495' title='bbox 1889 3835 2040 3896; x_wconf 86' lang='lat' dir='ltr'><strong>peta-</strong></span> 
     </span>
    </p>
   </div>
   <div class='ocr_carea' id='block_1_72' title="bbox 459 3916 2042 3985">
    <p class='ocr_par' dir='ltr' id='par_1_72' title="bbox 459 3916 2042 3985">
     <span class='ocr_line' id='line_1_72' title="bbox 459 3916 2042 3985; baseline 0.004 -19"><span class='ocrx_word' id='word_1_496' title='bbox 459 3931 576 3968; x_wconf 89' lang='lat' dir='ltr'><strong>mus</strong></span> <span class='ocrx_word' id='word_1_497' title='bbox 615 3916 989 3969; x_wconf 91' lang='lat' dir='ltr'><strong>communibus</strong></span> <span class='ocrx_word' id='word_1_498' title='bbox 1027 3916 1203 3970; x_wconf 90' lang='lat' dir='ltr'><strong>votis:</strong></span> <span class='ocrx_word' id='word_1_499' title='bbox 1233 3931 1479 3985; x_wconf 69' lang='lat' dir='ltr'><strong>superum</strong></span> <span class='ocrx_word' id='word_1_500' title='bbox 1514 3917 1895 3972; x_wconf 74' lang='lat' dir='ltr'><strong>misericordia:</strong></span> <span class='ocrx_word' id='word_1_501' title='bbox 1938 3918 2042 3972; x_wconf 85' lang='lat' dir='ltr'><strong>hu-</strong></span> 
     </span>
    </p>
   </div>
   <div class='ocr_carea' id='block_1_73' title="bbox 458 4005 2043 4076">
    <p class='ocr_par' dir='ltr' id='par_1_73' title="bbox 458 4005 2043 4076">
     <span class='ocr_line' id='line_1_73' title="bbox 458 4005 2043 4076; baseline 0.004 -19"><span class='ocrx_word' id='word_1_502' title='bbox 458 4005 612 4058; x_wconf 88' lang='lat' dir='ltr'><strong>miles</strong></span> <span class='ocrx_word' id='word_1_503' title='bbox 632 4006 1007 4075; x_wconf 81' lang='lat' dir='ltr'><strong>supplicemus,</strong></span> <span class='ocrx_word' id='word_1_504' title='bbox 1040 4016 1098 4060; x_wconf 93' lang='lat' dir='ltr'><strong>ut</strong></span> <span class='ocrx_word' id='word_1_505' title='bbox 1120 4007 1346 4076; x_wconf 91' lang='lat' dir='ltr'><strong>primum</strong></span> <span class='ocrx_word' id='word_1_506' title='bbox 1370 4007 1523 4061; x_wconf 89' lang='lat' dir='ltr'><strong>nobis</strong></span> <span class='ocrx_word' id='word_1_507' title='bbox 1548 4006 1777 4062; x_wconf 89' lang='lat' dir='ltr'><strong>salutem</strong></span> <span class='ocrx_word' id='word_1_508' title='bbox 1800 4007 2043 4063; x_wconf 81' lang='lat' dir='ltr'><strong>domino-</strong></span> 
     </span>
    </p>
   </div>
   <div class='ocr_carea' id='block_1_74' title="bbox 459 4096 2037 4169">
    <p class='ocr_par' dir='ltr' id='par_1_74' title="bbox 459 4096 2037 4169">
     <span class='ocr_line' id='line_1_74' title="bbox 459 4096 2037 4169; baseline 0.004 -23"><span class='ocrx_word' id='word_1_509' title='bbox 459 4110 576 4148; x_wconf 89' lang='lat' dir='ltr'><strong>rum</strong></span> <span class='ocrx_word' id='word_1_510' title='bbox 605 4096 888 4151; x_wconf 91' lang='lat' dir='ltr'><strong>clementia</strong></span> <span class='ocrx_word' id='word_1_511' title='bbox 912 4098 1087 4152; x_wconf 84' lang='lat' dir='ltr'><strong>divina</strong></span> <span class='ocrx_word' id='word_1_512' title='bbox 1115 4098 1394 4153; x_wconf 89' lang='lat' dir='ltr'><strong>concedat.</strong></span> <span class='ocrx_word' id='word_1_513' title='bbox 1429 4098 1693 4153; x_wconf 66' lang='lat' dir='ltr'><strong>Caeterum</strong></span> <span class='ocrx_word' id='word_1_514' title='bbox 1718 4108 2037 4169; x_wconf 90' lang='lat' dir='ltr'><strong>proventum</strong></span> 
     </span>
    </p>
   </div>
   <div class='ocr_carea' id='block_1_75' title="bbox 456 4189 2039 4259">
    <p class='ocr_par' dir='ltr' id='par_1_75' title="bbox 456 4189 2039 4259">
     <span class='ocr_line' id='line_1_75' title="bbox 456 4189 2039 4259; baseline 0.006 -22"><span class='ocrx_word' id='word_1_515' title='bbox 456 4202 615 4253; x_wconf 84' lang='lat' dir='ltr'><strong>quem</strong></span> <span class='ocrx_word' id='word_1_516' title='bbox 640 4190 945 4259; x_wconf 62' lang='lat' dir='ltr'><strong>prmstiterit</strong></span> <span class='ocrx_word' id='word_1_517' title='bbox 971 4206 1076 4244; x_wconf 91' lang='lat' dir='ltr'><strong>non</strong></span> <span class='ocrx_word' id='word_1_518' title='bbox 1108 4190 1427 4258; x_wconf 88' lang='lat' dir='ltr'><strong>negligentia</strong></span> <span class='ocrx_word' id='word_1_519' title='bbox 1455 4189 1720 4255; x_wconf 87' lang='lat' dir='ltr'><strong>diminuit,</strong></span> <span class='ocrx_word' id='word_1_520' title='bbox 1753 4208 1858 4247; x_wconf 92' lang='lat' dir='ltr'><strong>non</strong></span> <span class='ocrx_word' id='word_1_521' title='bbox 1884 4208 2039 4248; x_wconf 82' lang='lat' dir='ltr'><strong>vena-</strong></span> 
     </span>
    </p>
   </div>
   <div class='ocr_carea' id='block_1_76' title="bbox 459 4275 2035 4350">
    <p class='ocr_par' dir='ltr' id='par_1_76' title="bbox 459 4275 2035 4350">
     <span class='ocr_line' id='line_1_76' title="bbox 459 4275 2035 4350; baseline 0.006 -23"><span class='ocrx_word' id='word_1_522' title='bbox 459 4275 577 4329; x_wconf 68' lang='lat' dir='ltr'><strong>lilas</strong></span> <span class='ocrx_word' id='word_1_523' title='bbox 602 4279 708 4332; x_wconf 90' lang='lat' dir='ltr'><strong>ulla</strong></span> <span class='ocrx_word' id='word_1_524' title='bbox 740 4279 1003 4333; x_wconf 89' lang='lat' dir='ltr'><strong>subducit.</strong></span> <span class='ocrx_word' id='word_1_525' title='bbox 1051 4278 1232 4333; x_wconf 88' lang='lat' dir='ltr'><strong>Fidem</strong></span> <span class='ocrx_word' id='word_1_526' title='bbox 1262 4295 1435 4334; x_wconf 89' lang='lat' dir='ltr'><strong>meam</strong></span> <span class='ocrx_word' id='word_1_527' title='bbox 1466 4281 1742 4350; x_wconf 86' lang='lat' dir='ltr'><strong>promitto,</strong></span> <span class='ocrx_word' id='word_1_528' title='bbox 1791 4282 1883 4335; x_wconf 90' lang='lat' dir='ltr'><strong>sed</strong></span> <span class='ocrx_word' id='word_1_529' title='bbox 1914 4298 2035 4336; x_wconf 92' lang='lat' dir='ltr'><strong>cum</strong></span> 
     </span>
    </p>
   </div>
   <div class='ocr_carea' id='block_1_77' title="bbox 461 4366 2035 4439">
    <p class='ocr_par' dir='ltr' id='par_1_77' title="bbox 461 4366 2035 4439">
     <span class='ocr_line' id='line_1_77' title="bbox 461 4366 2035 4439; baseline 0.004 -20"><span class='ocrx_word' id='word_1_530' title='bbox 461 4366 588 4434; x_wconf 78' lang='lat' dir='ltr'><strong>ipsis</strong></span> <span class='ocrx_word' id='word_1_531' title='bbox 634 4369 933 4423; x_wconf 89' lang='lat' dir='ltr'><strong>Divinitatis</strong></span> <span class='ocrx_word' id='word_1_532' title='bbox 982 4370 1118 4423; x_wconf 87' lang='lat' dir='ltr'><strong>dona</strong></span> <span class='ocrx_word' id='word_1_533' title='bbox 1184 4371 1451 4434; x_wconf 89' lang='lat' dir='ltr'><strong>sustineo;</strong></span> <span class='ocrx_word' id='word_1_534' title='bbox 1510 4371 1778 4424; x_wconf 90' lang='lat' dir='ltr'><strong>cautelam</strong></span> <span class='ocrx_word' id='word_1_535' title='bbox 1843 4370 2035 4439; x_wconf 84' lang='lat' dir='ltr'><strong>offero,</strong></span> 
     </span>
    </p>
   </div>
   <div class='ocr_carea' id='block_1_78' title="bbox 460 4458 2033 4531">
    <p class='ocr_par' dir='ltr' id='par_1_78' title="bbox 460 4458 2033 4531">
     <span class='ocr_line' id='line_1_78' title="bbox 460 4458 2033 4531; baseline 0.004 -21"><span class='ocrx_word' id='word_1_536' title='bbox 460 4458 633 4524; x_wconf 90' lang='lat' dir='ltr'><strong>turpia</strong></span> <span class='ocrx_word' id='word_1_537' title='bbox 678 4458 1175 4514; x_wconf 66' lang='lat' dir='ltr'><strong>fraudulentissimm</strong></span> <span class='ocrx_word' id='word_1_538' title='bbox 1206 4461 1604 4514; x_wconf 90' lang='lat' dir='ltr'><strong>nundinationis</strong></span> <span class='ocrx_word' id='word_1_539' title='bbox 1632 4460 1877 4516; x_wconf 87' lang='lat' dir='ltr'><strong>excludo.</strong></span> <span class='ocrx_word' id='word_1_540' title='bbox 1932 4462 2033 4531; x_wconf 87' lang='lat' dir='ltr'><strong>Ipsi</strong></span> 
     </span>
    </p>
   </div>
   <div class='ocr_carea' id='block_1_79' title="bbox 2146 3278 3733 3349">
    <p class='ocr_par' dir='ltr' id='par_1_79' title="bbox 2146 3278 3733 3349">
     <span class='ocr_line' id='line_1_79' title="bbox 2146 3278 3733 3349; baseline 0.001 -16"><span class='ocrx_word' id='word_1_541' title='bbox 2146 3287 2349 3344; x_wconf 91' lang='lat' dir='ltr'><strong>custos,</strong></span> <span class='ocrx_word' id='word_1_542' title='bbox 2401 3290 2532 3345; x_wconf 84' lang='lat' dir='ltr'><strong>etc.,</strong></span> <span class='ocrx_word' id='word_1_543' title='bbox 2574 3278 2869 3349; x_wconf 65' lang='lat' dir='ltr'><strong>aestimari].</strong></span> <span class='ocrx_word' id='word_1_544' title='bbox 2923 3279 3112 3334; x_wconf 83' lang='lat' dir='ltr'><strong>Vestes</strong></span> <span class='ocrx_word' id='word_1_545' title='bbox 3161 3280 3305 3348; x_wconf 72' lang='lat' dir='ltr'><strong>ipsm,</strong></span> <span class='ocrx_word' id='word_1_546' title='bbox 3366 3295 3487 3348; x_wconf 70' lang='lat' dir='ltr'><strong>quze</strong></span> <span class='ocrx_word' id='word_1_547' title='bbox 3539 3281 3733 3335; x_wconf 83' lang='lat' dir='ltr'><strong>nostris</strong></span> 
     </span>
    </p>
   </div>
   <div class='ocr_carea' id='block_1_80' title="bbox 2143 3368 3733 3440">
    <p class='ocr_par' dir='ltr' id='par_1_80' title="bbox 2143 3368 3733 3440">
     <span class='ocr_line' id='line_1_80' title="bbox 2143 3368 3733 3440; baseline -0.001 -17"><span class='ocrx_word' id='word_1_548' title='bbox 2143 3370 2459 3438; x_wconf 87' lang='lat' dir='ltr'><strong>corporibus</strong></span> <span class='ocrx_word' id='word_1_549' title='bbox 2492 3370 2849 3439; x_wconf 86' lang='lat' dir='ltr'><strong>applicantur,</strong></span> <span class='ocrx_word' id='word_1_550' title='bbox 2902 3383 3082 3424; x_wconf 91' lang='lat' dir='ltr'><strong>nonne</strong></span> <span class='ocrx_word' id='word_1_551' title='bbox 3114 3385 3212 3423; x_wconf 91' lang='lat' dir='ltr'><strong>nos</strong></span> <span class='ocrx_word' id='word_1_552' title='bbox 3257 3368 3564 3424; x_wconf 91' lang='lat' dir='ltr'><strong>deformare</strong></span> <span class='ocrx_word' id='word_1_553' title='bbox 3615 3387 3733 3440; x_wconf 82' lang='lat' dir='ltr'><strong>pos-</strong></span> 
     </span>
    </p>
   </div>
   <div class='ocr_carea' id='block_1_81' title="bbox 2143 3460 3724 3531">
    <p class='ocr_par' dir='ltr' id='par_1_81' title="bbox 2143 3460 3724 3531">
     <span class='ocr_line' id='line_1_81' title="bbox 2143 3460 3724 3531; baseline 0.001 -16"><span class='ocrx_word' id='word_1_554' title='bbox 2143 3470 2297 3525; x_wconf 90' lang='lat' dir='ltr'><strong>sunt,</strong></span> <span class='ocrx_word' id='word_1_555' title='bbox 2346 3460 2389 3514; x_wconf 91' lang='lat' dir='ltr'><strong>si</strong></span> <span class='ocrx_word' id='word_1_556' title='bbox 2436 3461 2615 3531; x_wconf 86' lang='lat' dir='ltr'><strong>aliquo</strong></span> <span class='ocrx_word' id='word_1_557' title='bbox 2661 3462 3064 3531; x_wconf 89' lang='lat' dir='ltr'><strong>inquinamento</strong></span> <span class='ocrx_word' id='word_1_558' title='bbox 3118 3461 3473 3515; x_wconf 82' lang='lat' dir='ltr'><strong>sordescant?</strong></span> <span class='ocrx_word' id='word_1_559' title='bbox 3518 3462 3724 3529; x_wconf 84' lang='lat' dir='ltr'><strong>Quanta</strong></span> 
     </span>
    </p>
   </div>
   <div class='ocr_carea' id='block_1_82' title="bbox 2142 3552 3732 3620">
    <p class='ocr_par' dir='ltr' id='par_1_82' title="bbox 2142 3552 3732 3620">
     <span class='ocr_line' id='line_1_82' title="bbox 2142 3552 3732 3620; baseline 0.001 -14"><span class='ocrx_word' id='word_1_560' title='bbox 2142 3568 2273 3607; x_wconf 89' lang='lat' dir='ltr'><strong>vero</strong></span> <span class='ocrx_word' id='word_1_561' title='bbox 2316 3554 2485 3620; x_wconf 89' lang='lat' dir='ltr'><strong>gratia</strong></span> <span class='ocrx_word' id='word_1_562' title='bbox 2537 3569 2635 3607; x_wconf 90' lang='lat' dir='ltr'><strong>nos</strong></span> <span class='ocrx_word' id='word_1_563' title='bbox 2682 3553 2941 3609; x_wconf 88' lang='lat' dir='ltr'><strong>decorare</strong></span> <span class='ocrx_word' id='word_1_564' title='bbox 2988 3552 3260 3617; x_wconf 89' lang='lat' dir='ltr'><strong>videntur,</strong></span> <span class='ocrx_word' id='word_1_565' title='bbox 3313 3568 3435 3607; x_wconf 93' lang='lat' dir='ltr'><strong>cum</strong></span> <span class='ocrx_word' id='word_1_566' title='bbox 3484 3554 3732 3608; x_wconf 88' lang='lat' dir='ltr'><strong>laudabili</strong></span> 
     </span>
    </p>
   </div>
   <div class='ocr_carea' id='block_1_83' title="bbox 2144 3642 3727 3716">
    <p class='ocr_par' dir='ltr' id='par_1_83' title="bbox 2144 3642 3727 3716">
     <span class='ocr_line' id='line_1_83' title="bbox 2144 3642 3727 3716; baseline -0.001 -17"><span class='ocrx_word' id='word_1_567' title='bbox 2144 3645 2376 3714; x_wconf 89' lang='lat' dir='ltr'><strong>puritate</strong></span> <span class='ocrx_word' id='word_1_568' title='bbox 2405 3645 2703 3699; x_wconf 88' lang='lat' dir='ltr'><strong>nitueriot?</strong></span> <span class='ocrx_word' id='word_1_569' title='bbox 2736 3643 2825 3699; x_wconf 91' lang='lat' dir='ltr'><strong>Sic</strong></span> <span class='ocrx_word' id='word_1_570' title='bbox 2853 3644 3006 3699; x_wconf 90' lang='lat' dir='ltr'><strong>miles</strong></span> <span class='ocrx_word' id='word_1_571' title='bbox 3044 3644 3111 3697; x_wconf 90' lang='lat' dir='ltr'><strong>ad</strong></span> <span class='ocrx_word' id='word_1_572' title='bbox 3140 3650 3350 3698; x_wconf 88' lang='lat' dir='ltr'><strong>secreta</strong></span> <span class='ocrx_word' id='word_1_573' title='bbox 3375 3642 3574 3713; x_wconf 90' lang='lat' dir='ltr'><strong>judicis</strong></span> <span class='ocrx_word' id='word_1_574' title='bbox 3602 3661 3727 3716; x_wconf 88' lang='lat' dir='ltr'><strong>pro-</strong></span> 
     </span>
    </p>
   </div>
   <div class='ocr_carea' id='block_1_84' title="bbox 2142 3736 3729 3809">
    <p class='ocr_par' dir='ltr' id='par_1_84' title="bbox 2142 3736 3729 3809">
     <span class='ocr_line' id='line_1_84' title="bbox 2142 3736 3729 3809; baseline 0 -18"><span class='ocrx_word' id='word_1_575' title='bbox 2142 3738 2392 3802; x_wconf 85' lang='lat' dir='ltr'><strong>ximatus,</strong></span> <span class='ocrx_word' id='word_1_576' title='bbox 2425 3738 2668 3807; x_wconf 63' lang='lat' dir='ltr'><strong>praesulis</strong></span> <span class='ocrx_word' id='word_1_577' title='bbox 2695 3738 2778 3793; x_wconf 92' lang='lat' dir='ltr'><strong>sui</strong></span> <span class='ocrx_word' id='word_1_578' title='bbox 2808 3737 3002 3791; x_wconf 90' lang='lat' dir='ltr'><strong>famam</strong></span> <span class='ocrx_word' id='word_1_579' title='bbox 3050 3736 3168 3809; x_wconf 74' lang='grc' dir='ltr'><strong>[τηε.</strong></span> <span class='ocrx_word' id='word_1_580' title='bbox 3209 3747 3259 3790; x_wconf 83' lang='lat' dir='ltr'><strong>et</strong></span> <span class='ocrx_word' id='word_1_581' title='bbox 3300 3740 3394 3791; x_wconf 80' lang='lat' dir='ltr'><strong>Ac.</strong></span> <span class='ocrx_word' id='word_1_582' title='bbox 3417 3777 3433 3803; x_wconf 94' lang='lat'><strong>,</strong></span> <span class='ocrx_word' id='word_1_583' title='bbox 3481 3737 3729 3807; x_wconf 84' lang='lat' dir='ltr'><strong>formaml</strong></span> 
     </span>
    </p>
   </div>
   <div class='ocr_carea' id='block_1_85' title="bbox 2142 3828 3731 3898">
    <p class='ocr_par' dir='ltr' id='par_1_85' title="bbox 2142 3828 3731 3898">
     <span class='ocr_line' id='line_1_85' title="bbox 2142 3828 3731 3898; baseline 0.001 -18"><span class='ocrx_word' id='word_1_584' title='bbox 2142 3836 2237 3881; x_wconf 92' lang='lat' dir='ltr'><strong>aut</strong></span> <span class='ocrx_word' id='word_1_585' title='bbox 2274 3837 2449 3893; x_wconf 86' lang='lat' dir='ltr'><strong>ornat,</strong></span> <span class='ocrx_word' id='word_1_586' title='bbox 2501 3835 2594 3882; x_wconf 88' lang='lat' dir='ltr'><strong>aut</strong></span> <span class='ocrx_word' id='word_1_587' title='bbox 2622 3828 2875 3883; x_wconf 86' lang='lat' dir='ltr'><strong>maculat.</strong></span> <span class='ocrx_word' id='word_1_588' title='bbox 2921 3828 2977 3881; x_wconf 91' lang='lat' dir='ltr'><strong>In</strong></span> <span class='ocrx_word' id='word_1_589' title='bbox 3009 3828 3164 3883; x_wconf 86' lang='lat' dir='ltr'><strong>nobis</strong></span> <span class='ocrx_word' id='word_1_590' title='bbox 3190 3828 3453 3898; x_wconf 88' lang='lat' dir='ltr'><strong>siquidem</strong></span> <span class='ocrx_word' id='word_1_591' title='bbox 3484 3840 3731 3898; x_wconf 78' lang='lat' dir='ltr'><strong>peccant,</strong></span> 
     </span>
    </p>
   </div>
   <div class='ocr_carea' id='block_1_86' title="bbox 2140 3916 3733 3989">
    <p class='ocr_par' dir='ltr' id='par_1_86' title="bbox 2140 3916 3733 3989">
     <span class='ocr_line' id='line_1_86' title="bbox 2140 3916 3733 3989; baseline 0.001 -20"><span class='ocrx_word' id='word_1_592' title='bbox 2140 3916 2232 3986; x_wconf 93' lang='lat' dir='ltr'><strong>qui</strong></span> <span class='ocrx_word' id='word_1_593' title='bbox 2254 3917 2387 3972; x_wconf 88' lang='lat' dir='ltr'><strong>alios</strong></span> <span class='ocrx_word' id='word_1_594' title='bbox 2410 3917 2713 3981; x_wconf 88' lang='lat' dir='ltr'><strong>maculant;</strong></span> <span class='ocrx_word' id='word_1_595' title='bbox 2744 3926 2799 3971; x_wconf 90' lang='lat' dir='ltr'><strong>et</strong></span> <span class='ocrx_word' id='word_1_596' title='bbox 2840 3916 2964 3971; x_wconf 92' lang='lat' dir='ltr'><strong>dum</strong></span> <span class='ocrx_word' id='word_1_597' title='bbox 2988 3917 3216 3987; x_wconf 91' lang='lat' dir='ltr'><strong>spolium</strong></span> <span class='ocrx_word' id='word_1_598' title='bbox 3240 3918 3579 3971; x_wconf 87' lang='lat' dir='ltr'><strong>observantis</strong></span> <span class='ocrx_word' id='word_1_599' title='bbox 3601 3916 3733 3989; x_wconf 76' lang='lat' dir='ltr'><strong>[ed.,</strong></span> 
     </span>
    </p>
   </div>
   <div class='ocr_carea' id='block_1_87' title="bbox 2141 4002 3727 4077">
    <p class='ocr_par' dir='ltr' id='par_1_87' title="bbox 2141 4002 3727 4077">
     <span class='ocr_line' id='line_1_87' title="bbox 2141 4002 3727 4077; baseline -0.001 -17"><span class='ocrx_word' id='word_1_600' title='bbox 2141 4004 2505 4077; x_wconf 86' lang='lat' dir='ltr'><strong>obsecrantis]</strong></span> <span class='ocrx_word' id='word_1_601' title='bbox 2572 4006 2825 4071; x_wconf 90' lang='lat' dir='ltr'><strong>ambitur,</strong></span> <span class='ocrx_word' id='word_1_602' title='bbox 2896 4004 3035 4059; x_wconf 86' lang='lat' dir='ltr'><strong>fama</strong></span> <span class='ocrx_word' id='word_1_603' title='bbox 3092 4002 3432 4075; x_wconf 69' lang='lat' dir='ltr'><strong>prtesidentis’</strong></span> <span class='ocrx_word' id='word_1_604' title='bbox 3494 4007 3727 4061; x_wconf 88' lang='lat' dir='ltr'><strong>exuitur.</strong></span> 
     </span>
    </p>
   </div>
   <div class='ocr_carea' id='block_1_88' title="bbox 2138 4095 3729 4165">
    <p class='ocr_par' dir='ltr' id='par_1_88' title="bbox 2138 4095 3729 4165">
     <span class='ocr_line' id='line_1_88' title="bbox 2138 4095 3729 4165; baseline 0.001 -16"><span class='ocrx_word' id='word_1_605' title='bbox 2138 4096 2451 4159; x_wconf 85' lang='lat' dir='ltr'><strong>Considera,</strong></span> <span class='ocrx_word' id='word_1_606' title='bbox 2495 4095 2539 4150; x_wconf 87' lang='lat' dir='ltr'><strong>si</strong></span> <span class='ocrx_word' id='word_1_607' title='bbox 2581 4096 2853 4165; x_wconf 87' lang='lat' dir='ltr'><strong>negligere</strong></span> <span class='ocrx_word' id='word_1_608' title='bbox 2894 4095 3151 4150; x_wconf 91' lang='lat' dir='ltr'><strong>debemus</strong></span> <span class='ocrx_word' id='word_1_609' title='bbox 3192 4096 3333 4151; x_wconf 90' lang='lat' dir='ltr'><strong>unde</strong></span> <span class='ocrx_word' id='word_1_610' title='bbox 3378 4111 3476 4150; x_wconf 89' lang='lat' dir='ltr'><strong>nos</strong></span> <span class='ocrx_word' id='word_1_611' title='bbox 3526 4096 3729 4165; x_wconf 89' lang='lat' dir='ltr'><strong>culpari</strong></span> 
     </span>
    </p>
   </div>
   <div class='ocr_carea' id='block_1_89' title="bbox 2139 4184 3734 4258">
    <p class='ocr_par' dir='ltr' id='par_1_89' title="bbox 2139 4184 3734 4258">
     <span class='ocr_line' id='line_1_89' title="bbox 2139 4184 3734 4258; baseline -0.002 -18"><span class='ocrx_word' id='word_1_612' title='bbox 2139 4202 2299 4256; x_wconf 88' lang='lat' dir='ltr'><strong>posse</strong></span> <span class='ocrx_word' id='word_1_613' title='bbox 2328 4201 2737 4254; x_wconf 83' lang='lat' dir='ltr'><strong>cognoscamus.</strong></span> <span class='ocrx_word' id='word_1_614' title='bbox 2791 4184 2939 4241; x_wconf 91' lang='lat' dir='ltr'><strong>Ultra</strong></span> <span class='ocrx_word' id='word_1_615' title='bbox 2968 4186 3262 4241; x_wconf 89' lang='lat' dir='ltr'><strong>clementes</strong></span> <span class='ocrx_word' id='word_1_616' title='bbox 3294 4185 3321 4224; x_wconf 67' lang='grc' dir='ltr'>ι)</span> <span class='ocrx_word' id='word_1_617' title='bbox 3356 4184 3473 4258; x_wconf 71' lang='grc' dir='ltr'>[αι’.</span> <span class='ocrx_word' id='word_1_618' title='bbox 3493 4228 3511 4253; x_wconf 85' lang='grc'><strong><em>,</em></strong></span> <span class='ocrx_word' id='word_1_619' title='bbox 3538 4184 3657 4257; x_wconf 80' lang='lat' dir='ltr'><strong>Cuj.</strong></span> <span class='ocrx_word' id='word_1_620' title='bbox 3685 4192 3734 4237; x_wconf 79' lang='lat' dir='ltr'><strong>et</strong></span> 
     </span>
    </p>
   </div>
   <div class='ocr_carea' id='block_1_90' title="bbox 2142 4275 3729 4348">
    <p class='ocr_par' dir='ltr' id='par_1_90' title="bbox 2142 4275 3729 4348">
     <span class='ocr_line' id='line_1_90' title="bbox 2142 4275 3729 4348; baseline -0.002 -17"><span class='ocrx_word' id='word_1_621' title='bbox 2142 4279 2332 4347; x_wconf 81' lang='lat' dir='ltr'><strong>Fom.,</strong></span> <span class='ocrx_word' id='word_1_622' title='bbox 2374 4275 2672 4348; x_wconf 86' lang='lat' dir='ltr'><strong>dementes]</strong></span> <span class='ocrx_word' id='word_1_623' title='bbox 2720 4286 2831 4343; x_wconf 89' lang='lat' dir='ltr'><strong>est,</strong></span> <span class='ocrx_word' id='word_1_624' title='bbox 2864 4278 2955 4346; x_wconf 87' lang='lat' dir='ltr'><strong>qui</strong></span> <span class='ocrx_word' id='word_1_625' title='bbox 2986 4278 3170 4332; x_wconf 91' lang='lat' dir='ltr'><strong>ulcisci</strong></span> <span class='ocrx_word' id='word_1_626' title='bbox 3202 4294 3308 4332; x_wconf 92' lang='lat' dir='ltr'><strong>non</strong></span> <span class='ocrx_word' id='word_1_627' title='bbox 3340 4277 3547 4346; x_wconf 89' lang='lat' dir='ltr'><strong>appetit</strong></span> <span class='ocrx_word' id='word_1_628' title='bbox 3571 4290 3729 4345; x_wconf 87' lang='lat' dir='ltr'><strong>quem</strong></span> 
     </span>
    </p>
   </div>
   <div class='ocr_carea' id='block_1_91' title="bbox 2140 4368 3733 4439">
    <p class='ocr_par' dir='ltr' id='par_1_91' title="bbox 2140 4368 3733 4439">
     <span class='ocr_line' id='line_1_91' title="bbox 2140 4368 3733 4439; baseline -0.002 -16"><span class='ocrx_word' id='word_1_629' title='bbox 2140 4378 2438 4439; x_wconf 87' lang='lat' dir='ltr'><strong>grassatum</strong></span> <span class='ocrx_word' id='word_1_630' title='bbox 2484 4370 2537 4424; x_wconf 90' lang='lat' dir='ltr'><strong>in</strong></span> <span class='ocrx_word' id='word_1_631' title='bbox 2579 4384 2677 4423; x_wconf 92' lang='lat' dir='ltr'><strong>suo</strong></span> <span class='ocrx_word' id='word_1_632' title='bbox 2720 4368 2986 4423; x_wconf 89' lang='lat' dir='ltr'><strong>dedecore</strong></span> <span class='ocrx_word' id='word_1_633' title='bbox 3023 4369 3452 4438; x_wconf 88' lang='lat' dir='ltr'><strong>comprehendit.</strong></span> <span class='ocrx_word' id='word_1_634' title='bbox 3506 4368 3733 4437; x_wconf 80' lang='lat' dir='ltr'><strong>Respice</strong></span> 
     </span>
    </p>
   </div>
   <div class='ocr_carea' id='block_1_92' title="bbox 2139 4455 3728 4529">
    <p class='ocr_par' dir='ltr' id='par_1_92' title="bbox 2139 4455 3728 4529">
     <span class='ocr_line' id='line_1_92' title="bbox 2139 4455 3728 4529; baseline -0.003 -16"><span class='ocrx_word' id='word_1_635' title='bbox 2139 4476 2247 4529; x_wconf 89' lang='lat' dir='ltr'><strong>quo</strong></span> <span class='ocrx_word' id='word_1_636' title='bbox 2305 4462 2521 4514; x_wconf 90' lang='lat' dir='ltr'><strong>nomine</strong></span> <span class='ocrx_word' id='word_1_637' title='bbox 2562 4459 2904 4529; x_wconf 90' lang='lat' dir='ltr'><strong>nuncuperis.</strong></span> <span class='ocrx_word' id='word_1_638' title='bbox 2964 4457 3156 4513; x_wconf 90' lang='lat' dir='ltr'><strong>Latere</strong></span> <span class='ocrx_word' id='word_1_639' title='bbox 3213 4476 3319 4514; x_wconf 89' lang='lat' dir='ltr'><strong>non</strong></span> <span class='ocrx_word' id='word_1_640' title='bbox 3361 4467 3544 4529; x_wconf 90' lang='lat' dir='ltr'><strong>potest</strong></span> <span class='ocrx_word' id='word_1_641' title='bbox 3578 4455 3728 4526; x_wconf 89' lang='lat' dir='ltr'><strong>quod</strong></span> 
     </span>
    </p>
   </div>
   <div class='ocr_carea' id='block_1_93' title="bbox 459 4548 3727 4623">
    <p class='ocr_par' dir='ltr' id='par_1_93' title="bbox 459 4548 3727 4623">
     <span class='ocr_line' id='line_1_93' title="bbox 459 4548 3727 4623; baseline 0.002 -20"><span class='ocrx_word' id='word_1_642' title='bbox 459 4558 637 4604; x_wconf 91' lang='lat' dir='ltr'><strong>autem</strong></span> <span class='ocrx_word' id='word_1_643' title='bbox 669 4552 719 4605; x_wconf 89' lang='lat' dir='ltr'><strong>in</strong></span> <span class='ocrx_word' id='word_1_644' title='bbox 750 4552 974 4607; x_wconf 89' lang='lat' dir='ltr'><strong>Domino</strong></span> <span class='ocrx_word' id='word_1_645' title='bbox 1002 4553 1069 4608; x_wconf 91' lang='lat' dir='ltr'><strong>de</strong></span> <span class='ocrx_word' id='word_1_646' title='bbox 1098 4554 1389 4623; x_wconf 85' lang='lat' dir='ltr'><strong>promerita</strong></span> <span class='ocrx_word' id='word_1_647' title='bbox 1419 4553 1663 4608; x_wconf 87' lang='lat' dir='ltr'><strong>ubertate</strong></span> <span class='ocrx_word' id='word_1_648' title='bbox 1690 4555 2004 4623; x_wconf 86' lang='lat' dir='ltr'><strong>glorientur.</strong></span> <span class='ocrx_word' id='word_1_649' title='bbox 2067 4561 2109 4616; x_wconf 79' lang='grc' dir='ltr'><strong>Ι)</strong></span> <span class='ocrx_word' id='word_1_650' title='bbox 2137 4551 2275 4605; x_wconf 90' lang='lat' dir='ltr'><strong>inter</strong></span> <span class='ocrx_word' id='word_1_651' title='bbox 2295 4552 2564 4606; x_wconf 85' lang='lat' dir='ltr'><strong>cancellos</strong></span> <span class='ocrx_word' id='word_1_652' title='bbox 2607 4562 2629 4589; x_wconf 79' lang='grc' dir='ltr'><strong>ο</strong></span> <span class='ocrx_word' id='word_1_653' title='bbox 2663 4550 2856 4619; x_wconf 87' lang='lat' dir='ltr'><strong>egeris.</strong></span> <span class='ocrx_word' id='word_1_654' title='bbox 2890 4549 3064 4604; x_wconf 86' lang='lat' dir='ltr'><strong>Tenes</strong></span> <span class='ocrx_word' id='word_1_655' title='bbox 3086 4551 3285 4621; x_wconf 85' lang='lat' dir='ltr'><strong>quippe</strong></span> <span class='ocrx_word' id='word_1_656' title='bbox 3324 4550 3528 4604; x_wconf 84' lang='lat' dir='ltr'><strong>lucidas</strong></span> <span class='ocrx_word' id='word_1_657' title='bbox 3560 4548 3727 4611; x_wconf 56' lang='lat' dir='ltr'><strong>fores.</strong></span> 
     </span>
    </p>
   </div>
   <div class='ocr_carea' id='block_1_94' title="bbox 1019 4685 1462 4742">
    <p class='ocr_par' dir='ltr' id='par_1_94' title="bbox 1019 4685 1462 4742">
     <span class='ocr_line' id='line_1_94' title="bbox 1019 4685 1462 4742; baseline -0.002 -1"><span class='ocrx_word' id='word_1_658' title='bbox 1019 4685 1349 4742; x_wconf 82' lang='lat' dir='ltr'><strong>EPISTOLA</strong></span> <span class='ocrx_word' id='word_1_659' title='bbox 1377 4685 1462 4740; x_wconf 88' lang='lat' dir='ltr'><strong>Vl.</strong></span> 
     </span>
    </p>
   </div>
   <div class='ocr_carea' id='block_1_95' title="bbox 491 4811 1996 4860">
    <p class='ocr_par' dir='ltr' id='par_1_95' title="bbox 491 4811 1996 4860">
     <span class='ocr_line' id='line_1_95' title="bbox 491 4811 1996 4860; baseline 0.007 -10"><span class='ocrx_word' id='word_1_660' title='bbox 491 4811 669 4852; x_wconf 67' lang='lat' dir='ltr'><strong>JOANNI</strong></span> <span class='ocrx_word' id='word_1_661' title='bbox 696 4814 1055 4853; x_wconf 68' lang='lat' dir='ltr'><strong>CANCELLABIO</strong></span> <span class='ocrx_word' id='word_1_662' title='bbox 1082 4816 1321 4855; x_wconf 75' lang='lat' dir='ltr'><strong>SENATOR</strong></span> <span class='ocrx_word' id='word_1_663' title='bbox 1351 4817 1670 4857; x_wconf 59' lang='lat' dir='ltr'><strong>PRAEFECTUS</strong></span> <span class='ocrx_word' id='word_1_664' title='bbox 1700 4820 1996 4860; x_wconf 69' lang='lat' dir='ltr'><strong>PR£TORIO.</strong></span> 
     </span>
    </p>
   </div>
   <div class='ocr_carea' id='block_1_96' title="bbox 456 4910 2032 4987">
    <p class='ocr_par' dir='ltr' id='par_1_96' title="bbox 456 4910 2032 4987">
     <span class='ocr_line' id='line_1_96' title="bbox 456 4910 2032 4987; baseline 0.004 -23"><span class='ocrx_word' id='word_1_665' title='bbox 456 4910 687 4966; x_wconf 77' lang='lat' dir='ltr'><strong>Joannes</strong></span> <span class='ocrx_word' id='word_1_666' title='bbox 717 4928 750 4987; x_wconf 83' lang='lat' dir='ltr'><strong>a_</strong></span> <span class='ocrx_word' id='word_1_667' title='bbox 777 4912 1085 4987; x_wconf 67' lang='lat' dir='ltr'><strong>Cassiodoro</strong></span> <span class='ocrx_word' id='word_1_668' title='bbox 1112 4921 1313 4987; x_wconf 76' lang='lat' dir='ltr'><strong>creatur</strong></span> <span class='ocrx_word' id='word_1_669' title='bbox 1340 4914 1706 4987; x_wconf 62' lang='lat' dir='ltr'><strong>cancellos-ius,</strong></span> <span class='ocrx_word' id='word_1_670' title='bbox 1748 4926 1797 4969; x_wconf 88' lang='lat' dir='ltr'><strong>et</strong></span> <span class='ocrx_word' id='word_1_671' title='bbox 1830 4918 1952 4987; x_wconf 84' lang='lat' dir='ltr'><strong>quid</strong></span> <span class='ocrx_word' id='word_1_672' title='bbox 1980 4920 2032 4971; x_wconf 81' lang='lat' dir='ltr'><strong>in</strong></span> 
     </span>
    </p>
   </div>
   <div class='ocr_carea' id='block_1_97' title="bbox 731 4983 1743 5053">
    <p class='ocr_par' dir='ltr' id='par_1_97' title="bbox 731 4983 1743 5053">
     <span class='ocr_line' id='line_1_97' title="bbox 731 4983 1743 5053; baseline 0.004 -18"><span class='ocrx_word' id='word_1_673' title='bbox 731 4983 827 5035; x_wconf 82' lang='lat' dir='ltr'><strong>hac</strong></span> <span class='ocrx_word' id='word_1_674' title='bbox 857 4983 1109 5053; x_wconf 81' lang='lat' dir='ltr'><strong>dignitate</strong></span> <span class='ocrx_word' id='word_1_675' title='bbox 1137 4984 1391 5051; x_wconf 82' lang='lat' dir='ltr'><strong>agendum</strong></span> <span class='ocrx_word' id='word_1_676' title='bbox 1420 4984 1743 5039; x_wconf 84' lang='lat' dir='ltr'><strong>admonetur.</strong></span> 
     </span>
    </p>
   </div>
   <div class='ocr_carea' id='block_1_98' title="bbox 528 5094 2031 5169">
    <p class='ocr_par' dir='ltr' id='par_1_98' title="bbox 528 5094 2031 5169">
     <span class='ocr_line' id='line_1_98' title="bbox 528 5094 2031 5169; baseline 0.005 -22"><span class='ocrx_word' id='word_1_677' title='bbox 528 5094 780 5161; x_wconf 88' lang='lat' dir='ltr'><strong>Quamvis</strong></span> <span class='ocrx_word' id='word_1_678' title='bbox 808 5097 1022 5151; x_wconf 87' lang='lat' dir='ltr'><strong>statutis</strong></span> <span class='ocrx_word' id='word_1_679' title='bbox 1051 5094 1301 5162; x_wconf 87' lang='lat' dir='ltr'><strong>gradibus</strong></span> <span class='ocrx_word' id='word_1_680' title='bbox 1322 5096 1498 5152; x_wconf 89' lang='lat' dir='ltr'><strong>omnis</strong></span> <span class='ocrx_word' id='word_1_681' title='bbox 1518 5098 1702 5153; x_wconf 89' lang='lat' dir='ltr'><strong>militia</strong></span> <span class='ocrx_word' id='word_1_682' title='bbox 1727 5110 2031 5169; x_wconf 85' lang='lat' dir='ltr'><strong>peragatur,</strong></span> 
     </span>
    </p>
   </div>
   <div class='ocr_carea' id='block_1_99' title="bbox 528 5276 2028 5352">
    <p class='ocr_par' dir='ltr' id='par_1_99' title="bbox 528 5276 2028 5352">
     <span class='ocr_line' id='line_1_99' title="bbox 528 5276 2028 5352; baseline 0.003 -21"><span class='ocrx_word' id='word_1_683' title='bbox 528 5288 549 5313; x_wconf 78' lang='grc'><strong><em>⁸</em></strong></span> <span class='ocrx_word' id='word_1_684' title='bbox 579 5276 695 5332; x_wconf 88' lang='lat' dir='ltr'><strong>Lib.</strong></span> <span class='ocrx_word' id='word_1_685' title='bbox 728 5296 762 5352; x_wconf 84' lang='lat' dir='ltr'><strong>_l,</strong></span> <span class='ocrx_word' id='word_1_686' title='bbox 787 5296 905 5349; x_wconf 90' lang='lat' dir='ltr'><strong>cap.</strong></span> <span class='ocrx_word' id='word_1_687' title='bbox 943 5279 993 5344; x_wconf 70' lang='lat'><strong>2,</strong></span> <span class='ocrx_word' id='word_1_688' title='bbox 1030 5279 1234 5352; x_wconf 81' lang='lat' dir='ltr'><strong>Nazarii</strong></span> <span class='ocrx_word' id='word_1_689' title='bbox 1280 5281 1331 5352; x_wconf 84' lang='lat' dir='ltr'><strong>in</strong></span> <span class='ocrx_word' id='word_1_690' title='bbox 1377 5284 1718 5352; x_wconf 79' lang='lat' dir='ltr'><strong>panegyrieo,</strong></span> <span class='ocrx_word' id='word_1_691' title='bbox 1752 5298 1872 5351; x_wconf 88' lang='lat' dir='ltr'><strong>pag.</strong></span> <span class='ocrx_word' id='word_1_692' title='bbox 1907 5282 2028 5336; x_wconf 68' lang='lat'><strong>206.</strong></span> 
     </span>
    </p>
   </div>
   <div class='ocr_carea' id='block_1_100' title="bbox 455 5346 2031 5418">
    <p class='ocr_par' dir='ltr' id='par_1_100' title="bbox 455 5346 2031 5418">
     <span class='ocr_line' id='line_1_100' title="bbox 455 5346 2031 5418; baseline 0.004 -18"><span class='ocrx_word' id='word_1_693' title='bbox 455 5346 683 5418; x_wconf 87' lang='lat' dir='ltr'><strong>Sanctus</strong></span> <span class='ocrx_word' id='word_1_694' title='bbox 710 5346 956 5404; x_wconf 79' lang='lat' dir='ltr'><strong>Ambros.</strong></span> <span class='ocrx_word' id='word_1_695' title='bbox 991 5352 1079 5404; x_wconf 90' lang='lat' dir='ltr'><strong>lib.</strong></span> <span class='ocrx_word' id='word_1_696' title='bbox 1115 5367 1146 5404; x_wconf 90' lang='grc' dir='ltr'><strong>ιι</strong></span> <span class='ocrx_word' id='word_1_697' title='bbox 1179 5349 1247 5405; x_wconf 87' lang='lat' dir='ltr'><strong>de</strong></span> <span class='ocrx_word' id='word_1_698' title='bbox 1278 5346 1583 5418; x_wconf 74' lang='lat' dir='ltr'><strong>Virginibus</strong></span> <span class='ocrx_word' id='word_1_699' title='bbox 1617 5373 1627 5406; x_wconf 91' lang='lat'><strong>:</strong></span> <span class='ocrx_word' id='word_1_700' title='bbox 1664 5346 1808 5407; x_wconf 79' lang='lat' dir='ltr'><strong>Bona</strong></span> <span class='ocrx_word' id='word_1_701' title='bbox 1826 5346 2031 5406; x_wconf 65' lang='grc' dir='ltr'>ἶΙυιιιιις</span> 
     </span>
    </p>
   </div>
   <div class='ocr_carea' id='block_1_101' title="bbox 457 5417 2031 5492">
    <p class='ocr_par' dir='ltr' id='par_1_101' title="bbox 457 5417 2031 5492">
     <span class='ocr_line' id='line_1_101' title="bbox 457 5417 2031 5492; baseline 0.003 -21"><span class='ocrx_word' id='word_1_702' title='bbox 457 5417 516 5492; x_wconf 69' lang='lat' dir='ltr'><strong>in</strong></span> <span class='ocrx_word' id='word_1_703' title='bbox 548 5419 664 5487; x_wconf 89' lang='lat' dir='ltr'><strong>ipso</strong></span> <span class='ocrx_word' id='word_1_704' title='bbox 694 5422 958 5475; x_wconf 85' lang='lat' dir='ltr'><strong>vestibulo</strong></span> <span class='ocrx_word' id='word_1_705' title='bbox 1004 5422 1162 5492; x_wconf 85' lang='lat' dir='ltr'><strong>debet</strong></span> <span class='ocrx_word' id='word_1_706' title='bbox 1207 5417 1443 5489; x_wconf 84' lang='lat' dir='ltr'><strong>agnosci.</strong></span> <span class='ocrx_word' id='word_1_707' title='bbox 1499 5423 1588 5479; x_wconf 92' lang='lat' dir='ltr'><strong>Sic</strong></span> <span class='ocrx_word' id='word_1_708' title='bbox 1636 5425 1914 5492; x_wconf 80' lang='lat' dir='ltr'><strong>Apuleius.</strong></span> <span class='ocrx_word' id='word_1_709' title='bbox 1967 5422 2031 5476; x_wconf 84' lang='lat' dir='ltr'><strong>Et</strong></span> 
     </span>
    </p>
   </div>
   <div class='ocr_carea' id='block_1_102' title="bbox 454 5485 2033 5562">
    <p class='ocr_par' dir='ltr' id='par_1_102' title="bbox 454 5485 2033 5562">
     <span class='ocr_line' id='line_1_102' title="bbox 454 5485 2033 5562; baseline 0.004 -21"><span class='ocrx_word' id='word_1_710' title='bbox 454 5485 788 5562; x_wconf 74' lang='lat' dir='ltr'><strong>Hieronqu</strong></span> <span class='ocrx_word' id='word_1_711' title='bbox 820 5494 974 5559; x_wconf 81' lang='lat' dir='ltr'><strong>epist.</strong></span> <span class='ocrx_word' id='word_1_712' title='bbox 1005 5491 1073 5545; x_wconf 88' lang='lat' dir='ltr'><strong>ad</strong></span> <span class='ocrx_word' id='word_1_713' title='bbox 1105 5485 1395 5549; x_wconf 46' lang='lat' dir='ltr'><strong>Marc-ellin.</strong></span> <span class='ocrx_word' id='word_1_714' title='bbox 1421 5506 1477 5548; x_wconf 90' lang='lat' dir='ltr'><strong>et</strong></span> <span class='ocrx_word' id='word_1_715' title='bbox 1500 5485 1800 5562; x_wconf 59' lang='lat' dir='ltr'><strong>Anap&#39;j&#39;cb.</strong></span> <span class='ocrx_word' id='word_1_716' title='bbox 1840 5512 1850 5545; x_wconf 91' lang='lat'>:</span> <span class='ocrx_word' id='word_1_717' title='bbox 1888 5492 2033 5558; x_wconf 87' lang='lat' dir='ltr'><strong>Quos</strong></span> 
     </span>
    </p>
   </div>
   <div class='ocr_carea' id='block_1_103' title="bbox 455 5560 2029 5632">
    <p class='ocr_par' dir='ltr' id='par_1_103' title="bbox 455 5560 2029 5632">
     <span class='ocr_line' id='line_1_103' title="bbox 455 5560 2029 5632; baseline 0.004 -20"><span class='ocrx_word' id='word_1_718' title='bbox 455 5573 576 5632; x_wconf 82' lang='lat' dir='ltr'><strong>cum</strong></span> <span class='ocrx_word' id='word_1_719' title='bbox 618 5560 832 5626; x_wconf 65' lang='lat' dir='ltr'><strong>legeris,</strong></span> <span class='ocrx_word' id='word_1_720' title='bbox 866 5571 921 5615; x_wconf 90' lang='lat' dir='ltr'><strong>et</strong></span> <span class='ocrx_word' id='word_1_721' title='bbox 941 5562 1200 5632; x_wconf 86' lang='lat' dir='ltr'><strong>vestibula</strong></span> <span class='ocrx_word' id='word_1_722' title='bbox 1250 5563 1470 5627; x_wconf 88' lang='lat' dir='ltr'><strong>videris,</strong></span> <span class='ocrx_word' id='word_1_723' title='bbox 1523 5560 1693 5618; x_wconf 68' lang='lat' dir='ltr'><strong>facilus</strong></span> <span class='ocrx_word' id='word_1_724' title='bbox 1722 5565 2029 5632; x_wconf 79' lang='lat' dir='ltr'><strong>conjectura</strong></span> 
     </span>
    </p>
   </div>
   <div class='ocr_carea' id='block_1_104' title="bbox 412 5628 1666 5699">
    <p class='ocr_par' dir='ltr' id='par_1_104' title="bbox 412 5628 1666 5699">
     <span class='ocr_line' id='line_1_104' title="bbox 412 5628 1666 5699; baseline 0.003 -18"><span class='ocrx_word' id='word_1_725' title='bbox 412 5642 427 5699; x_wconf 58' lang='grc' dir='ltr'>ς</span> <span class='ocrx_word' id='word_1_726' title='bbox 454 5628 576 5699; x_wconf 87' lang='lat' dir='ltr'><strong>erit,</strong></span> <span class='ocrx_word' id='word_1_727' title='bbox 604 5633 774 5696; x_wconf 86' lang='lat' dir='ltr'><strong>qualis</strong></span> <span class='ocrx_word' id='word_1_728' title='bbox 806 5632 915 5699; x_wconf 53' lang='lat' dir='ltr'><strong>ipsa</strong></span> <span class='ocrx_word' id='word_1_729' title='bbox 946 5632 1013 5686; x_wconf 87' lang='lat' dir='ltr'><strong>sit</strong></span> <span class='ocrx_word' id='word_1_730' title='bbox 1035 5631 1206 5684; x_wconf 86' lang='lat' dir='ltr'><strong>futura</strong></span> <span class='ocrx_word' id='word_1_731' title='bbox 1239 5633 1444 5687; x_wconf 84' lang='lat' dir='ltr'><strong>dooms.</strong></span> <span class='ocrx_word' id='word_1_732' title='bbox 1475 5634 1666 5688; x_wconf 60' lang='grc' dir='ltr'><strong>λυπεῖ.</strong></span> 
     </span>
    </p>
   </div>
   <div class='ocr_carea' id='block_1_105' title="bbox 529 5698 2025 5766">
    <p class='ocr_par' dir='ltr' id='par_1_105' title="bbox 529 5698 2025 5766">
     <span class='ocr_line' id='line_1_105' title="bbox 529 5698 2025 5766; baseline 0.004 -16"><span class='ocrx_word' id='word_1_733' title='bbox 529 5698 555 5735; x_wconf 70' lang='grc' dir='ltr'>δ</span> <span class='ocrx_word' id='word_1_734' title='bbox 580 5698 885 5766; x_wconf 59' lang='lat' dir='ltr'><strong>metuentes,</strong></span> <span class='ocrx_word' id='word_1_735' title='bbox 918 5701 1035 5755; x_wconf 83' lang='lat' dir='ltr'><strong>Vet.</strong></span> <span class='ocrx_word' id='word_1_736' title='bbox 1056 5742 1071 5765; x_wconf 90' lang='lat'><strong>,</strong></span> <span class='ocrx_word' id='word_1_737' title='bbox 1116 5703 1396 5756; x_wconf 76' lang='lat' dir='ltr'><strong>dementes.</strong></span> <span class='ocrx_word' id='word_1_738' title='bbox 1445 5704 1702 5759; x_wconf 75' lang='lat' dir='ltr'><strong>I’ioclivis</strong></span> <span class='ocrx_word' id='word_1_739' title='bbox 1732 5704 1829 5757; x_wconf 91' lang='lat' dir='ltr'><strong>fuit</strong></span> <span class='ocrx_word' id='word_1_740' title='bbox 1852 5722 2025 5764; x_wconf 81' lang='lat' dir='ltr'><strong>error.</strong></span> 
     </span>
    </p>
   </div>
   <div class='ocr_carea' id='block_1_106' title="bbox 456 5768 2029 5841">
    <p class='ocr_par' dir='ltr' id='par_1_106' title="bbox 456 5768 2029 5841">
     <span class='ocr_line' id='line_1_106' title="bbox 456 5768 2029 5841; baseline 0.009 -24"><span class='ocrx_word' id='word_1_741' title='bbox 456 5782 522 5841; x_wconf 70' lang='lat' dir='ltr'><strong>ex</strong></span> <span class='ocrx_word' id='word_1_742' title='bbox 552 5768 881 5841; x_wconf 56' lang='lat' dir='ltr'><strong>affinitaterl</strong></span> <span class='ocrx_word' id='word_1_743' title='bbox 911 5788 1030 5824; x_wconf 84' lang='lat' dir='ltr'><strong>cum</strong></span> <span class='ocrx_word' id='word_1_744' title='bbox 1061 5773 1113 5835; x_wconf 72' lang='grc' dir='ltr'><strong>ά,</strong></span> <span class='ocrx_word' id='word_1_745' title='bbox 1149 5784 1205 5825; x_wconf 81' lang='grc' dir='ltr'><strong>ιιι</strong></span> <span class='ocrx_word' id='word_1_746' title='bbox 1234 5774 1365 5827; x_wconf 85' lang='lat' dir='ltr'><strong>alias</strong></span> <span class='ocrx_word' id='word_1_747' title='bbox 1392 5774 1581 5828; x_wconf 84' lang='lat' dir='ltr'><strong>eodem</strong></span> <span class='ocrx_word' id='word_1_748' title='bbox 1614 5776 1787 5828; x_wconf 82' lang='lat' dir='ltr'><strong>tuendi</strong></span> <span class='ocrx_word' id='word_1_749' title='bbox 1832 5789 2029 5841; x_wconf 79' lang='lat' dir='ltr'><strong>genere</strong></span> 
     </span>
    </p>
   </div>
   <div class='ocr_carea' id='block_1_107' title="bbox 456 5835 2029 5912">
    <p class='ocr_par' dir='ltr' id='par_1_107' title="bbox 456 5835 2029 5912">
     <span class='ocr_line' id='line_1_107' title="bbox 456 5835 2029 5912; baseline 0.008 -22"><span class='ocrx_word' id='word_1_750' title='bbox 456 5835 667 5891; x_wconf 81' lang='lat' dir='ltr'><strong>laborat</strong></span> <span class='ocrx_word' id='word_1_751' title='bbox 693 5837 911 5906; x_wconf 87' lang='lat' dir='ltr'><strong>Gellius,</strong></span> <span class='ocrx_word' id='word_1_752' title='bbox 944 5841 1034 5894; x_wconf 72' lang='lat' dir='ltr'><strong>lib.</strong></span> <span class='ocrx_word' id='word_1_753' title='bbox 1070 5859 1120 5909; x_wconf 80' lang='lat' dir='ltr'><strong>v,</strong></span> <span class='ocrx_word' id='word_1_754' title='bbox 1152 5858 1269 5912; x_wconf 84' lang='lat' dir='ltr'><strong>cap.</strong></span> <span class='ocrx_word' id='word_1_755' title='bbox 1308 5842 1397 5909; x_wconf 68' lang='grc'><strong>14,</strong></span> <span class='ocrx_word' id='word_1_756' title='bbox 1432 5844 1482 5898; x_wconf 91' lang='lat' dir='ltr'><strong>in</strong></span> <span class='ocrx_word' id='word_1_757' title='bbox 1513 5845 1728 5900; x_wconf 89' lang='lat' dir='ltr'><strong>nomine</strong></span> <span class='ocrx_word' id='word_1_758' title='bbox 1758 5835 1896 5900; x_wconf 47' lang='lat' dir='ltr'><strong>ser—vi</strong></span> <span class='ocrx_word' id='word_1_759' title='bbox 1930 5848 2029 5903; x_wconf 85' lang='lat' dir='ltr'><strong>Au-</strong></span> 
     </span>
    </p>
   </div>
   <div class='ocr_carea' id='block_1_108' title="bbox 2140 4640 3728 4712">
    <p class='ocr_par' dir='ltr' id='par_1_108' title="bbox 2140 4640 3728 4712">
     <span class='ocr_line' id='line_1_108' title="bbox 2140 4640 3728 4712; baseline 0 -15"><span class='ocrx_word' id='word_1_760' title='bbox 2140 4642 2371 4697; x_wconf 88' lang='lat' dir='ltr'><strong>claustra</strong></span> <span class='ocrx_word' id='word_1_761' title='bbox 2426 4643 2686 4712; x_wconf 87' lang='lat' dir='ltr'><strong>patentia,</strong></span> <span class='ocrx_word' id='word_1_762' title='bbox 2746 4640 3063 4697; x_wconf 88' lang='lat' dir='ltr'><strong>fenestratas</strong></span> <span class='ocrx_word' id='word_1_763' title='bbox 3105 4643 3327 4710; x_wconf 89' lang='lat' dir='ltr'><strong>januas;</strong></span> <span class='ocrx_word' id='word_1_764' title='bbox 3382 4650 3438 4695; x_wconf 93' lang='lat' dir='ltr'><strong>et</strong></span> <span class='ocrx_word' id='word_1_765' title='bbox 3483 4644 3728 4711; x_wconf 78' lang='lat' dir='ltr'><strong>quamvis</strong></span> 
     </span>
    </p>
   </div>
   <div class='ocr_carea' id='block_1_109' title="bbox 2138 4735 3723 4805">
    <p class='ocr_par' dir='ltr' id='par_1_109' title="bbox 2138 4735 3723 4805">
     <span class='ocr_line' id='line_1_109' title="bbox 2138 4735 3723 4805; baseline 0.001 -16"><span class='ocrx_word' id='word_1_766' title='bbox 2138 4735 2378 4790; x_wconf 88' lang='lat' dir='ltr'><strong>studiose</strong></span> <span class='ocrx_word' id='word_1_767' title='bbox 2416 4736 2651 4800; x_wconf 75' lang='lat' dir='ltr'><strong>claudas,</strong></span> <span class='ocrx_word' id='word_1_768' title='bbox 2705 4750 2926 4790; x_wconf 88' lang='lat' dir='ltr'><strong>necesse</strong></span> <span class='ocrx_word' id='word_1_769' title='bbox 2955 4742 3039 4789; x_wconf 90' lang='lat' dir='ltr'><strong>est</strong></span> <span class='ocrx_word' id='word_1_770' title='bbox 3070 4743 3127 4787; x_wconf 92' lang='lat' dir='ltr'><strong>ut</strong></span> <span class='ocrx_word' id='word_1_771' title='bbox 3164 4743 3214 4787; x_wconf 93' lang='lat' dir='ltr'><strong>te</strong></span> <span class='ocrx_word' id='word_1_772' title='bbox 3242 4736 3450 4790; x_wconf 89' lang='lat' dir='ltr'><strong>cunctis</strong></span> <span class='ocrx_word' id='word_1_773' title='bbox 3492 4736 3723 4805; x_wconf 87' lang='lat' dir='ltr'><strong>aperias.</strong></span> 
     </span>
    </p>
   </div>
   <div class='ocr_carea' id='block_1_110' title="bbox 2138 4822 3726 4890">
    <p class='ocr_par' dir='ltr' id='par_1_110' title="bbox 2138 4822 3726 4890">
     <span class='ocr_line' id='line_1_110' title="bbox 2138 4822 3726 4890; baseline 0 -11"><span class='ocrx_word' id='word_1_774' title='bbox 2138 4825 2272 4879; x_wconf 87' lang='lat' dir='ltr'><strong>Nam</strong></span> <span class='ocrx_word' id='word_1_775' title='bbox 2316 4826 2360 4879; x_wconf 90' lang='lat' dir='ltr'><strong>si</strong></span> <span class='ocrx_word' id='word_1_776' title='bbox 2394 4826 2520 4880; x_wconf 92' lang='lat' dir='ltr'><strong>foris</strong></span> <span class='ocrx_word' id='word_1_777' title='bbox 2550 4826 2784 4888; x_wconf 89' lang='lat' dir='ltr'><strong>steteris,</strong></span> <span class='ocrx_word' id='word_1_778' title='bbox 2829 4825 2962 4879; x_wconf 90' lang='lat' dir='ltr'><strong>meis</strong></span> <span class='ocrx_word' id='word_1_779' title='bbox 3006 4822 3313 4878; x_wconf 85' lang='lat' dir='ltr'><strong>emendaris</strong></span> <span class='ocrx_word' id='word_1_780' title='bbox 3343 4824 3653 4890; x_wconf 88' lang='lat' dir='ltr'><strong>obtutibus;</strong></span> <span class='ocrx_word' id='word_1_781' title='bbox 3683 4826 3726 4879; x_wconf 93' lang='lat' dir='ltr'><strong>si</strong></span> 
     </span>
    </p>
   </div>
   <div class='ocr_carea' id='block_1_111' title="bbox 2140 4916 3726 4984">
    <p class='ocr_par' dir='ltr' id='par_1_111' title="bbox 2140 4916 3726 4984">
     <span class='ocr_line' id='line_1_111' title="bbox 2140 4916 3726 4984; baseline 0.001 -15"><span class='ocrx_word' id='word_1_782' title='bbox 2140 4916 2280 4970; x_wconf 90' lang='lat' dir='ltr'><strong>intus</strong></span> <span class='ocrx_word' id='word_1_783' title='bbox 2311 4917 2642 4983; x_wconf 85' lang='lat' dir='ltr'><strong>ingrediaris,</strong></span> <span class='ocrx_word' id='word_1_784' title='bbox 2675 4917 3074 4969; x_wconf 88' lang='lat' dir='ltr'><strong>observantium</strong></span> <span class='ocrx_word' id='word_1_785' title='bbox 3123 4930 3229 4968; x_wconf 92' lang='lat' dir='ltr'><strong>non</strong></span> <span class='ocrx_word' id='word_1_786' title='bbox 3270 4925 3426 4984; x_wconf 90' lang='lat' dir='ltr'><strong>potes</strong></span> <span class='ocrx_word' id='word_1_787' title='bbox 3454 4916 3726 4972; x_wconf 88' lang='lat' dir='ltr'><strong>declinare</strong></span> 
     </span>
    </p>
   </div>
   <div class='ocr_carea' id='block_1_112' title="bbox 2138 5006 3721 5079">
    <p class='ocr_par' dir='ltr' id='par_1_112' title="bbox 2138 5006 3721 5079">
     <span class='ocr_line' id='line_1_112' title="bbox 2138 5006 3721 5079; baseline -0.003 -14"><span class='ocrx_word' id='word_1_788' title='bbox 2138 5018 2477 5079; x_wconf 83' lang='lat' dir='ltr'><strong>conspectus.</strong></span> <span class='ocrx_word' id='word_1_789' title='bbox 2502 5009 2637 5063; x_wconf 91' lang='lat' dir='ltr'><strong>Vide</strong></span> <span class='ocrx_word' id='word_1_790' title='bbox 2660 5024 2767 5079; x_wconf 93' lang='lat' dir='ltr'><strong>quo</strong></span> <span class='ocrx_word' id='word_1_791' title='bbox 2790 5015 2842 5061; x_wconf 92' lang='lat' dir='ltr'><strong>te</strong></span> <span class='ocrx_word' id='word_1_792' title='bbox 2863 5006 3155 5075; x_wconf 89' lang='lat' dir='ltr'><strong>antiquitas</strong></span> <span class='ocrx_word' id='word_1_793' title='bbox 3177 5006 3405 5061; x_wconf 89' lang='lat' dir='ltr'><strong>voluerit</strong></span> <span class='ocrx_word' id='word_1_794' title='bbox 3428 5007 3721 5075; x_wconf 88' lang='lat' dir='ltr'><strong>collocari;</strong></span> 
     </span>
    </p>
   </div>
   <div class='ocr_carea' id='block_1_113' title="bbox 2138 5098 3715 5172">
    <p class='ocr_par' dir='ltr' id='par_1_113' title="bbox 2138 5098 3715 5172">
     <span class='ocr_line' id='line_1_113' title="bbox 2138 5098 3715 5172; baseline -0.001 -15"><span class='ocrx_word' id='word_1_795' title='bbox 2138 5102 2371 5171; x_wconf 89' lang='lat' dir='ltr'><strong>undique</strong></span> <span class='ocrx_word' id='word_1_796' title='bbox 2413 5101 2763 5172; x_wconf 88' lang='lat' dir='ltr'><strong>conspiceris,</strong></span> <span class='ocrx_word' id='word_1_797' title='bbox 2810 5100 2898 5170; x_wconf 90' lang='lat' dir='ltr'><strong>qui</strong></span> <span class='ocrx_word' id='word_1_798' title='bbox 2938 5100 2990 5152; x_wconf 92' lang='lat' dir='ltr'><strong>in</strong></span> <span class='ocrx_word' id='word_1_799' title='bbox 3046 5099 3133 5153; x_wconf 90' lang='lat' dir='ltr'><strong>illa</strong></span> <span class='ocrx_word' id='word_1_800' title='bbox 3176 5098 3424 5153; x_wconf 89' lang='lat' dir='ltr'><strong>claritate</strong></span> <span class='ocrx_word' id='word_1_801' title='bbox 3469 5100 3715 5157; x_wconf 88' lang='lat' dir='ltr'><strong>versaris.</strong></span> 
     </span>
    </p>
   </div>
   <div class='ocr_carea' id='block_1_114' title="bbox 2137 5283 3721 5359">
    <p class='ocr_par' dir='ltr' id='par_1_114' title="bbox 2137 5283 3721 5359">
     <span class='ocr_line' id='line_1_114' title="bbox 2137 5283 3721 5359; baseline 0.004 -23"><span class='ocrx_word' id='word_1_802' title='bbox 2137 5283 2291 5338; x_wconf 88' lang='lat' dir='ltr'><strong>drodi</strong></span> <span class='ocrx_word' id='word_1_803' title='bbox 2316 5303 2352 5359; x_wconf 61' lang='grc' dir='ltr'>ει</span> <span class='ocrx_word' id='word_1_804' title='bbox 2388 5286 2543 5359; x_wconf 66' lang='lat' dir='ltr'><strong>leone</strong></span> <span class='ocrx_word' id='word_1_805' title='bbox 2571 5289 2758 5356; x_wconf 87' lang='lat' dir='ltr'><strong>agniti,</strong></span> <span class='ocrx_word' id='word_1_806' title='bbox 2795 5291 2887 5359; x_wconf 90' lang='lat' dir='ltr'><strong>qui</strong></span> <span class='ocrx_word' id='word_1_807' title='bbox 2917 5306 3045 5346; x_wconf 88' lang='lat' dir='ltr'><strong>vere</strong></span> <span class='ocrx_word' id='word_1_808' title='bbox 3070 5290 3367 5345; x_wconf 77' lang='lat' dir='ltr'><strong>Androclus</strong></span> <span class='ocrx_word' id='word_1_809' title='bbox 3390 5288 3529 5358; x_wconf 90' lang='lat' dir='ltr'><strong>apud</strong></span> <span class='ocrx_word' id='word_1_810' title='bbox 3561 5288 3721 5343; x_wconf 67' lang='grc' dir='ltr'><strong>ᾹΞΙίειο</strong></span> 
     </span>
    </p>
   </div>
   <div class='ocr_carea' id='block_1_115' title="bbox 2135 5355 3714 5428">
    <p class='ocr_par' dir='ltr' id='par_1_115' title="bbox 2135 5355 3714 5428">
     <span class='ocr_line' id='line_1_115' title="bbox 2135 5355 3714 5428; baseline 0.001 -21"><span class='ocrx_word' id='word_1_811' title='bbox 2135 5370 2282 5428; x_wconf 63' lang='grc' dir='ltr'>[ιιιιιι.</span> <span class='ocrx_word' id='word_1_812' title='bbox 2316 5355 2377 5428; x_wconf 78' lang='lat' dir='ltr'><strong>Et</strong></span> <span class='ocrx_word' id='word_1_813' title='bbox 2402 5355 2768 5428; x_wconf 81' lang='lat' dir='ltr'><strong>Nemesianus,</strong></span> <span class='ocrx_word' id='word_1_814' title='bbox 2801 5355 2951 5415; x_wconf 76' lang='lat' dir='ltr'><strong>divos</strong></span> <span class='ocrx_word' id='word_1_815' title='bbox 2973 5362 3090 5415; x_wconf 91' lang='lat' dir='ltr'><strong>lene</strong></span> <span class='ocrx_word' id='word_1_816' title='bbox 3115 5362 3379 5426; x_wconf 83' lang='lat' dir='ltr'><strong>jacentes,</strong></span> <span class='ocrx_word' id='word_1_817' title='bbox 3408 5355 3504 5428; x_wconf 84' lang='lat' dir='ltr'><strong>pro</strong></span> <span class='ocrx_word' id='word_1_818' title='bbox 3531 5359 3714 5411; x_wconf 78' lang='lat' dir='ltr'><strong>clivos.</strong></span> 
     </span>
    </p>
   </div>
   <div class='ocr_carea' id='block_1_116' title="bbox 2134 5424 3717 5498">
    <p class='ocr_par' dir='ltr' id='par_1_116' title="bbox 2134 5424 3717 5498">
     <span class='ocr_line' id='line_1_116' title="bbox 2134 5424 3717 5498; baseline 0.001 -21"><span class='ocrx_word' id='word_1_819' title='bbox 2134 5424 2399 5498; x_wconf 63' lang='lat' dir='ltr'><strong>pescribit</strong></span> <span class='ocrx_word' id='word_1_820' title='bbox 2420 5428 2559 5481; x_wconf 85' lang='lat' dir='ltr'><strong>enim</strong></span> <span class='ocrx_word' id='word_1_821' title='bbox 2591 5424 2838 5497; x_wconf 85' lang='lat' dir='ltr'><strong>Capitolii</strong></span> <span class='ocrx_word' id='word_1_822' title='bbox 2870 5424 3150 5486; x_wconf 81' lang='lat' dir='ltr'><strong>ascensum</strong></span> <span class='ocrx_word' id='word_1_823' title='bbox 3175 5470 3190 5493; x_wconf 90' lang='lat'><strong>,</strong></span> <span class='ocrx_word' id='word_1_824' title='bbox 3240 5432 3292 5484; x_wconf 92' lang='lat' dir='ltr'><strong>in</strong></span> <span class='ocrx_word' id='word_1_825' title='bbox 3318 5424 3425 5498; x_wconf 81' lang='lat' dir='ltr'><strong>quo</strong></span> <span class='ocrx_word' id='word_1_826' title='bbox 3453 5438 3508 5482; x_wconf 89' lang='lat' dir='ltr'><strong>et</strong></span> <span class='ocrx_word' id='word_1_827' title='bbox 3553 5429 3717 5481; x_wconf 77' lang='lat' dir='ltr'><strong>clivos</strong></span> 
     </span>
    </p>
   </div>
   <div class='ocr_carea' id='block_1_117' title="bbox 2137 5494 3709 5570">
    <p class='ocr_par' dir='ltr' id='par_1_117' title="bbox 2137 5494 3709 5570">
     <span class='ocr_line' id='line_1_117' title="bbox 2137 5494 3709 5570; baseline 0.006 -25"><span class='ocrx_word' id='word_1_828' title='bbox 2137 5494 2299 5570; x_wconf 69' lang='lat' dir='ltr'><strong>fuisse</strong></span> <span class='ocrx_word' id='word_1_829' title='bbox 2344 5494 2689 5570; x_wconf 30' lang='lat' dir='ltr'><strong>constatavel</strong></span> <span class='ocrx_word' id='word_1_830' title='bbox 2720 5518 2785 5555; x_wconf 85' lang='lat' dir='ltr'><strong>ex</strong></span> <span class='ocrx_word' id='word_1_831' title='bbox 2826 5502 3088 5570; x_wconf 84' lang='lat' dir='ltr'><strong>Alpheno,</strong></span> <span class='ocrx_word' id='word_1_832' title='bbox 3123 5503 3157 5554; x_wconf 92' lang='grc' dir='ltr'><strong>Ι.</strong></span> <span class='ocrx_word' id='word_1_833' title='bbox 3200 5499 3290 5566; x_wconf 72' lang='lat'><strong>52,</strong></span> <span class='ocrx_word' id='word_1_834' title='bbox 3334 5494 3396 5554; x_wconf 83' lang='lat' dir='ltr'><strong>Si</strong></span> <span class='ocrx_word' id='word_1_835' title='bbox 3430 5515 3495 5552; x_wconf 78' lang='lat' dir='ltr'><strong>ea:</strong></span> <span class='ocrx_word' id='word_1_836' title='bbox 3523 5499 3709 5570; x_wconf 51' lang='lat' dir='ltr'><strong>play“,</strong></span> 
     </span>
    </p>
   </div>
   <div class='ocr_carea' id='block_1_118' title="bbox 2140 5565 3710 5640">
    <p class='ocr_par' dir='ltr' id='par_1_118' title="bbox 2140 5565 3710 5640">
     <span class='ocr_line' id='line_1_118' title="bbox 2140 5565 3710 5640; baseline -0.002 -20"><span class='ocrx_word' id='word_1_837' title='bbox 2140 5565 2268 5640; x_wconf 81' lang='lat' dir='ltr'><strong>§_ln</strong></span> <span class='ocrx_word' id='word_1_838' title='bbox 2316 5568 2443 5640; x_wconf 64' lang='lat' dir='ltr'><strong>0“th</strong></span> <span class='ocrx_word' id='word_1_839' title='bbox 2495 5568 2559 5622; x_wconf 91' lang='lat' dir='ltr'><strong>ad</strong></span> <span class='ocrx_word' id='word_1_840' title='bbox 2592 5568 2625 5621; x_wconf 93' lang='grc' dir='ltr'><strong>Ι.</strong></span> <span class='ocrx_word' id='word_1_841' title='bbox 2670 5565 2956 5639; x_wconf 81' lang='lat' dir='ltr'><strong>Aquiliam.</strong></span> <span class='ocrx_word' id='word_1_842' title='bbox 3010 5572 3198 5625; x_wconf 84' lang='lat' dir='ltr'><strong>Simile</strong></span> <span class='ocrx_word' id='word_1_843' title='bbox 3248 5565 3533 5640; x_wconf 82' lang='lat' dir='ltr'><strong>peccatum</strong></span> <span class='ocrx_word' id='word_1_844' title='bbox 3574 5565 3710 5633; x_wconf 72' lang='lat' dir='ltr'><strong>apud</strong></span> 
     </span>
    </p>
   </div>
   <div class='ocr_carea' id='block_1_119' title="bbox 2136 5635 3714 5711">
    <p class='ocr_par' dir='ltr' id='par_1_119' title="bbox 2136 5635 3714 5711">
     <span class='ocr_line' id='line_1_119' title="bbox 2136 5635 3714 5711; baseline 0 -19"><span class='ocrx_word' id='word_1_845' title='bbox 2136 5635 2351 5711; x_wconf 59' lang='lat' dir='ltr'><strong>Grmcos</strong></span> <span class='ocrx_word' id='word_1_846' title='bbox 2386 5639 2463 5711; x_wconf 59' lang='lat' dir='ltr'><strong>~iI_I_</strong></span> <span class='ocrx_word' id='word_1_847' title='bbox 2500 5635 2746 5707; x_wconf 64' lang='grc' dir='ltr'><strong>χαὶήϐιαξ</strong></span> <span class='ocrx_word' id='word_1_848' title='bbox 2775 5657 2892 5711; x_wconf 78' lang='lat' dir='ltr'><strong>pro</strong></span> <span class='ocrx_word' id='word_1_849' title='bbox 2925 5641 3169 5711; x_wconf 65' lang='grc' dir='ltr'><strong>χαδήσιν.</strong></span> <span class='ocrx_word' id='word_1_850' title='bbox 3221 5635 3277 5695; x_wconf 75' lang='lat' dir='ltr'><strong>et</strong></span> <span class='ocrx_word' id='word_1_851' title='bbox 3324 5642 3571 5711; x_wconf 70' lang='grc' dir='ltr'><strong>χαὶήσια,</strong></span> <span class='ocrx_word' id='word_1_852' title='bbox 3618 5650 3714 5705; x_wconf 78' lang='lat' dir='ltr'><strong>pro</strong></span> 
     </span>
    </p>
   </div>
   <div class='ocr_carea' id='block_1_120' title="bbox 2137 5706 3319 5780">
    <p class='ocr_par' dir='ltr' id='par_1_120' title="bbox 2137 5706 3319 5780">
     <span class='ocr_line' id='line_1_120' title="bbox 2137 5706 3319 5780; baseline 0.003 -19"><span class='ocrx_word' id='word_1_853' title='bbox 2137 5706 2391 5780; x_wconf 52' lang='grc' dir='ltr'><strong>ἐεαδήςιαέ</strong></span> <span class='ocrx_word' id='word_1_854' title='bbox 2424 5706 2726 5776; x_wconf 86' lang='lat' dir='ltr'><strong>llartungus</strong></span> <span class='ocrx_word' id='word_1_855' title='bbox 2757 5706 3122 5780; x_wconf 58' lang='lat' dir='ltr'><strong>deprellendit.</strong></span> <span class='ocrx_word' id='word_1_856' title='bbox 3154 5712 3319 5766; x_wconf 68' lang='lat' dir='ltr'><strong>Fons.</strong></span> 
     </span>
    </p>
   </div>
   <div class='ocr_carea' id='block_1_121' title="bbox 2210 5778 3709 5850">
    <p class='ocr_par' dir='ltr' id='par_1_121' title="bbox 2210 5778 3709 5850">
     <span class='ocr_line' id='line_1_121' title="bbox 2210 5778 3709 5850; baseline -0.001 -19"><span class='ocrx_word' id='word_1_857' title='bbox 2210 5788 2231 5816; x_wconf 76' lang='grc' dir='ltr'><strong><em>ο</em></strong></span> <span class='ocrx_word' id='word_1_858' title='bbox 2257 5778 2460 5850; x_wconf 78' lang='lat' dir='ltr'><strong>Glossa:</strong></span> <span class='ocrx_word' id='word_1_859' title='bbox 2498 5780 2748 5850; x_wconf 63' lang='lat' dir='ltr'><strong>antiquas,</strong></span> <span class='ocrx_word' id='word_1_860' title='bbox 2802 5778 2953 5835; x_wconf 79' lang='lat' dir='ltr'><strong>caula</strong></span> <span class='ocrx_word' id='word_1_861' title='bbox 2990 5799 3001 5833; x_wconf 92' lang='lat'>:</span> <span class='ocrx_word' id='word_1_862' title='bbox 3040 5783 3261 5836; x_wconf 80' lang='lat' dir='ltr'><strong>cancelli</strong></span> <span class='ocrx_word' id='word_1_863' title='bbox 3308 5789 3432 5837; x_wconf 84' lang='lat' dir='ltr'><strong>ante</strong></span> <span class='ocrx_word' id='word_1_864' title='bbox 3477 5778 3709 5850; x_wconf 81' lang='lat' dir='ltr'><strong>judicent</strong></span> 
     </span>
    </p>
   </div>
   <div class='ocr_carea' id='block_1_122' title="bbox 2134 5847 3267 5915">
    <p class='ocr_par' dir='ltr' id='par_1_122' title="bbox 2134 5847 3267 5915">
     <span class='ocr_line' id='line_1_122' title="bbox 2134 5847 3267 5915; baseline 0.004 -13"><span class='ocrx_word' id='word_1_865' title='bbox 2134 5856 2284 5903; x_wconf 80' lang='lat' dir='ltr'><strong>extra</strong></span> <span class='ocrx_word' id='word_1_866' title='bbox 2315 5848 2486 5915; x_wconf 86' lang='lat' dir='ltr'><strong>caula,</strong></span> <span class='ocrx_word' id='word_1_867' title='bbox 2517 5847 2647 5905; x_wconf 84' lang='lat' dir='ltr'><strong>foris</strong></span> <span class='ocrx_word' id='word_1_868' title='bbox 2678 5866 2862 5906; x_wconf 82' lang='lat' dir='ltr'><strong>versus</strong></span> <span class='ocrx_word' id='word_1_869' title='bbox 2889 5852 3041 5906; x_wconf 87' lang='lat' dir='ltr'><strong>atria.</strong></span> <span class='ocrx_word' id='word_1_870' title='bbox 3076 5850 3267 5907; x_wconf 75' lang='lat' dir='ltr'><strong>Jvan.</strong></span> 
     </span>
    </p>
   </div>
  </div>
