4006 6448
221 311 331 368 833

1480 294 1837 352 VARIARUM
1886 293 2081 347 LIBER
2122 294 2214 349 XI.

3393 289 3495 342 8πῶ

219 423 459 479 Proinde
508 421 575 476 ad
623 430 805 475 nostra
858 417 1057 472 monita
1105 430 1263 469 aures
1305 413 1649 481 animumque
1678 427 1809 466 con-
1840 420 1886 477 Α
1914 410 2159 463 absolute
2198 408 2360 462 facias
2390 424 2509 463 esse
2540 409 2856 478 periculum.
2886 406 3286 470 Verumtamen,
3331 416 3388 462 ut
3420 408 3499 465 iu-

222 524 408 578 verte,
457 513 558 581 fige
613 512 779 568 menti
826 510 1007 565 omnia
1059 523 1177 579 qua:
1226 506 1477 575 jubemus
1520 523 1532 556 :
1578 520 1685 557 non
1739 514 1808 566 te,

225 618 485 679 tanquam
511 620 731 660 vacuam
774 603 1001 656 ﬁstulam
1043 609 1090 663 ³,
1152 599 1293 653 dicta
1324 604 1647 667 pet-exeant,
1695 609 1814 662 qum

224 702 419 757 tandiu
473 700 631 769 plena
681 695 1031 766 conspicitur,
1084 690 1321 761 quandiu
1382 690 1435 742 in
1488 703 1607 741 eam
1662 686 1815 739 undae

224 794 456 850 influere
477 805 636 862 posse
659 796 974 844 noscuntur.
1001 786 1131 841 Esto
1154 783 1332 852 potius
1352 778 1813 847 conceptaculum,

222 884 380 953 quod
427 882 610 936 audita
641 879 927 943 custodias,
972 875 1112 947 quod
1142 882 1387 941 suscepta
1432 886 1535 924 non
1577 868 1767 921 fundas
1802 882 1815 918 :

224 977 356 1045 quia
399 974 530 1029 nihil
572 973 844 1043 proderit,
890 971 935 1024 si
980 968 1198 1023 auribus
1229 966 1332 1019 tuis
1378 963 1663 1017 transitura
1705 959 1819 1028 pla-

226 1074 421 1131 ceant,
452 1072 509 1120 et
538 1065 593 1119 in
621 1063 799 1119 cordis
826 1061 1030 1117 sinibus
1057 1073 1117 1114 se
1145 1056 1325 1113 omnia
1356 1072 1462 1109 non
1491 1053 1746 1120 deligant.

789 1192 1123 1249 EPISTOLA
1168 1192 1276 1247 νη.

224 1322 507 1364 ἯΝΙἾΕΒΒΙΒ
553 1322 813 1363 JUDICIBUS
864 1322 1253 1361 PROVINCIABUI

792 1394 926 1433 CTUS
964 1392 1263 1431 PB£TORIO.

224 1469 490 1539 Praecipit
535 1470 910 1523 admoneamur
953 1468 1207 1522 tributarii
1244 1477 1299 1519 ut
1335 1468 1471 1520 trina
1498 1466 1734 1539 illatione
1778 1472 1827 1517 et

307 1537 623 1610 temporibus
661 1541 950 1594 constitutis
980 1540 1250 1609 vectigalia
1272 1539 1424 1590 solita
1444 1537 1752 1607 persolvant.

1311 1320 1550 1359 SENATOR
1608 1318 1824 1357 ΡΒᾸΞΙιἚο

304 1650 613 1706 Justissime
663 1652 922 1721 qumritur
949 1652 1094 1721 quod
1124 1665 1301 1704 annua
1338 1646 1642 1703 devotione
1688 1663 1827 1716 prte-

229 1748 430 1806 statur,
463 1740 678 1808 quando
708 1742 807 1795 sub
845 1740 1079 1809 quodam
1126 1739 1318 1806 gaudio
1365 1745 1577 1791 constat
1622 1736 1825 1801 inferri,

220 1832 385 1901 quod
413 1833 641 1887 solvitur
663 1833 778 1901 lege
808 1832 1053 1886 naturali.
1080 1831 1421 1901 Stipendium
1462 1844 1694 1898 namque
1722 1836 1824 1891 est,

230 1922 383 1991 quod
416 1922 716 1991 subjectum
763 1922 890 1977 facit
932 1923 1243 1977 munificum
1292 1921 1432 1986 dici;
1477 1928 1532 1975 et
1558 1918 1831 1974 offerentis

224 2028 438 2067 nomen
487 2013 703 2081 accipit,
745 2012 837 2081 qui
865 2026 948 2079 se,
996 2010 1144 2080 quod
1190 2010 1458 2080 penditur,
1513 2008 1711 2063 debere
1740 2023 1832 2063 co-

228 2104 470 2171 gnoscit.
499 2102 670 2170 Quam
718 2104 921 2158 lautum
952 2101 1082 2174 [ed.,
1115 2100 1356 2173 cautum]
1387 2110 1469 2157 est
1507 2101 1831 2171 intrepidum

228 2195 356 2251 foro
389 2195 662 2260 assistere,
694 2195 963 2265 publicum
988 2210 1095 2248 non
1124 2194 1332 2259 timere,
1356 2203 1409 2247 et
1440 2194 1578 2247 inter
1607 2193 1833 2248 devotos

230 2285 564 2341 laudabilem
586 2286 965 2356 collocari,qui
993 2284 1249 2356 pudorem
1277 2300 1384 2337 non
1412 2284 1607 2337 sinitur
1635 2284 1834 2339 habere

230 2379 543 2450 compulsi?
581 2378 907 2434 lnhonorum
959 2388 1042 2435 est
1084 2381 1228 2434 enim
1265 2394 1424 2433 omne
1452 2378 1595 2447 quod
1626 2379 1834 2447 cogitur

232 2467 366 2540 [ed.,
397 2468 593 2540 agitur]
620 2485 635 2535 ;
671 2484 772 2523 nec
797 2468 1073 2525 offerentis
1102 2470 1265 2524 habet
1291 2470 1537 2537 gratiam,
1567 2470 1659 2539 qui
1681 2470 1830 2524 dam-

234 2558 321 2612 nis
347 2558 462 2613 suis
500 2558 809 2628 perducitur
834 2559 902 2613 ad
932 2559 1127 2614 tributa
1160 2576 1172 2611 :
1204 2567 1415 2623 contra,
1459 2574 1623 2628 quam
1665 2559 1835 2615 libero

234 2647 461 2715 dignum
501 2656 584 2703 est
629 2650 1057 2719 compulsoribus
1109 2650 1240 2704 nihil
1270 2649 1505 2704 debere?
1550 2648 1644 2703 llle
1689 2650 1837 2705 solus

234 2736 577 2793 delectabilis
601 2753 730 2807 ager
758 2749 841 2795 est
868 2739 1108 2802 domino,
1141 2740 1194 2793 in
1215 2754 1323 2808 quo
1352 2740 1701 2812 supervenire
1730 2756 1836 2793 non

231 2826 466 2881 timetur
516 2837 757 2883 exactor.
818 2827 1008 2882 Merito
1046 2843 1175 2896 ergo
1209 2830 1572 2883 testimonium
1610 2829 1839 2884 solutio-

236 2916 326 2972 nis
356 2917 620 2972 securitas
640 2917 838 2972 dicitur
867 2916 916 2982 δ,
944 2916 1011 2971 de
1039 2932 1144 2987 qua
1166 2934 1273 2973 non
1301 2919 1473 2973 solum
1497 2920 1723 2985 animus,
1745 2919 1840 2975 sed

235 3007 543 3063 substantia
568 3008 947 3062 communitur.
979 3005 1043 3059 Et
1064 3008 1208 3075 ideo,
1229 3009 1370 3077 quod
1394 3008 1622 3064 feliciter
1639 3009 1839 3063 dictum

236 3098 343 3162 sit,
373 3097 663 3151 indictione
703 3096 1023 3151 duodecima
1068 3098 1263 3169 (Anno
1309 3098 1499 3152 Christi
1527 3098 1631 3152 524
1658 3102 1701 3169 ),
1742 3114 1841 3168 per

238 3185 523 3241 dioecesim
550 3185 833 3241 dicationis
857 3195 962 3240 tute
990 3186 1218 3241 solemni
1246 3187 1618 3244 moderamine
1654 3197 1837 3244 custo-
1865 3164 1911 3227 Ο

239 3273 400 3340 (lito,
442 3291 809 3346 possessorem
850 3286 901 3332 te
941 3277 1286 3348 officiumque
1317 3288 1465 3334 tuum
1503 3280 1841 3350 prtecipimus

240 3367 577 3434 admonere,
634 3376 694 3423 ut
746 3370 888 3423 trina
936 3370 1177 3425 illatione
1239 3370 1485 3438 devotus,
1533 3372 1840 3427 constitutis

233 3461 580 3532 temporibus
606 3471 629 3500 ε
646 3476 796 3516 suam
823 3462 1089 3533 compleat
1106 3463 1462 3531 functionem;
1486 3466 1558 3521 ita
1585 3474 1643 3520 ut
1668 3475 1842 3521 cesset

236 3552 454 3607 venalis
475 3552 566 3607 illa
588 3552 777 3607 dilatio
804 3549 854 3618 ἀ,
881 3568 1002 3623 quae
1042 3570 1150 3608 non
1179 3554 1244 3609 ad
1268 3555 1667 3626 tributariorum
1695 3572 1842 3611 com-

243 3645 465 3717 pendia,
515 3646 612 3703 sed
663 3646 867 3702 fraudis
919 3649 1123 3701 ambitu
1169 3650 1513 3717 cognoscitur
1553 3650 1839 3718 exquisita.

236 3735 382 3793 Nam
412 3738 503 3808 qui
532 3753 593 3794 se
616 3737 929 3807 hujusmodi
958 3754 1125 3805 onua
1155 3740 1437 3794 sublevare
1474 3739 1676 3805 dicunt,
1700 3740 1842 3795 aliud

244 3827 427 3898 majus
454 3828 663 3898 pondus
693 3828 1069 3884 abominabilis
1108 3828 1512 3884 nundinationis
1539 3829 1839 3898 imponunt.

244 3919 409 3975 Absit
436 3934 467 3973 a
507 3920 707 3974 nostris
751 3920 1085 3989 temporibus
1124 3918 1458 3975 detestabilis
1498 3928 1555 3973 et
1597 3920 1843 3988 fugienda

246 4009 509 4065 versutia.
539 4008 829 4065 Possessor
854 4010 987 4064 nihil
1016 4009 1181 4075 aliud,
1211 4010 1315 4065 nisi
1341 4009 1483 4079 quod
1511 4010 1725 4080 publico
1746 4010 1843 4066 de-

244 4097 433 4167 betur,
463 4100 744 4162 exsolvat;
782 4115 905 4154 nam
949 4116 1047 4156 sua
1087 4100 1283 4154 damna
1312 4101 1492 4171 potius
1526 4112 1709 4170 agunt,
1751 4102 1844 4172 qui

247 4190 349 4246 sub
384 4190 541 4246 nobis
585 4192 763 4262 aliqua
806 4192 1058 4248 fraudare
1104 4194 1459 4248 contendunt.
1507 4193 1848 4265 Quapropter

251 4283 404 4338 sicut
431 4281 634 4338 ﬁscalia
664 4300 832 4340 onera
863 4272 1007 4340 nulla
1054 4286 1339 4361 occasione
1368 4286 1611 4341 volumus
1660 4301 1847 4355 aggra-

248 4371 397 4438 vari,
428 4371 504 4427 ita
522 4375 828 4430 constitutis
868 4376 1201 4444 temporibus
1245 4376 1533 4446 prmlinitas
1582 4377 1848 4432 illationes

248 4464 619 4535 prascipimns,
674 4466 791 4521 Deo
840 4468 1086 4537 juvante,
1138 4470 1431 4539 compleri,
1485 4478 1749 4539 quatenus
1795 4477 1850 4523 et

1918 502 2269 555 stissimarum
2300 501 2716 570 prtcceptionum
2740 502 3045 570 diligentior
3070 510 3391 571 procuretur
3418 499 3497 554 af-

1921 593 2108 659 fectus,
2143 594 2289 646 illum
2315 602 2475 661 atque
2504 592 2671 657 illum,
2691 595 3114 661 prmcedentibus
3135 594 3339 648 meritis
3362 611 3483 649 com

1920 688 2195 755 probatos,
2231 686 2325 740 tibi
2351 685 2637 754 ofﬁcioque
2665 696 2759 741 tuo
2782 688 3081 755 imminere,
3106 697 3165 741 ut
3186 688 3314 742 nihil
3335 689 3497 758 possit

1922 792 2118 830 nocere
2166 777 2511 844 negligentia,
2545 777 2634 830 ubi
2675 776 2959 831 adhibetur
2999 778 3304 833 sollicitudo
3333 780 3502 848 gemi-

1926 877 2068 920 nata.
2108 866 2257 921 Unde
2285 868 2625 921 continenter
2660 868 2820 934 agite,
2853 870 2896 921 si
2920 878 3232 938 provectum
3269 880 3504 925 vestrum

1927 959 2095 1026 magis
2124 960 2441 1014 desideratis
2459 960 2772 1015 extendere.
2807 960 2968 1030 Impia
2996 961 3142 1015 lucra
3172 964 3277 1016 sint
3302 980 3332 1016 a
3353 965 3500 1018 vobis

1928 1050 2246 1105 omnimodis
2275 1052 2448 1104 aliena
2482 1069 2493 1103 :
2527 1067 2624 1105 vos
2668 1067 3036 1121 possessorem
3080 1052 3335 1106 devotum
3386 1052 3508 1105 red-

1925 1140 2069 1201 ditis.
2105 1142 2149 1195 si
2176 1141 2529 1194 fraudulentis
2577 1158 2683 1195 non
2727 1151 2981 1209 gravetur
3027 1142 3401 1196 incommodis.
3436 1140 3510 1193 De

1929 1233 2179 1301 aequitate
2207 1232 2388 1300 potius
2416 1247 2577 1301 quam
2605 1232 2672 1286 de
2699 1234 2994 1303 rapacitate
3032 1232 3326 1301 proficitur.
3357 1230 3511 1284 Sem-

1929 1337 2026 1392 per
2064 1323 2257 1376 metuit
2285 1322 2480 1391 injusta
2531 1324 2894 1391 pra'suniptio.
2936 1322 3073 1389 Quid
3120 1323 3263 1378 enim
3309 1322 3511 1389 acquiri

1930 1423 2165 1485 putatur,
2200 1414 2289 1469 ubi
2328 1414 2470 1468 bona
2510 1415 2837 1469 conscientia
2868 1416 3140 1486 perditur?
3189 1416 3293 1469 Aut
3322 1416 3374 1468 in
3404 1431 3507 1483 qua

1930 1518 2083 1578 parte
2112 1508 2284 1578 possit
2309 1508 2471 1562 homo
2515 1506 2799 1578 prolicere,
2826 1508 2871 1562 si
2919 1510 3279 1563 innocentiam
3318 1509 3515 1577 proba-

1934 1608 2018 1655 tus
2040 1598 2199 1653 fuerit
2226 1600 2499 1653 amisisse?
2536 1599 2711 1653 Nolite
2735 1600 2851 1654 sine
2880 1600 3098 1669 pnemio
3128 1600 3367 1661 credere,
3396 1612 3515 1666 qtae

1932 1693 2185 1746 videntur
2232 1691 2299 1745 ad
2349 1692 2545 1745 bonam
2592 1690 2979 1745 conscientiam
3021 1691 3309 1760 pertinere.
3348 1688 3517 1742 Habe.

1860 1795 1905 1853 Β
1930 1785 2065 1838 bunt
2085 1798 2184 1837 nos
2211 1782 2349 1837 bene
2375 1790 2616 1851 agentes,
2650 1783 2702 1837 in
2730 1798 2838 1853 quo
2878 1799 3179 1853 possumus,
3213 1782 3508 1836 auditores.

1932 1875 2412 1930 Remuneratorem
2462 1875 2603 1929 enim
2644 1875 2719 1929 illi
2760 1891 2879 1931 esse
2925 1876 3203 1945 promitto,
3249 1888 3408 1944 quem
3456 1885 3518 1928 se

1932 1966 2109 2034 aliqua
2154 1966 2439 2020 honestate
2484 1974 2738 2020 tractasse
2785 1981 3111 2036 cognovero.
3155 1966 3309 2034 Agite
3356 1979 3508 2033 ergo,

1931 2058 2117 2112 laudes
2144 2056 2211 2111 ad
2235 2056 2323 2111 me
2349 2058 2525 2128 potius
2551 2058 2716 2113 vestri
2737 2059 3050 2127 perveniant
3069 2073 3227 2126 quam
3257 2058 3508 2126 querelw.

1934 2150 2103 2218 Majtts
2131 2151 2470 2205 commodum
2501 2165 2608 2203 non
2647 2150 2927 2218 qumratis,
2961 2165 3121 2219 quam
3153 2149 3197 2203 si
3236 2149 3367 2203 nihil
3398 2164 3518 2202 ven-

1934 2241 2077 2294 ditis.
2103 2240 2195 2293 illa
2227 2248 2430 2293 tantum
2478 2238 2750 2309 sequenda
2797 2247 2921 2293 sunt
2966 2242 3136 2302 lucra,
3186 2254 3304 2307 qua:
3334 2246 3513 2308 potest

1898 2342 2214 2403 'possessor
2238 2332 2389 2386 ltetus
2427 2330 2639 2397 offerre,
2673 2342 2725 2385 et
2750 2331 2903 2386 miles
2948 2332 3263 2386 solemniter
3295 2346 3519 2390 securus

1936 2424 2200 2493 accipere.
2232 2414 2350 2477 Non
2380 2437 2592 2489 censor,
2622 2422 2714 2477 sed
2746 2422 2995 2476 laudator
3019 2430 3199 2477 vester
3232 2438 3352 2477 esse
3377 2423 3492 2478 dcsi
3517 2456 3523 2467 -

1938 2519 2091 2572 dero.
2122 2516 2325 2572 Cavete
2362 2531 2512 2585 ergo,
2558 2532 2625 2571 ne
2666 2514 2921 2570 reddatur
2960 2514 3209 2580 infestus,
3251 2516 3343 2585 qui
3367 2516 3521 2573 vobis

1938 2613 2086 2680 cupit
2105 2626 2225 2665 esse
2253 2609 2545 2664 beneficus.
2586 2608 2719 2662 Nam
2759 2610 2973 2677 gravius
2994 2624 3209 2679 semper
3249 2610 3523 2681 irascitur,

1939 2705 2029 2773 qui
2058 2712 2245 2757 contra
2277 2703 2608 2772 propositum
2631 2710 3020 2756 commovetur.

2570 2845 2728 2914 173
2765 2842 2897 2896 vni.

1944 2950 2177 2991 EDICTUI
2216 2950 2317 2989 PER
2374 2949 2676 2989 PROVINCIAS
2724 2949 2964 2988 εεΝΑτοιι
3014 2948 3335 2991 ΡΒΑΕΡΕΟΤΒΒ
3372 2952 3521 2991 1⁵88-

2625 3019 2803 3059 ⁸1⁸0810.

1944 3093 2001 3148 Μ
2006 3096 2113 3149 ulta
2138 3104 2187 3149 et
2224 3098 2503 3169 priet-fare
2526 3094 2728 3169 prabet
2756 3096 2973 3163 monita,
3002 3106 3051 3150 et
3076 3099 3327 3167 promittit
3353 3114 3409 3151 se
3436 3099 3526 3169 ju-

2298 3166 2463 3219 dicem
2486 3165 2870 3236 integerrimum
2897 3165 3143 3238 futurum.

2012 3279 2318 3337 Priscorum
2348 3295 2468 3336 mos
2488 3280 2587 3335 fuit
2613 3296 2753 3335 nova
2776 3279 2897 3349 jura
2928 3280 3222 3338 decernere
3247 3291 3296 3349 ο,
3326 3288 3386 3336 ut
3412 3296 3531 3337 suc-

1943 3373 2154 3431 cedenti
2204 3373 2407 3444 populo
2434 3373 2635 3443 aliquid
2664 3373 2808 3443 quod
2841 3374 3099 3429 omissum
3126 3373 3408 3427 videbatur
3428 3373 3529 3427 ad-

1939 3463 2228 3533 jungerent
2254 3481 2267 3517 :
2296 3479 2438 3518 nunc
2481 3472 2662 3518 autem
2711 3463 2985 3519 sufﬁciens
3030 3464 3146 3520 laus
3187 3463 3534 3521 conscientia)

1946 3565 2048 3621 est,
2081 3566 2321 3612 veterum
2342 3556 2559 3612 decreta
2586 3573 2824 3613 servare.
2848 3556 2979 3611 Erat
3006 3566 3132 3612 ante
3162 3570 3331 3625 genus
3364 3557 3534 3611 homio

1947 3664 2073 3703 num
2104 3647 2203 3702 sub
2242 3648 2344 3703 hac
2365 3648 2603 3703 novitate
2648 3647 2959 3710 sollicitum,
2991 3646 3117 3700 dum
3149 3648 3385 3715 regulam
3410 3646 3532 3699 vitae

1946 3754 2057 3793 sum
2086 3739 2138 3792 in
2168 3737 2344 3793 aliena
2365 3747 2753 3806 cognoscerent
2777 3738 3054 3792 voluntate
3083 3735 3531 3806 penderezmmlo

1912 3872 1917 3875 ν
1948 3846 2076 3883 vero
2103 3828 2468 3898 unusquisque
2498 3829 2646 3882 novit
2676 3826 2863 3895 fixum,
2889 3828 3033 3897 quod
3061 3826 3129 3880 ab
3157 3827 3390 3895 antiquis
3416 3826 3535 3895 ple-

1950 3921 2167 3975 nissime
2196 3935 2304 3975 non
2332 3920 2553 3995 dubitat
2575 3920 2947 3975 constitutum.
2976 3917 3260 3973 Sufficiunt
3287 3933 3417 3987 ergo
3438 3935 3536 3974 vo-

1945 4011 2027 4065 bis
2053 4010 2195 4079 jura,
2226 4009 2271 4065 si
2307 4024 2415 4064 non
2456 4009 2593 4064 desit
2621 4010 2871 4064 voluntas
2913 4009 3129 4064 eximia.
3173 4008 3313 4076 Quid
3348 4008 3369 4048 ι
3396 4024 3537 4080 μω-

1948 4120 2144 4160 conum
2166 4118 2331 4161 voces
2354 4144 2371 4171 ,
2410 4102 2539 4171 quid
2566 4101 2894 4172 periculosas
2921 4108 3218 4157 sententias
3246 4102 3536 4171 praesulem

1950 4195 2144 4249 erectis
2172 4194 2391 4249 auribus
2416 4194 2732 4249 sustinetis?
2757 4193 2995 4263 Propria:
3020 4192 3145 4248 vita:
3171 4194 3397 4263 imponit
3413 4208 3538 4247 mo-

1950 4285 2101 4350 dum,
2132 4285 2226 4353 qui
2254 4285 2356 4341 sibi
2384 4300 2443 4339 se
2460 4284 2695 4353 iudicem
2725 4284 2972 4353 intelligit
3006 4284 3378 4339 constitutum.
3413 4284 3539 4338 Stu-

1951 4376 2074 4429 dete
2110 4376 2288 4430 cuncti
2339 4376 2547 4430 actibus
2575 4376 2765 4441 bonis,
2817 4383 2873 4429 et
2919 4374 3255 4430 formidanda
3297 4375 3538 4431 nescitis.

1954 4465 2127 4520 Nolite
2158 4466 2496 4522 inardescere
2524 4466 2592 4520 ad
2625 4466 3071 4536 pnesumptiones
3093 4466 3339 4532 illicitas;
3362 4475 3542 4520 amate

249 4569 634 4624 possessorum
661 4556 880 4612 devotio
908 4558 1212 4627 gratissima
1255 4559 1486 4613 dominis
1530 4558 1755 4613 innotes:
1774 4568 1846 4625 at,
1885 4542 1929 4599 ί)
1958 4557 2138 4611 vivere
2164 4556 2357 4627 quieti;
2390 4556 2667 4625 transigite
2693 4571 2906 4626 semper
2928 4556 3153 4611 innoxii.
3196 4555 3333 4622 Quid
3362 4557 3544 4611 litibus

252 4649 307 4697 et
337 4642 608 4699 tarditatis
636 4644 873 4699 involuta
895 4646 1141 4701 confusio
1168 4647 1365 4701 nostris
1390 4648 1687 4704 rationibus
1716 4649 1847 4721 [θείη

254 4732 642 4805 motionibus]
699 4735 992 4791 auferatur.
1054 4735 1207 4793 Unde
1275 4740 1498 4807 singulis
1554 4740 1852 4810 quibusque

258 4823 597 4894 temporibus
635 4826 861 4881 solemni
902 4844 1057 4883 more
1099 4827 1270 4884 factos
1314 4830 1507 4886 breves
1553 4831 1618 4886 ad
1655 4833 1852 4889 scrinia

258 4921 452 4970 nostra
478 4916 843 4983 transmittite,
859 4918 998 4973 sicut
1026 4928 1079 4973 te
1100 4928 1155 4973 et
1177 4920 1351 4988 prisca
1376 4921 1553 4990 legum
1576 4927 1630 4977 ei
1659 4940 1856 4979 nostra:

259 5000 520 5070 jussionis
542 5021 781 5075 presens
809 5023 1154 5065 commonere
1175 5010 1386 5065 videtur
1414 5014 1708 5069 auctoritas
1742 5034 1754 5067 :
1790 5030 1857 5070 ne

265 5092 311 5147 si
347 5094 552 5165 aliquid
596 5097 790 5152 horum
839 5100 1188 5157 azstimaveris
1216 5101 1613 5172 negligendum,
1658 5114 1716 5159 tu
1762 5106 1859 5160 tibi

240 5302 241 5305 η
340 5247 578 5305 ‘Simile
600 5250 730 5305 illud
756 5249 963 5307 Comici
1004 5269 1018 5305 :

236 5316 241 5367 ι

394 5361 585 5413 Plenus
608 5366 838 5415 rimarum
857 5378 965 5414 sum
992 5379 1006 5414 :
1034 5365 1123 5414 bac
1148 5372 1295 5428 atque
1320 5367 1665 5477 illachertluo.

1462 5443 1576 5477 om.

1462 5443 1556 5477 OIN
1563 5465 1576 5478 ο

342 5525 619 5607 δ·
648 5529 906 5607 securitas
931 5529 1144 5607 dicitur.
1179 5531 1458 5607 Petronius
1488 5534 1540 5587 in
1569 5533 1814 5607 Satyrico
1840 5555 1852 5591 :

277 5591 465 5651 Redde
486 5598 617 5670 mihi
652 5598 921 5670 apodixim
943 5599 1356 5670 defunctoriam,
1388 5603 1437 5656 id
1476 5613 1559 5658 est
1592 5591 1859 5660 t-etitissio-

276 5677 398 5720 nem
425 5668 608 5722 senilis
640 5669 833 5723 anatis.
856 5668 1107 5727 Sidonius
1135 5682 1323 5727 contra
1343 5668 1549 5728 tributa
1594 5678 1857 5731 securita-

278 5732 443 5802 tibus,
467 5746 570 5791 etc.
602 5738 788 5793 Baoss.

351 5814 374 5844 ⁸
398 5806 602 5865 Otones
640 5809 908 5865 illationes
947 5811 1071 5869 fisco
1117 5813 1280 5867 tribus
1308 5813 1647 5875 pommus"..-
1683 5833 1687 5837 .
1744 5818 1754 5831 -
1783 5834 1850 5874 ,ο-

1960 4650 2184 4703 honesta
2232 4647 2597 4703 confunditis?
2641 4647 2751 4703 Cur
2789 4648 2960 4704 facitis
3022 4663 3141 4717 quae
3188 4664 3315 4705 mox
3354 4650 3544 4703 timere

1960 4741 2209 4810 possitis?
2241 4740 2297 4795 Si
2327 4741 2564 4810 qumritis
2594 4741 2761 4806 lucra,
2792 4742 2959 4796 vitate
2988 4741 3168 4812 potius
3194 4741 3452 4795 damnosa
3483 4740 3543 4792 li-

1961 4831 2108 4899 tigia.
2152 4830 2207 4885 Si
2234 4830 2376 4901 quod
2407 4838 2585 4886 tamen
2616 4833 2893 4887 cmerserit
2939 4832 3095 4887 civile
3141 4843 3432 4894 certamen,
3465 4830 3545 4883 le-

1959 4925 2111 4992 gibus
2134 4925 2323 4995 patriis
2343 4932 2516 4979 estote
2545 4927 2806 4980 contenti.
2835 4924 3022 4979 Nullus
3050 4924 3115 4979 ad
3136 4924 3389 4979 seditiosa
3412 4935 3545 4974 con-

1959 5023 2161 5083 surgat,
2192 5015 2369 5069 nullus
2413 5015 2480 5069 ad
2504 5014 3065 5085 violenta_confugiat.
3112 5013 3333 5069 Furoris
3377 5024 3548 5079 genus

1961 5115 2064 5171 est,
2095 5108 2151 5162 in
2193 5108 2392 5163 satculo
2420 5118 2613 5178 pacato
2643 5109 2952 5164 turbulento
2979 5107 3196 5164 studere
3242 5105 3541 5177 proposito.

1965 5259 2177 5333 bantur,
2210 5275 2403 5333 nempe
2419 5268 2625 5333 quarto
2650 5278 2869 5333 quoque
2897 5276 3101 5327 mense,
3126 5258 3186 5314 C.
3220 5259 3300 5314 De
3335 5260 3549 5332 aperio,

1967 5328 2057 5383 lib.
2091 5346 2145 5390 ι,
2182 5332 2265 5384 tit.
2295 5328 2384 5384 22.
2418 5328 2683 5385 Ὲοιικειιξ
2783 5328 2796 5331 ”
3284 5360 3287 5363 λ

2033 5400 2060 5436 ά
2091 5398 2319 5473 Yenales
2348 5417 2546 5473 moras,
2574 5403 2730 5467 infra,
2782 5402 2883 5473 hoc
2929 5402 3042 5467 lib.,
3085 5403 3245 5473 epist.
3280 5399 3379 5466 55;
3427 5411 3482 5457 et
3511 5401 3549 5456 l.

1967 5469 2054 5530 55.
2088 5470 2150 5523 Si
2179 5469 2323 5535 bene,
2358 5472 2418 5524 D.
2454 5471 2533 5524 De
2560 5473 2769 5524 usuris-
2795 5472 2958 5525 Fons.

1996 5575 2001 5580 -
2041 5550 2064 5575 ο
2095 5540 2181 5593 Sic
2216 5538 2471 5610 Ulpianus
2502 5544 2578 5595 ait
2622 5544 2995 5609 proconsulem
3035 5543 3266 5597 edictum
3294 5542 3410 5611 ejus
3455 5543 3551 5595 ali-

1964 5625 2124 5676 quam
2148 5626 2226 5661 SUI
2259 5613 2783 5666 commendationem
2802 5613 3083 5666 continens
3105 5615 3416 5668 miltcredel
3445 5630 3551 5677 ire,

1964 5688 2095 5739 ριν..
2127 5680 2158 5731 Ι.
2188 5678 2237 5741 4,
2268 5681 2336 5735 de
2364 5680 2508 5735 offic.
2546 5696 2795 5750 procons.
2840 5681 3003 5736 Fons.

2043 5750 2283 5815 'Supra,
2339 5752 2427 5804 lib.
2463 5767 2533 5815 γι,
2586 5752 2744 5805 form.
2799 5750 2853 5817 ὅ,
2906 5752 2942 5808 l.
2987 5752 3109 5820 ult.,
3156 5755 3214 5807 C.
3270 5754 3343 5809 De
3386 5756 3547 5825 feriis.

1964 5818 2202 5874 Fonneu.
