4006 6498
457 304 564 359 835

1682 293 1749 346 Μ.
1791 289 2067 345 AURELII
2105 288 2505 346 CASSIODORI

457 420 566 478 Sed
611 432 734 488 quia
761 415 914 471 vobis
952 412 1020 468 de
1051 411 1352 480 judicmus.
1381 409 1480 464 etsi
1515 424 1621 463 non
1654 423 1830 472 verus,
1862 416 2042 460 tamen
2073 410 2122 468 Α
2150 405 2295 460 tione
2343 414 2616 474 prmstate.
2687 402 2996 473 Compellat
3044 410 3442 461 rationabiliter
3487 410 3740 478 proprius

459 518 632 567 oritur
680 504 1014 563 rationabilis
1042 511 1218 556 metus
1264 499 1431 570 (dum
1485 500 1760 568 inexperta
1805 505 2048 566 potestas

460 602 623 657 trahit
649 598 829 670 potius
857 595 925 649 ad
957 594 1206 648 timorem
1238 591 1254 660 )
1281 631 1294 654 ,
1329 598 1590 659 quantum
1623 588 1687 641 ad
1711 603 1890 643 meum
1920 601 2050 656 pro-

459 692 688 762 positum
739 689 992 758 pertinet.
1035 683 1259 752 iuvante
1302 680 1434 744 Deo,
1485 694 1771 748 rerumque
1817 677 2049 733 dominis

458 782 831 854 regnantibus,
885 777 1067 832 omnia
1109 774 1259 830 vobis
1306 772 1483 840 iusta,
1535 772 1714 827 omnia
1769 770 2048 824 moderata

458 873 778 947 promittite.
825 870 1081 926 Primum,
1136 863 1279 934 quod
1323 863 1555 915 maxime
1590 861 1825 929 iudicem
1876 860 2048 913 deho-

459 973 659 1029 nestat,
690 959 1004 1016 nundinatio
1033 973 1062 1010 a
1109 971 1194 1008 me
1238 953 1378 1008 fmda
1420 952 1708 1006 nescictur.
1757 949 1873 1004 Non
1905 950 2048 1004 enim

463 1058 626 1111 verba
672 1069 792 1108 mea
817 1092 834 1116 ,
878 1065 1029 1107 more
1057 1048 1284 1102 vestium
1311 1087 1326 1110 ,
1375 1060 1632 1114 suspensa
1670 1045 1974 1097 vendantur
1999 1053 2047 1097 ⁸.

460 1147 679 1218 Sperari
727 1161 757 1199 a
806 1143 960 1199 vobis
1003 1139 1202 1210 aliquid
1251 1139 1363 1192 sola
1406 1137 1707 1204 specierum
1759 1131 2050 1201 indigentia

461 1239 645 1302 faciet,
689 1252 796 1292 non
843 1233 1108 1287 malitiosa
1141 1229 1422 1291 venalitas,
1463 1227 1553 1280 ubi
1597 1234 1778 1278 tamen
1803 1225 1911 1278 erit
1931 1237 2050 1291 qua:

464 1341 677 1399 tempus
706 1327 915 1393 mitigat
959 1322 1233 1376 moderata
1266 1317 1572 1388 praeceptio.
1617 1314 1732 1368 Non
1765 1313 2051 1366 indicimus

464 1421 608 1489 quod
647 1426 876 1483 ematur,
905 1429 1007 1469 nec
1035 1413 1102 1466 ad
1132 1411 1458 1464 taxationem
1506 1408 1764 1461 trahimus
1804 1419 1922 1474 qua:
1951 1419 2049 1457 ne-

464 1513 694 1568 cessaria
728 1525 832 1564 non
867 1509 1153 1562 habentur.
1205 1502 1396 1557 Estote
1441 1509 1646 1554 tantum
1678 1499 1743 1552 azl
1790 1505 2050 1552 consueta

464 1602 702 1665 solliciti,
725 1599 792 1653 de
814 1597 1055 1652 novitate
1091 1593 1290 1658 securi,
1323 1592 1446 1659 quia
1495 1589 1626 1644 illud
1672 1589 1846 1643 solum
1897 1587 2051 1643 nobis

461 1693 816 1763 indicavimus
863 1703 982 1743 esse
1033 1683 1396 1748 conn'i'iodum,
1442 1684 1488 1736 si
1520 1697 1637 1748 vos,
1674 1679 1897 1748 iuvante
1938 1677 2048 1732 Do-

2151 497 2382 562 animus,
2426 515 2495 553 ne
2526 513 2620 553 vos
2669 506 2857 564 urgeat
2899 504 3074 552 terror
3111 506 3366 553 armatus.
3417 498 3616 553 Odium
3637 501 3738 557 sibi

2151 592 2369 657 excitat,
2401 594 2493 662 qui
2517 593 2675 661 iustis
2706 593 2931 646 resultat
2973 592 3236 660 imperiis.
3267 592 3442 658 Quem
3466 592 3580 660 jam
3623 609 3742 649 coe-

2150 696 2300 750 gero,
2331 700 2436 737 non
2459 685 2671 737 amabo.
2711 682 2801 737 Sic
2831 683 2974 737 enim
3016 692 3209 738 cuncta
3235 699 3355 752 qua:
3383 685 3592 752 agenda
3621 696 3741 740 sunt

2153 775 2397 828 volumus
2425 774 2704 843 explicari,
2734 781 2792 827 ut
2813 789 2907 828 vos
2939 773 3085 828 nullo
3116 775 3456 844 compulsore
3483 775 3741 845 faciamus

2153 865 2414 920 imminui.
2461 865 2674 920 Servari
2721 867 2876 920 vobis
2927 867 3172 936 cupimus
3227 868 3485 923 concessa
3536 868 3739 937 pridem

2151 954 2488 1009 dominorum
2538 955 2839 1021 beneficia,
2888 956 3031 1009 nulla
3079 958 3427 1011 abominabili
3480 973 3740 1027 prasinu-

2151 1045 2334 1113 ptioue
2377 1046 2656 1100 distracta.
2691 1046 2963 1100 Honorem
2992 1057 3236 1100 nostrqu
3289 1049 3405 1102 sola
3437 1064 3536 1103 vos
3585 1058 3741 1118 opta-

2153 1154 2270 1193 mus
2296 1140 2652 1207 gratulatione
2697 1141 2934 1206 sentire,
2979 1149 3036 1194 et
3077 1142 3426 1207 regnantibus
3464 1143 3610 1196 bona
3653 1158 3743 1211 pe'v

2154 1243 2288 1295 tere,
2321 1233 2409 1300 qui
2435 1241 2617 1287 vestra
2669 1233 2938 1286 desideria
2994 1233 3096 1285 nisi
3123 1233 3250 1303 [ed.,
3281 1233 3404 1304 visi]
3447 1243 3576 1288 sunt
3611 1249 3742 1304 pra:—

2152 1321 2371 1375 stitisse.
2424 1321 2601 1375 Vivite
2655 1338 2798 1377 nunc
2843 1322 3040 1392 adepta
3085 1325 3376 1378 securitate
3426 1325 3741 1390 gaudentes.

2153 1410 2321 1475 Quem
2350 1410 2428 1464 fas
2458 1428 2563 1464 non
2596 1412 2691 1465 fuit
2715 1427 2931 1479 cogere,
2957 1415 3209 1482 potuistis
3241 1414 3558 1471 voluntariis
3585 1432 3744 1485 spon-

2152 1503 2392 1556 sionibus
2437 1503 2695 1570 obligare.
2742 1502 2875 1557 Nam
2923 1505 3013 1570 qui
3054 1505 3260 1558 dubitat
3299 1506 3399 1559 sub
3449 1505 3546 1560 Dei
3575 1506 3743 1560 conli-

2152 1593 2330 1647 (lentia
2366 1593 2510 1660 iusta
2559 1594 2902 1661 promittere,
2933 1595 3047 1647 vult
3086 1595 3286 1649 habere
3321 1595 3554 1649 liberum
3599 1595 3742 1664 quod

2153 1700 2260 1737 non
2306 1693 2388 1736 est
2450 1684 2722 1753 pollicitus
2753 1685 3056 1739 immutare.
3109 1684 3314 1740 Tenete
3357 1686 3514 1752 igitur
3543 1687 3747 1744 arbitrii

464 1784 634 1850 mino,
662 1795 940 1836 servemus
966 1779 1182 1832 illzcsos.
1231 1774 1348 1828 Non
1382 1790 1478 1828 vos
1508 1773 1792 1841 quisquam
1823 1771 2049 1824 militum
2087 1786 2127 1844 Β
2159 1774 2262 1828 mei
2307 1775 2558 1828 idoneum
2605 1775 2831 1841 vadem,
2881 1775 3160 1843 speculum
3211 1777 3409 1839 cordis,
3461 1777 3746 1844 imaginem

461 1893 561 1949 pro
584 1890 681 1930 sua
710 1873 988 1927 voluntate
1028 1867 1330 1932 concutiet;
1362 1881 1470 1918 non
1512 1871 1736 1918 exactor
1765 1861 2053 1930 adiectitiis

463 1967 709 2036 gravabit
733 1961 1118 2026 incommodis;
1152 1975 1261 2014 nou
1300 1958 1472 2012 solum
1504 1963 1748 2022 nostras,
1772 1955 1865 2008 sed
1892 1963 1946 2008 et
1968 1951 2052 2007 of-

461 2057 571 2114 ficii
612 2056 861 2115 innoxias
910 2052 1301 2108 custodivimus
1348 2064 1560 2102 manus.
1608 2047 1820 2116 Alioqui
1867 2045 2056 2099 inutile

462 2149 664 2204 bonum
712 2157 795 2202 est
835 2146 1071 2216 iudicem
1131 2159 1242 2197 non
1292 2143 1561 2212 accipere,
1589 2149 1644 2194 ct
1693 2138 1873 2192 multis
1911 2137 2054 2190 acci-

463 2243 646 2313 piendi
677 2241 946 2296 licentiam
977 2237 1291 2310 praebuisse.
1337 2235 1522 2302 Neque
1551 2234 1692 2288 enim
1726 2233 1805 2287 sic
1841 2248 1870 2284 a
1901 2232 2058 2288 nobis

463 2335 830 2404 egrediuntur,
863 2341 921 2385 ut
949 2347 1010 2385 ea
1042 2345 1162 2398 qua:
1189 2329 1329 2397 passi
1361 2327 1560 2382 fuerint
1599 2326 1718 2380 aliis
1740 2325 1934 2380 merito
1982 2325 2058 2380 fe-

468 2427 607 2482 cisse
634 2424 936 2479 videantur.
981 2419 1264 2472 lmminuta
1305 2425 1430 2471 sunt
1475 2416 1616 2470 enim
1645 2424 1824 2470 vestro
1871 2430 2059 2470 amore

465 2514 733 2581 suffragia,
761 2526 879 2582 qua:
904 2511 1167 2566 hactenus
1195 2509 1434 2562 omnium
1479 2507 1806 2562 detrimento
1836 2522 2052 2562 cresce-

467 2609 613 2662 bant.
641 2605 980 2660 Ostendimus
1023 2585 1075 2654 in
1115 2601 1288 2664 nobis,
1340 2599 1451 2654 Deo
1492 2599 1737 2668 iuvante,
1770 2599 2059 2654 continen-

467 2700 614 2764 tiam,
640 2704 698 2751 iit
727 2711 846 2750 eam
874 2694 1132 2747 militibus
1159 2693 1277 2746 sine
1324 2691 1532 2760 pudore
1579 2691 1848 2760 imperare
1879 2690 2051 2760 possi-

467 2803 603 2843 mus.
633 2787 753 2841 Non
783 2785 925 2839 enim
958 2789 1138 2854 potest
1182 2785 1566 2836 auctoritatem
1613 2779 1815 2834 habere
1856 2794 2054 2844 sermo,

467 2881 557 2951 qui
603 2894 710 2933 non
760 2877 980 2946 juvatur
1022 2873 1291 2942 exemplo,
1335 2871 1462 2925 dum
1513 2871 1754 2939 iniquum
1798 2870 1869 2924 sit
1913 2870 2057 2924 bona

467 2969 778 3043 pmcipere,
807 2975 863 3022 et
891 2965 1018 3019 talia
1065 2979 1175 3018 non
1221 2961 1438 3017 fecisse.
1469 2958 1751 3015 Ordinatio
1781 2962 1943 3028 igitur
1970 2977 2059 3015 no.

467 3069 576 3115 stra
607 3059 886 3113 utilitatem
914 3055 1187 3126 publicam
1220 3052 1600 3107 tantummodo
1647 3053 1914 3122 respiciet,
1948 3069 2056 3107 non

467 3152 604 3206 liirta
628 3153 855 3222 privata.
888 3147 1103 3204 Scimus
1131 3161 1252 3216 quae
1281 3162 1380 3216 pro
1426 3146 1582 3201 nobis
1603 3156 1728 3201 vota
1776 3145 2018 3201 fuderitis
2041 3190 2056 3216 ,

468 3259 572 3315 qua
603 3243 776 3300 fuistis
806 3242 1082 3296 anxietate
1113 3239 1380 3310 suspensi.
1410 3238 1662 3293 Deforme
1689 3239 1843 3294 nobis
1871 3249 1954 3294 est
1986 3251 2066 3295 ta-

469 3335 540 3388 lia
568 3333 767 3397 facere,
800 3341 859 3386 ut
902 3333 1079 3385 minus
1126 3330 1347 3399 possitis
1394 3328 1447 3382 in
1476 3337 1656 3383 vestra
1707 3330 2068 3387 exsultatione

470 3425 727 3494 gaudere.
785 3421 1072 3488 Patebunt,
1123 3420 1234 3476 Deo
1283 3421 1543 3491 pr0pitio,
1577 3435 1737 3475 aures
1773 3430 1970 3477 nostra:
2001 3427 2066 3476 ad

471 3515 812 3586 suscipienda
844 3515 1112 3570 desideria
1157 3513 1572 3583 supplicantium
1605 3531 1618 3566 :
1664 3523 1853 3568 auctor
1893 3530 2067 3570 causae.

470 3606 584 3661 suis
605 3621 706 3660 nos
734 3605 906 3661 oculis
929 3606 1029 3659 sub
1061 3604 1310 3659 libertate
1333 3605 1543 3658 visurus
1574 3611 1688 3668 est;
1722 3620 1829 3658 non
1859 3606 2070 3660 redem-

473 3704 588 3770 pta,
613 3694 711 3750 sed
733 3695 954 3765 propria
978 3695 1156 3762 lingua
1187 3693 1456 3763 loquetur.
1481 3693 1645 3750 Vobis
1667 3695 1810 3750 enini
1837 3712 1936 3750 nec
1957 3711 2070 3750 ser-

473 3788 615 3842 vitus
637 3787 940 3858 imperabit,
973 3801 1074 3840 nec
1101 3801 1130 3840 a
1161 3787 1318 3840 nobis
1358 3786 1609 3840 nobilitas
1635 3787 1943 3841 veneranda
1989 3788 2069 3842 fa-

472 3878 750 3948 tigabitur.
811 3876 1071 3932 Prtetoria
1125 3877 1359 3948 denique
1416 3886 1598 3932 nostra
1651 3878 1828 3933 nullus
1900 3881 2072 3950 turpis

474 3977 628 4026 actus
657 3969 896 4035 intravit,
941 3985 1102 4024 nemo
1149 3986 1178 4024 a
1225 3971 1379 4025 nobis
1432 3986 1591 4040 quam
1624 3981 1848 4028 venerat
1895 3974 2071 4030 minus

474 4061 798 4132 locupletior
822 4062 1000 4116 rediit.
1027 4060 1267 4117 Nescivit
1314 4063 1666 4116 domesticum
1719 4065 1996 4134 penetrale
2037 4081 2068 4119 a

478 4153 746 4208 subselliis
765 4152 1096 4222 discrepare.
1126 4149 1368 4207 Iudicem
1392 4168 1478 4208 me
1499 4154 1793 4208 observans
1816 4155 2069 4221 inveniet,

405 4237 412 4244 ’
477 4259 807 4314 quocunque
853 4244 1178 4313 respexerit.
1231 4243 1582 4299 Verecundia:
1632 4259 1940 4311 memores,
1995 4245 2075 4314 ju-

481 4345 639 4389 vante
667 4333 800 4398 Deo,
829 4334 909 4387 sic
931 4347 1091 4402 agere
1135 4349 1233 4388 nos
1263 4342 1531 4403 Optamus,
1565 4336 2013 4406 quemadmodum
2044 4353 2073 4390 a

482 4442 661 4481 rerum
701 4427 934 4481 dominis
977 4427 1228 4481 mandata
1275 4430 1630 4500 suscepimus.
1663 4428 1770 4483 Vos
1800 4429 1866 4483 ad
1897 4431 2071 4484 omnia

2155 1867 2479 1932 voluntatis;
2513 1877 2571 1920 ut
2600 1868 2794 1936 quibus
2826 1883 2931 1921 non
2959 1883 3077 1921 sum
3103 1868 3236 1922 facie
3268 1877 3451 1931 notus,
3486 1869 3610 1921 liam
3639 1885 3751 1922 mo-

2157 1974 2274 2012 rtnn
2323 1959 2584 2028 qualitate
2631 1959 2961 2026 recognitus.
3005 1957 3065 2011 In
3102 1959 3205 2012 hac
3243 1975 3330 2014 me
3375 1960 3559 2028 potius
3601 1969 3750 2029 parte

2156 2052 2484 2122 conspicite,
2544 2066 2650 2119 qua
2703 2051 2873 2104 latent
2928 2059 3242 2121 praesentes.
3300 2050 3417 2105 Non
3465 2061 3550 2106 est
3602 2053 3751 2107 vobis

2155 2142 2406 2195 damnum
2434 2142 2688 2196 absentia:
2733 2157 2867 2197 mea:
2899 2161 2912 2195 :
2955 2143 3140 2197 utilius
3182 2151 3266 2198 est
3289 2142 3531 2212 iudicem
3564 2152 3744 2199 mente

2159 2249 2318 2288 nosse
2341 2249 2498 2302 quam
2525 2249 2776 2304 corpore.

2582 2356 2741 2426 179
2769 2353 3101 2409 EPISTOLA
3139 2352 3231 2410 ix.

2227 2461 2487 2500 JUDICIBUS
2513 2462 2899 2502 PBOVINCIABUII
2927 2463 3166 2502 SENATOB
3190 2461 3511 2501 PREFSCTUS
3543 2462 3688 2500 Ρειεά

2879 2532 3058 2571 TOItIO.

2160 2603 2416 2660 Hortatur
2439 2616 2492 2661 ut
2523 2607 2742 2678 diligant
2775 2608 3057 2678 justitiam,
3090 2623 3303 2679 eamque
3333 2625 3364 2660 α
3398 2605 3620 2660 subditis
3649 2609 3749 2662 suis

2699 2679 2958 2731 observari
2989 2686 3187 2730 σιω-ειη.

2231 2787 2418 2843 Sciens
2447 2789 2515 2842 ab
2541 2788 2618 2842 eis
2641 2789 2976 2843 contrarium
3020 2803 3180 2858 posse
3205 2787 3374 2851 credi,
3422 2788 3514 2856 qui
3556 2803 3752 2858 przecev

2161 2879 2414 2934 dentibus
2445 2879 2597 2932 malis
2620 2879 2831 2932 fuerant
2857 2878 3121 2932 imminuti
3173 2879 3321 2948 (dum
3350 2893 3504 2932 mens
3523 2878 3752 2933 humana

2161 2971 2319 3024 facile
2346 2971 2651 3039 suspicatur
2677 2970 2744 3024 de
2767 2970 3010 3037 quolibet
3042 2970 3130 3022 illa
3158 2985 3276 3039 quin
3327 2969 3598 3038 pertulit),
3635 2984 3754 3038 pro-

2163 3061 2322 3131 positi
2355 3061 2526 3116 nostri
2553 3070 2734 3114 votuin
2781 3061 2891 3114 edit
2905 3061 2997 3116 tali
3033 3069 3222 3114 tenore
3252 3061 3618 3131 promisimus,
3671 3074 3753 3124 ne,

2094 3162 2137 3223 ς
2164 3153 2386 3222 iuvante
2411 3152 2540 3215 Deo,
2572 3167 2706 3220 quos
2735 3167 2954 3205 securos
2984 3166 3102 3205 esse
3129 3151 3396 3220 cupimus,
3419 3151 3508 3204 vel
3533 3151 3606 3205 de
3648 3151 3754 3221 ipsa

2168 3243 2528 3298 sollicitudine
2553 3257 2921 3310 gravarenius.
2950 3242 3067 3296 Non
3095 3243 3236 3296 enim
3263 3251 3345 3296 est
3395 3258 3622 3311 parvum
3648 3250 3754 3296 toro

2172 3344 2435 3400 mentum,
2462 3336 2743 3389 adversmn
2769 3334 2968 3403 aliquid
2988 3334 3278 3388 ferini-lare
3301 3342 3615 3398 venturum,
3637 3332 3754 3386 dum

2169 3441 2383 3494 semper
2411 3426 2628 3494 gravius
2657 3425 2955 3478 :estimatur
3009 3437 3308 3492 emergere,
3329 3424 3476 3492 quod
3524 3424 3754 3478 timetur.

2171 3518 2318 3571 Absit
2372 3533 2403 3572 a
2446 3519 2643 3572 nostris
2693 3517 3023 3588 temporibus
3067 3517 3154 3572 vel
3202 3517 3420 3570 minima
3474 3516 3757 3570 creduliLis

2170 3608 2425 3663 lgnsionis.
2458 3607 2571 3662 Βεο
2597 3607 2708 3676 iam
2737 3609 2942 3661 vicinus
2981 3615 3085 3676 est,
3125 3608 3218 3676 qui
3266 3607 3438 3662 malus
3495 3615 3756 3676 putatur:

2170 3699 2295 3769 quia
2328 3708 2452 3754 tunc
2473 3699 2674 3769 aliquid
2704 3699 3058 3769 persuadetur
3114 3698 3319 3766 animo,
3349 3713 3472 3752 cum
3525 3697 3757 3750 intrave.

2172 3763 2242 3845 rit
2272 3799 2458 3860 peetus
2485 3763 2608 3861 apta
2639 3763 2768 3864 [αλ.
2793 3801 2909 3844 acta
2925 3763 3219 3860 rsuspicio.
3254 3763 3601 3860 Quapropter
3621 3789 3760 3843 dira-

2175 3883 2250 3936 tio
2273 3891 2364 3936 tua
2395 3898 2493 3952 per
2519 3883 2636 3936 loca
2661 3882 3010 3936 celeberrima
3036 3882 3262 3951 proponi
3287 3881 3447 3934 faciat
3475 3880 3760 3935 desunata.

2173 3974 2370 4045 Aptum
2405 3982 2486 4027 est
2514 3974 2656 4027 enim
2685 3973 2752 4026 ab
2781 3973 3025 4041 bisjussa
3055 3973 3328 4040 cognosci,
3350 3987 3489 4042 quos
3519 3971 3763 4025 decrevi-

2173 4081 2292 4119 mus
2340 4064 2639 4119 admoneri.
2688 4061 2968 4117 Excitetur
2997 4078 3138 4116 nunc
3160 4079 3312 4115 amor
3332 4063 3573 4116 omnium
3624 4061 3762 4115 circa

2173 4158 2420 4212 dominos
2449 4155 2663 4220 felices;
2694 4163 2773 4220 ut,
2804 4156 2945 4209 sicut
2987 4172 3083 4209 nos
3113 4156 3314 4209 nullunt
3344 4154 3618 4210 contraria
3667 4169 3760 4206 vo-

2176 4248 2372 4303 luimus
2401 4246 2731 4314 cogitatione
2761 4245 3110 4315 suspendere,
3142 4247 3214 4299 ita
3245 4261 3303 4299 se
3338 4255 3393 4299 et
3440 4246 3513 4299 illi
3542 4232 3763 4298 devotos

2177 4338 2416 4392 debeant
2445 4339 2532 4406 pie
2556 4338 2902 4404 regnantibus
2925 4336 3204 4391 exhibere.
3231 4337 3565 4406 Sponsiones
3585 4343 3762 4387 autem

2177 4437 2387 4484 nostras
2414 4427 2541 4502 [ed.,
2572 4426 2798 4497 vestras]
2829 4443 2922 4480 vos
2952 4443 3107 4483 vetas
3127 4428 3358 4491 efficitis,
3389 4427 3435 4480 si
3462 4425 3763 4496 provincia-

484 4515 622 4586 iusta
679 4525 856 4572 estote
899 4517 1109 4579 devoti,
1162 4525 1221 4571 ut
1279 4533 1366 4572 me
1417 4520 1812 4588 provinciarum
1865 4530 2072 4590 patrem
2106 4532 2147 4588 ι)
2177 4521 2315 4576 libus
2342 4519 2679 4591 :equabiliter
2700 4519 3018 4587 praesidetis.
3047 4519 3258 4588 Diligite
3307 4518 3596 4588 iustitiam,
3648 4530 3763 4586 qua:

483 4606 693 4665 faciatis
715 4622 833 4663 esse
853 4623 1013 4678 quam
1039 4607 1064 4647 δ
1081 4609 1316 4678 iudicem
1342 4628 1355 4661 :
1380 4611 1504 4679 quia
1533 4612 1725 4666 iterum
1750 4612 1964 4681 gravius
1982 4613 2078 4668 ira-

485 4698 674 4764 scitur,
706 4700 797 4770 qui
839 4700 1062 4756 miuinie
1090 4702 1159 4757 de
1201 4693 1531 4771 probitatum
1555 4704 1769 4759 actione
1798 4713 2073 4774 pensatur.

487 4789 622 4847 Nam
664 4790 708 4845 si
754 4791 1059 4861 prmbuistis
1098 4793 1406 4848 lmsionibus
1447 4793 1788 4862 obsequium,
1829 4795 1956 4864 quid
2000 4795 2077 4851 illi

488 4882 803 4953 impendere
851 4883 1082 4953 debetis,
1130 4900 1291 4955 quem
1314 4884 1469 4941 vobis
1508 4899 1833 4955 magnopere
1861 4888 2077 4943 studere

484 4976 850 5046 cognoscitis?
870 4975 1144 5032 Soleinnia
1190 4977 1475 5031 commoda
1529 4986 1550 5014 ε
1599 4976 1742 5033 sedis
1770 4986 1963 5032 vestrae
2001 4982 2080 5033 la-

488 5071 808 5125 borantibus
832 5069 1090 5126 militibus
1118 5086 1226 5125 non
1266 5077 1549 5139 negentur,
1581 5071 1702 5142 quia
1723 5072 1844 5142 ipse
1872 5074 2078 5142 prmbet

490 5161 632 5215 viam
660 5161 979 5229 excedendi,
1011 5163 1101 5232 qui
1128 5177 1235 5216 non
1261 5161 1461 5231 patitur
1483 5161 1630 5230 iusta
1656 5164 1909 5222 persolvi.
1937 5163 2080 5218 Prm-

491 5251 662 5322 ceptis
686 5252 850 5307 etiam
888 5252 1089 5308 nostris
1131 5252 1499 5308 obedientiam
1544 5254 1792 5322 mquabili
1838 5254 2083 5310 modera-

567 5407 918 5480 {lmperator
961 5408 1524 5466 ConstantinuszNon
1569 5411 1638 5466 sit
1661 5410 1853 5464 venale
1887 5408 2082 5478 iudicis

495 5479 736 5544 verbum,
771 5498 876 5537 non
920 5481 1188 5548 ingressus
1219 5483 1503 5550 redempti,
1541 5498 1648 5535 non
1679 5481 1874 5534 infame
1897 5480 2080 5550 licita-

498 5551 731 5604 tionibus
753 5547 1121 5614 secretarium,
1161 5553 1196 5606 l.
1228 5552 1278 5616 l,
1305 5552 1372 5606 de
1403 5547 1540 5606 ollic.
1590 5560 1721 5605 rect.
1756 5549 1988 5617 provin.,
2017 5547 2079 5602 C.

499 5619 703 5674 'l‘lteod.
735 5621 982 5688 Quidam,
1009 5623 1246 5686 verbum,
1292 5639 1412 5690 pro,
1453 5622 1661 5685 velum;
1711 5621 2073 5690 llilllljelllefe

501 5699 733 5755 mutem;
765 5709 878 5760 arg.
905 5693 944 5762 l.
965 5691 1019 5756 5,
1038 5692 1098 5746 C.
1129 5691 1206 5744 De
1228 5689 1505 5762 naitl'rag.;
1531 5692 1563 5743 l.
1596 5693 1650 5755 6,
1674 5690 1806 5762 ρυλε.
1842 5689 2073 5762 Tlieod.,

501 5763 621 5812 eod.
657 5762 736 5812 tit.
777 5762 906 5815 Vide
935 5761 1088 5825 i..l'ra,
1121 5762 1226 5816 lioc
1254 5760 1343 5813 lib.
1378 5760 1461 5826 xi,
1495 5762 1651 5830 epist.
1684 5760 1772 5823 52,
1806 5760 1964 5813 ollicii
1998 5762 2072 5812 in-

504 5830 690 5885 uoxias
735 5845 922 5886 manus
962 5839 1060 5888 τῶν
1104 5833 1387 5897 ταξεωτῶνδ
1418 5846 1607 5886 manus
1652 5847 1816 5894 purae.
1849 5830 2077 5892 Seneca.

2178 4628 2272 4668 vos
2302 4621 2357 4666 et
2384 4612 2640 4666 amabiles
2664 4610 2842 4679 faciat,
2871 4621 2926 4667 et
2956 4613 3246 4681 gloriosum
3295 4613 3642 4666 commodum
3672 4627 3763 4665 sua

2177 4703 2591 4773 participatione
2621 4702 2906 4758 concedat.
2940 4702 3144 4758 Scitote
3174 4702 3351 4756 oliicia
3406 4702 3560 4755 vobis
3617 4702 3764 4772 quasi

2179 4803 2393 4848 actuum
2423 4802 2723 4848 vestrorum
2771 4802 2936 4848 testes
2991 4793 3266 4848 assistere.
3313 4791 3378 4845 Et
3428 4793 3552 4846 ideo
3605 4806 3762 4861 quam

2181 4900 2431 4953 magnum
2487 4893 2568 4938 est
2622 4885 2674 4938 in
2731 4893 3004 4939 tantorum
3055 4894 3346 4953 conspectu
3395 4883 3574 4938 facere
3626 4881 3765 4951 quod

2182 4977 2421 5030 omnium
2451 4979 2657 5044 possint
2688 4990 2783 5029 ora
2813 4975 3141 5043 prmdicare?
3167 4972 3437 5028 Judicium
3484 4973 3641 5041 quasi
3683 4971 3765 5039 iu.

2182 5071 2430 5125 ridicium
2462 5071 2770 5139 cognoscite
2792 5070 3107 5124 vocitatum.
3151 5069 3437 5122 Praesulem
3468 5081 3632 5134 agere
3661 5078 3764 5130 non

2185 5163 2337 5217 decet
2361 5161 2508 5231 quod
2531 5161 2668 5215 alter
2690 5169 2924 5216 accuset.
2959 5159 3096 5230 Quid
3123 5162 3316 5232 timeat
3340 5175 3485 5223 reus,
3531 5149 3656 5212 cum
3684 5156 3762 5208 vi-

2186 5253 2327 5307 derit
2371 5253 2575 5308 crimen
2623 5252 2676 5306 in
2708 5251 2942 5306 fascibus
2992 5251 3378 5305 constitutum?
3429 5248 3564 5302 Sola
3613 5245 3762 5300 malis

2183 5409 2272 5461 lib.
2308 5425 2378 5482 vit
2403 5407 2683 5482 Controv.,
2707 5408 2885 5462 novel.
2919 5409 2972 5471 8,
2997 5411 3214 5482 καθαραὶ
3242 5417 3440 5482 χξῖίοξς.
3486 5405 3654 5460 Fons.

2259 5483 2280 5515 υ
2315 5480 2502 5542 Quum,
2551 5480 2665 5532 sine
2709 5473 3139 5547 comparatiOnis'
3166 5473 3457 5544 particula,
3490 5483 3549 5528 ut
3576 5473 3757 5547 magis,

2185 5550 2268 5602 vel
2291 5551 2562 5619 quidpiam
2594 5545 3120 5619 similesuppleatur.
3153 5547 3306 5617 Sup.,
3340 5547 3430 5600 lib.
3460 5561 3571 5612 vin,
3603 5545 3759 5614 epist.

2183 5619 2241 5681 ἓ,
2270 5615 2324 5673 et
2347 5615 2439 5673 lib.
2473 5635 2547 5681 ix,
2571 5618 2727 5686 epist.
2760 5615 3049 5672 9.5.‘Fonx.

2259 5701 2281 5729 ε
2306 5690 2575 5743 δυιεηιηὶα
2601 5685 2887 5747 ὲοηιηιυιίη,
2933 5691 2982 5742 id
3013 5699 3093 5742 est
3121 5689 3345 5752 salaria;
3377 5689 3414 5742 1.
3447 5685 3758 5748 Commodis,

2186 5762 2252 5816 de
2277 5775 2335 5832 re
2359 5754 2850 5832 jtld.;‘Vlll_'thlt_lf,
2896 5755 2945 5807 in
2979 5758 3286 5828 pra-latione
3315 5759 3406 5814 lib.
3441 5775 3490 5824 ις
3523 5766 3576 5813 et
3601 5758 3754 5820 intra,

2188 5833 2290 5887 hoc
2319 5818 2433 5890 lib.,
2458 5818 2614 5891 epist.
2645 5821 2735 5876 155.
2775 5818 2942 5874 Fons.
