4006 6446
234 305 336 360 B57

1504 296 1866 353 VAltlAl'tUM
1909 295 2104 350 LIBER
2149 269 2237 350 x‘l.

3409 297 3520 357 838

232 417 322 473 illa
353 423 625 470 tormenta
655 422 802 479 sunt,
835 413 878 466 si
905 413 1117 482 publica
1148 421 1274 467 vola
1303 411 1542 466 moribus
1569 412 1678 464 suis
1705 426 1831 464 seu-
1859 419 1904 469 Α
1934 423 2054 460 cum
2079 408 2291 477 pinguis
2314 422 2426 461 arvi
2451 406 2774 461 fecunditate
2796 405 3155 470 consentiens,
3181 407 3519 482 herbasprm

237 510 377 562 tiaut
399 521 524 560 esse
553 505 847 558 contraria.
882 503 992 557 Dici
1025 502 1166 556 enim
1196 518 1304 556 non
1331 510 1507 571 potest
1525 500 1823 569 disciplina,

231 596 460 666 quando
501 595 620 663 ipsa
648 593 811 648 fuerit
833 595 1171 662 corrigenda.
1213 594 1434 648 Studete
1459 607 1588 659 ergo
1643 593 1827 646 nobis-

231 702 376 751 cum,
404 694 468 740 ut
495 685 622 740 boni
651 700 828 740 mores
868 684 1290 755 provincialibus
1335 685 1549 749 dentur,
1591 683 1685 738 sed
1730 698 1832 735 nu-

231 777 374 830 ditas
401 775 698 830 auferatur.
728 775 810 830 De
835 765 1086 830 remediis
1111 776 1291 844 potius
1317 790 1478 844 quam
1503 775 1572 828 de
1615 774 1830 826 Ιίῐεὲίοιῑθ

235 875 524 921 tractetur.
557 866 732 920 Grave
761 867 961 920 malum
1001 875 1102 930 est,
1134 865 1424 935 quidquam
1453 865 1519 918 ad
1554 864 1828 931 largienda

232 958 370 1026 juris
398 956 664 1012 beneficia
696 957 833 1020 fieri,
859 965 915 1010 et
943 957 1168 1010 mixtum
1218 955 1524 1009 kesionibus
1581 953 1828 1006 inveniri.

233 1050 324 1105 Sic
353 1049 522 1117 agite,
559 1057 619 1102 ut
645 1063 767 1102 cum
813 1046 1018 1116 justitia
1050 1048 1274 1116 probata
1321 1045 1596 1114 quzeritur,
1656 1057 1830 1096 annus

238 1151 416 1196 vester
436 1141 616 1196 brevis
637 1156 755 1195 esse
775 1140 1020 1194 videatur
1035 1152 1082 1192 κ.
1107 1139 1352 1193 Honores
1372 1137 1551 1207 potius
1570 1134 1725 1189 vobis
1746 1133 1830 1187 of-

233 1231 495 1286 ferantur.
539 1231 929 1286 Necessitatem
957 1232 1155 1301 quippe
1183 1231 1416 1284 ambitus
1463 1228 1732 1290 a-mittitis,
1783 1228 1830 1281 si

234 1323 652 1392 provincialium
683 1323 838 1378 vobis
862 1332 984 1378 vota
1009 1324 1246 1378 societis.
1286 1322 1473 1386 Nullos
1530 1331 1831 1375 vestrorum

231 1422 453 1467 actuum
484 1413 711 1468 facimus
739 1430 860 1469 esse
886 1414 1172 1480 custodes;
1197 1429 1298 1468 nec
1319 1415 1420 1468 sub
1449 1413 1658 1482 privato
1690 1411 1833 1464 arbi—

233 1507 338 1558 trio
370 1505 646 1574 ingenium
672 1506 868 1574 judicis
890 1507 1207 1561 inclinamus
1241 1523 1254 1559 :
1284 1505 1378 1560 sed
1403 1506 1582 1558 omnia
1632 1503 1713 1558 sic
1740 1517 1834 1570 ge-

234 1598 360 1662 rite,
394 1613 466 1652 ne
493 1597 586 1651 fiat
612 1599 974 1653 necessarium
1017 1598 1160 1667 quod
1213 1613 1355 1652 nunc
1395 1595 1666 1652 credimus
1714 1609 1833 1649 esse

233 1688 626 1756 turpissimum.
653 1687 828 1743 lnstar
857 1699 1055 1744 nostra:
1077 1690 1264 1758 geritis
1312 1688 1605 1756 dignitatis,
1661 1686 1704 1740 si
1735 1701 1832 1741 vos

1931 497 2409 552 ducitdulcissima
2429 499 2687 566 qualitate
2735 499 3020 564 conditas;
3077 515 3305 568 quarum
3361 510 3518 572 pastu

1930 604 2218 644 vaccarum
2253 589 2406 643 turba
2438 590 2700 658 saginata,
2733 590 2816 644 lac
2865 599 3013 644 tanta
3043 591 3358 647 salubritate
3386 609 3520 650 con-

1934 682 2077 748 ficit,
2105 691 2162 736 nt
2188 683 2380 750 quibus
2411 681 2739 735 medicorum
2763 689 2845 733 tot
2874 681 3094 735 consilia
3123 683 3371 738 nesciunt
3395 699 3521 753 pro-

1933 773 2112 839 desse,
2143 774 2292 828 solus
2313 773 2556 827 videatur
2577 781 2735 841 potus
2778 771 2866 824 ille
2916 779 3169 840 prtestare
3226 790 3241 825 :
3291 773 3522 830 reddens

1934 864 2159 933 pristino
2188 863 2360 916 ordini
2401 863 2692 916 resolutam
2747 862 3084 931 passiouibus
3130 863 3239 916 vim
3289 873 3514 918 natura}.

1934 956 2127 1024 Replet
2158 938 2397 1010 membra
2427 954 2829 1016 vacuata,vires
2853 952 3040 1008 effetas
3069 954 3434 1022 instaurat;et
3449 956 3524 1010 fu-

1934 1054 2116 1100 mento
2142 1045 2372 1114 quodam
2396 1045 2679 1115 reparabili
2708 1044 2865 1113 :egris
2892 1044 2965 1097 ita
3015 1044 3282 1109 subvenit,
3328 1061 3522 1114 quem-

1934 1135 2220 1204 admodum
2276 1150 2500 1190 somnus
2533 1134 2717 1188 labore
2748 1133 2999 1203 fatigatis.
3061 1131 3188 1188 Hanc
3216 1135 3398 1203 itaque
3437 1150 3523 1188 ar-

1934 1235 2116 1281 menta
2145 1226 2198 1280 in
2230 1234 2337 1280 tam
2369 1225 2660 1280 abundanti
2685 1225 2880 1294 pabulo
2904 1224 3166 1278 exhausta
3191 1225 3390 1290 videre,
3422 1225 3524 1277 mi-

1935 1316 2174 1370 raculum
2205 1323 2288 1370 est
2313 1333 2326 1382 ;
2352 1325 2410 1370 ut
2437 1315 2632 1370 humor
2660 1315 2750 1369 ille
2772 1316 2976 1370 lacteus
3005 1331 3112 1369 non
3143 1324 3361 1385 pnestet
3408 1316 3520 1370 ori—

1935 1411 2042 1479 gini
2073 1425 2203 1474 sum,
2235 1409 2323 1477 qui
2348 1424 2576 1478 corpora
2601 1407 2907 1462 mortalium
2939 1409 3198 1477 probatur
3239 1408 3363 1463 laesa
3394 1407 3523 1463 refi-

1934 1517 2094 1564 cere;
2129 1501 2372 1568 miroque
2398 1499 2559 1554 modo
2590 1500 2770 1552 herbis
2799 1499 3047 1551 animalia
3079 1514 3184 1552 non
3215 1497 3524 1568 proficiunt,

1943 1593 2085 1646 unde
2110 1592 2386 1645 hominum
2418 1589 2656 1644 membra
2681 1590 3054 1658 pinguescunt.
3107 1587 3282 1644 Exiles
3307 1606 3401 1659 per
3427 1589 3525 1644 du-

1936 1693 2080 1738 meta
2104 1685 2410 1737 discurrunt
2439 1683 2722 1746 montium,
2756 1690 2946 1735 tenues
2967 1682 3232 1745 videntur,
3259 1693 3333 1744 et,
3359 1682 3527 1735 instar

234 1780 588 1834 conscientia:
615 1782 850 1850 puritate
873 1784 1134 1837 tractetis.
1165 1782 1394 1837 Obviate
1443 1782 1617 1849 malis,
1652 1781 1843 1846 fovete
1865 1795 1906 1853 Β
1935 1777 2051 1845 ejus
2079 1778 2167 1830 cui
2199 1777 2511 1840 medentur,
2567 1775 2834 1829 sustinent
2864 1774 3147 1842 passionis.
3185 1771 3293 1826 Lac
3345 1781 3526 1827 autem

235 1871 592 1926 nihilominus
616 1873 951 1928 innocentes.
982 1874 1038 1928 Si
1070 1875 1190 1944 quis
1220 1883 1402 1928 tamen
1454 1883 1538 1928 est
1563 1873 1652 1942 qui
1705 1889 1836 1928 ausu

235 1963 528 2017 temerario
556 1973 743 2019 contra
766 1973 980 2019 vestros
1017 1963 1191 2020 fasces
1233 1965 1490 2032 erigatur,
1515 1979 1615 2019 nec
1663 1964 1839 2033 possi-

234 2052 303 2106 tis
327 2069 589 2109 exercere
615 2055 759 2122 quod
784 2054 988 2123 justum
1030 2065 1133 2116 est,
1192 2063 1286 2110 aut
1339 2057 1628 2125 petitorem
1678 2055 1840 2124 proti-

242 2157 344 2197 nus
375 2157 502 2196 cum
529 2151 707 2198 vestra
737 2142 999 2198 relatione
1025 2144 1401 2207 transmittite,
1437 2150 1549 2208 aut,
1609 2143 1654 2196 si
1709 2143 1838 2197 viri-

235 2230 339 2282 bus
370 2230 478 2303 [ed.
538 2232 659 2297 Λα,
698 2230 929 2302 juribus]
957 2233 1221 2288 deseritur
1246 2233 1516 2300 veniendi,
1561 2234 1834 2300 negotium

235 2321 507 2376 destinata
537 2323 801 2378 relatione
815 2323 1138 2389 declaretur,
1167 2324 1382 2393 quando
1420 2332 1476 2378 et
1523 2327 1836 2379 evectiones

235 2413 479 2480 publicas
502 2415 809 2484 accepistis,
836 2423 892 2469 et
926 2415 1082 2469 nobis
1102 2425 1313 2483 gratum
1343 2413 1403 2468 fit
1443 2413 1630 2469 audire
1659 2414 1727 2470 de
1757 2423 1836 2468 ta-

235 2503 396 2558 libus.
422 2505 598 2573 Atque
623 2505 746 2560 ideo
759 2506 914 2561 vobis
931 2507 1097 2561 totius
1113 2505 1482 2561 excusationis
1503 2520 1664 2560 causa
1717 2506 1838 2560 sub-

237 2604 388 2650 mota
443 2606 544 2662 est,
571 2600 789 2666 quando
811 2606 905 2651 aut
927 2613 1024 2667 per
1060 2598 1374 2665 dignitatem
1403 2606 1636 2651 vestram
1676 2606 1834 2666 pote-

239 2689 340 2742 stis
360 2697 515 2743 recta
536 2703 751 2758 gerere,
776 2697 870 2742 aut
889 2696 1039 2744 certe
1065 2690 1218 2743 nobis
1243 2702 1363 2758 quae
1387 2696 1510 2742 sunt
1531 2686 1833 2742 necessaria

243 2780 516 2834 nuntiare.

814 2911 1142 2968 EPISTOLA
1183 2911 1251 2966 X.

239 3014 416 3058 ΒΕΔΤΟ
437 3020 556 3058 VIN)
571 3019 898 3066 CLABISSIIIO,
914 3020 1302 3070 CANCELLMUO,
1325 3019 1568 3058 SENATOR
1612 3019 1832 3056 PB/EFE‘

720 3084 742 3091 ’
797 3091 929 3129 crus
960 3089 1265 3128 rnmromo.

242 3188 525 3260 Signiﬁcat
549 3205 714 3260 regem
744 3188 1056 3260 concessisse
1099 3185 1242 3260 Davo
1292 3187 1592 3256 facultatem
1632 3185 1836 3260 petendi

310 3256 620 3312 Laetariunt
633 3269 856 3312 montem
881 3259 949 3310 ad
998 3259 1273 3310 sanitatem
1327 3256 1754 3324 recuperandam,
1789 3266 1837 3307 et

307 3329 461 3400 jubet
481 3339 536 3382 ut
565 3331 611 3383 ei
639 3329 933 3382 necessaria
962 3342 1173 3397 qucque
1219 3326 1526 3396 suppeditet.

311 3458 448 3512 Cum
473 3473 652 3512 rerum
681 3456 888 3512 domini
926 3453 1213 3510 clementia
1246 3454 1312 3508 de
1351 3453 1534 3508 famuli
1585 3453 1667 3510 sui
1707 3453 1838 3508 Davi

246 3547 392 3620 [alii,
420 3545 608 3616 David]
658 3547 831 3600 salute
878 3546 1146 3613 cogitaret
1193 3543 1370 3613 (cu-jus
1424 3555 1608 3598 votum
1639 3555 1722 3599 est
1775 3546 1844 3600 de

247 3649 564 3691 cunctorum
592 3638 855 3707 sospitate
884 3637 1098 3706 lattari),
1122 3637 1361 3691 remedia
1392 3635 1626 3691 Lactarii
1682 3653 1840 3692 mon-

248 3727 317 3780 tis
343 3741 469 3780 eum
495 3726 656 3794 jussit
683 3736 940 3796 expetere
963 3765 978 3790 ,
1024 3735 1083 3781 ut
1108 3727 1193 3782 cui
1245 3727 1455 3782 medela
1508 3728 1738 3783 humana
1771 3730 1843 3784 nil

250 3815 482 3884 profuit,
509 3816 709 3884 vulgati
730 3817 836 3870 loci
859 3815 1185 3872 beneficium
1217 3818 1558 3884 subveniret;
1605 3820 1696 3888 qui
1727 3835 1845 3874 cre-

250 3905 343 3960 bra
369 3907 506 3960 tussi
535 3914 790 3962 retonans
819 3907 1013 3962 anhelo
1040 3917 1262 3978 pectore
1291 3909 1530 3963 membra
1561 3911 1800 3964 tenuavit
1829 3929 1842 3964 :

250 3996 374 4051 durn
406 3997 710 4052 ministeria
738 4006 960 4064 naturae,
985 4000 1147 4054 nimia
1170 4002 1527 4056 concussione
1549 4003 1845 4072 debilitata,

252 4091 480 4145 virtutes
510 4106 634 4146 suas
660 4091 934 4160 explicare
958 4103 1234 4162 nequeunt.
1269 4095 1334 4147 ad
1377 4095 1626 4149 salutem.
1682 4095 1849 4150 Escas

252 4183 393 4237 enim
426 4184 482 4237 in
513 4184 769 4238 auxilium
799 4184 1022 4240 humani
1051 4187 1295 4256 corporis
1334 4188 1686 4252 contributas,
1721 4187 1848 4241 dum

255 4285 376 4344 apte
407 4292 520 4330 non
551 4277 821 4345 transigit,
850 4278 1027 4334 reddit
1047 4278 1285 4332 inutiles.
1315 4278 1422 4332 Nec
1457 4278 1683 4332 interest
1730 4277 1850 4331 tali-

254 4361 352 4419 bus
378 4373 479 4420 aut
505 4381 718 4420 sumere
746 4367 948 4434 cibum,
1006 4376 1102 4421 aut
1147 4368 1416 4423 sustinere
1451 4365 1734 4436 jejunium.
1791 4367 1849 4421 ln

254 4454 366 4511 dies
392 4456 638 4524 singulos
660 4457 961 4513 substantia
991 4458 1112 4512 viva
1135 4457 1320 4512 deficit
1345 4476 1360 4524 ;
1388 4467 1460 4523 et,
1494 4459 1640 4512 velut
1668 4458 1835 4512 rimo—

259 4559 372 4600 sum
427 4547 658 4615 dolium,
701 4548 960 4618 paulatim
1000 4546 1261 4611 defluens,
1317 4547 1487 4602 donec
1538 4558 1846 4614 evacuetur,
1884 4519 1928 4576 Β

256 4638 598 4706 expenditur.
668 4635 806 4692 Huic
858 4637 1205 4693 ferocissima:
1234 4637 1472 4707 passioni
1530 4637 1852 4693 beneficium

256 4727 461 4782 montis
491 4727 632 4782 illius
661 4727 851 4782 Divina
886 4729 1189 4784 tribuerunt
1220 4746 1232 4781 :
1260 4729 1348 4782 ubi
1372 4729 1512 4783 aeris
1563 4728 1849 4784 salubritas
1897 4733 1900 4736 ’

333 4958 358 4983 ει
389 4945 528 5016 Vide
573 4945 878 5016 Apuleium,
933 4945 1024 4999 lib.
1059 4961 1092 4999 ιι
1141 4944 1365 5011 Florid.,
1410 4946 1500 5001 ubi
1552 4961 1852 5016 proconsu-

264 5017 365 5073 lem
398 5015 592 5071 Africa:
617 5015 894 5085 alloquens
917 5018 1057 5085 inter
1081 5017 1183 5069 alia
1207 5016 1285 5069 sic
1323 5017 1510 5071 scribit
1555 5015 1572 5070 7:
1634 5015 1851 5072 Utinam

263 5096 524 5156 perpetuo
551 5083 884 5156 liceretfrui!
917 5084 1054 5151 Quid
1080 5086 1236 5140 nobis
1264 5101 1385 5156 cum
1415 5087 1528 5140 istis
1554 5103 1851 5156 proconsu-

267 5154 374 5210 lum
403 5156 652 5210 vicibus?
673 5154 812 5220 Quid
857 5171 978 5210 eum
1009 5157 1162 5209 annis
1192 5155 1443 5211 brevibus
1493 5154 1567 5210 et
1595 5155 1851 5211 festinan-

269 5226 408 5297 tibus
431 5225 748 5280 mensibus?
848 5225 1052 5280 ceieres
1069 5226 1352 5297 hominum
1375 5227 1523 5281 dies!
1572 5226 1616 5279 0
1665 5230 1849 5297 pansi-

267 5295 388 5348 dum
423 5297 752 5364 optimorum
779 5295 942 5348 citata
969 5295 1234 5363 pericula!
1262 5295 1456 5350 Juna'r.

337 5365 361 5436 lt
394 5366 508 5420 Hoc
532 5381 710 5436 supra,
739 5366 789 5417 in
814 5364 1036 5436 formula
1059 5365 1429 5436 defensoriset
1449 5369 1712 5421 curatoris
1743 5369 1851 5423 rei-

307 5435 438 5502 ubl.,
466 5437 556 5500 lib.
586 5433 658 5499 vi,
691 5435 846 5488 form.
878 5433 976 5500 18;
1006 5443 1061 5487 et
1088 5435 1177 5487 lib.
1234 5451 1325 5501 vn,
1355 5434 1510 5488 form.
1563 5436 1620 5489 Η
1677 5448 1730 5491 et
1760 5439 1844 5491 1‘2.

294 5505 444 5559 ’ret-ia
465 5508 610 5574 justa
639 5506 800 5558 rebus
838 5505 1117 5558 venalibus
1145 5512 1470 5569 statuantur,
1502 5508 1697 5561 novell.
1727 5508 1845 5570 122,

273 5575 429 5629 edict.
461 5577 512 5639 6,
546 5574 1059 5642 Justiniani;supra,
1109 5575 1200 5628 lib.
1248 5591 1321 5638 ix,
1374 5579 1530 5643 epist.
1590 5575 1639 5638 5,
1692 5594 1739 5632 c.
1794 5580 1845 5640 t,

272 5653 420 5700 extra
445 5646 510 5700 de
539 5655 703 5714 empt.
729 5654 785 5699 et
811 5646 1007 5709 vend.;
1039 5644 1316 5700 Cedrenus
1339 5644 1389 5698 in
1421 5644 1719 5715 Theophila
1753 5649 1852 5701 im-

272 5726 559 5784 peratore;
591 5717 896 5779 Athcnzeus,
929 5715 1019 5767 lib.
1047 5715 1100 5768 vi
1128 5715 1549 5784 Dipnosophist.,
1598 5733 1649 5770 c.
1709 5717 1762 5784 2,
1784 5719 1852 5772 de

277 5783 498 5849 piscium
545 5787 907 5853 venditorib.;
957 5783 1334 5855 Moschopulus
1368 5783 1436 5840 iet
1484 5785 1670 5840 Suidas
1701 5829 1714 5854 ,
1751 5783 1756 5784 7
1799 5789 1850 5841 in

1943 1877 2048 1920 tam
2072 1867 2289 1936 pingue,
2323 1875 2379 1919 ut
2403 1866 2602 1918 Intereat
2624 1864 2821 1932 digitis,
2847 1879 2966 1917 cum
2995 1864 3321 1932 exprimatur
3352 1863 3404 1916 in
3436 1879 3528 1916 va-

1940 1961 2031 2013 sis.
2062 1959 2177 2025 Qua
2205 1960 2272 2012 de
2293 1973 2353 2012 re
2379 1971 2622 2010 annonas
2676 1956 2960 2025 deputatas
3015 1955 3529 2022 subventionemquo

1940 2051 2298 2106 necessariam
2328 2049 2563 2118 pnebete
2583 2047 2821 2102 venienti
2852 2064 2867 2110 ;
2897 2055 2954 2100 ut
2983 2047 3033 2100 in
3066 2047 3375 2116 supradicto
3406 2046 3528 2101 loco

1939 2141 2225 2194 salubriter
2245 2150 2447 2208 pastus,
2474 2136 2665 2192 eodem
2689 2137 2944 2190 alimento
2967 2145 3248 2204 reparetur
3272 2134 3389 2203 ejus
3437 2135 3528 2204 ju-

1939 2240 2154 2298 ventus,
2185 2246 2293 2300 quo
2324 2230 2557 2284 nutritur
2581 2228 2823 2282 infantia.
2851 2225 3169 2294 Consurgite
3219 2227 3384 2280 animi
3436 2227 3531 2282 tali

1941 2325 2194 2393 passione
2225 2323 2604 2376 laborantium.
2632 2319 2751 2374 Jam
2783 2336 2887 2373 non
2917 2335 3100 2372 amaro
3127 2319 3374 2373 antidoto
3402 2318 3530 2372 bor-

1938 2414 2128 2468 rebitis
2159 2413 2528 2468 dulcissimam
2575 2413 2764 2466 vitam.
2808 2410 3141 2480 Voluptuose
3190 2410 3356 2465 bibite
3408 2424 3530 2480 qua:

1938 2507 2292 2561 saluberrima
2320 2505 2586 2560 sentiatis.
2617 2502 2910 2558 Felicitatis
2958 2516 3125 2570 genus
3155 2510 3255 2566 est,
3287 2501 3410 2556 inde
3435 2517 3525 2556 cu-

1943 2601 2070 2665 rari,
2096 2599 2238 2654 unde
2266 2599 2439 2653 libens
2459 2598 2638 2651 animo
2667 2613 2809 2666 aeger
2835 2597 3005 2667 possit
3032 2595 3256 2651 exoleri.

2679 2726 2765 2781 XI.

2081 2856 2312 2894 EDICTUM
2340 2856 2408 2893 DE
2439 2855 2643 2894 PBETIIS
2669 2855 3046 2895 CUSTODIENDIS
3086 2855 3361 2894 ῐιΑνεκΜε.

1937 2952 2186 3006 Decfarat
2215 2969 2270 3006 se
2298 2952 2556 3022 speciebus
2585 2954 2751 3021 pretia
2778 2953 2975 3022 ﬁxisse,
3029 2961 3221 3006 statuta
3243 2954 3396 3009 edicti
3423 2958 3529 3010 via-

2152 3023 2400 3076 latoribus
2423 3024 2724 3093 pecuniaria
2777 3039 3274 3095 corpoream-paena.
3292 3047 3304 3054 ο

1871 3166 1914 3228 C
2023 3135 2183 3203 180
2210 3133 2487 3187 Ve’nalitas
2507 3131 2536 3171 δ
2561 3132 2870 3186 victualium
2891 3148 3070 3187 rerum
3095 3135 3352 3204 temporis
3379 3132 3528 3208 [Νἱυ.

1942 3236 1992 3278 et
2022 3224 2144 3292 6a.,
2176 3222 2458 3296 emptoris]
2481 3224 2641 3279 debet
2667 3225 2947 3294 subjacere
3000 3225 3215 3290 rationi,
3248 3234 3306 3280 ut
3355 3240 3531 3298 neque

1940 3317 1995 3371 in
2024 3318 2234 3372 vilitate
2263 3319 2481 3385 caritas,
2509 3333 2610 3372 nec
2657 3318 2710 3372 in
2755 3318 2981 3372 caritate
3009 3319 3187 3372 vilitas
3216 3327 3530 3388 expetatur;

1939 3409 2034 3463 sed
2063 3409 2372 3478 aequalitate
2402 3424 2690 3478 perpensa,
2717 3417 2772 3463 et
2820 3424 3062 3462 murmur
3103 3410 3429 3478 ementibus,
3478 3419 3533 3467 et

1940 3515 2235 3568 gravamen
2264 3501 2504 3571 querulis
2559 3501 2985 3568 negotiatoribus
3033 3502 3328 3556 auferatur.
3361 3503 3534 3574 Atque

1940 3593 2063 3647 ideo
2093 3593 2366 3647 trutinatis
2385 3593 2652 3655 omnibus,
2685 3600 2741 3647 et
2766 3591 2834 3646 ad
2880 3592 3140 3661 liquidum
3179 3595 3537 3652 calculatione

1943 3688 2192 3751 collecta,
2215 3687 2548 3740 diversarum
2578 3686 2878 3755 specierum
2910 3687 3078 3755 pretia
3121 3691 3306 3744 subter
3361 3687 3536 3744 affixi-

1945 3795 2066 3833 mus
2091 3818 2106 3842 ,
2134 3786 2193 3832 ut
2222 3779 2368 3832 omni
2399 3777 2750 3846 ambiguitate
2778 3778 3045 3842 submota,
3077 3779 3421 3832 definitarum
3451 3796 3536 3834 re-

1946 3887 2064 3924 rum
2086 3870 2283 3925 debeat
2312 3885 2528 3924 manere
2555 3870 2818 3924 custodia.
2844 3869 2899 3924 Si
2930 3871 3049 3938 quis
3085 3879 3263 3922 autem
3295 3869 3536 3923 venden-

1950 3961 2084 4014 tium
2117 3977 2224 4014 non
2255 3960 2552 4014 servaverit
2571 3976 2689 4028 quae
2720 3960 3003 4029 przesentis
3034 3958 3194 4012 edicti
3244 3966 3400 4013 tenor
3418 3960 3536 4012 elo-

1948 4052 2151 4119 quitur,
2181 4066 2277 4119 per
2297 4051 2535 4117 singulos
2564 4064 2818 4103 excessus
2845 4064 2938 4103 sex
2969 4049 3536 4104 solidorummulctam

1949 4157 1979 4193 a
2009 4157 2067 4195 se
2094 4140 2674 4207 noveritexigendam,
2734 4151 2788 4194 et
2839 4140 3096 4194 fustuario
3150 4156 3307 4209 posse
3359 4142 3538 4209 subjas

1951 4247 2074 4286 cere
2096 4231 2355 4300 supplicio
2387 4241 2408 4268 ε
2435 4249 2448 4292 ;
2478 4238 2740 4298 quatenus
2772 4248 2894 4286 eum
2921 4242 2975 4286 et
3002 4232 3180 4286 damni
3210 4242 3386 4289 metus
3434 4243 3538 4290 ter.

1954 4331 2089 4388 rent,
2121 4331 2177 4376 et
2203 4322 2454 4390 praedicta
2485 4338 2643 4392 poma
2667 4323 3016 4380 vehementer
3037 4325 3260 4394 affligat.

2236 4585 2468 4625 EDICTUI
2491 4586 2792 4626 PIIETIOKU‘II
2816 4588 2915 4626 PER
2943 4589 3250 4630 FLAIINIAI‘.

1955 4660 2154 4736 Statuit
2178 4670 2234 4712 ut
2262 4661 2326 4713 ab
2357 4660 2640 4736 hospitibus
2666 4665 2946 4733 exigantur
2993 4673 3193 4718 tantum
3240 4668 3406 4736 pretia
3452 4685 3538 4735 per

2025 4732 2237 4786 militem
2259 4747 2427 4796 suum,
2451 4733 2582 4785 cives
2601 4743 2648 4785 et
2671 4732 2967 4804 episcOpum
3004 4736 3103 4790 loci
3148 4732 3384 4806 deﬁnita.
3437 4732 3539 4801 Qui

1960 4952 2306 5022 Σιτοφιξλακες.
2325 4951 2504 5007 'Fonu.

2035 5033 2054 5060 ε
2081 5021 2258 5093 Hujus
2287 5027 2490 5077 mentio
2518 5023 2572 5076 in
2605 5021 2727 5091 jure
2775 5023 2988 5091 crebra,
3044 5025 3082 5080 l.
3121 5026 3186 5092 7,
3229 5026 3539 5093 Saccularii;

1961 5092 2074 5156 fin.,
2107 5091 2172 5145 de
2196 5102 2332 5166 extr.
2358 5093 2650 5166 criminib.,
2685 5093 3227 5166 Novell_.bfajoriani;
3262 5091 3538 5166 Papinian.

1959 5177 2231 5236 respons,
2257 5163 2344 5236 tit._
2366 5162 2454 5227 14,
2474 5172 2536 5236 et
2567 5163 2743 5236 tit._9.l
2772 5164 2842 5230 ;l.
2866 5161 2899 5215 5
2927 5161 3352 5236 C.:Tlieod.,ide'
3377 5171 3540 5236 episc.

1959 5241 2013 5286 et
2035 5232 2191 5302 cler.;
2222 5232 2434 5297 l'aulus,
2473 5234 2565 5286 lib.
2595 5250 2630 5287 v
2659 5233 2835 5296 Seut.,
2870 5236 2952 5288 tit.
2983 5234 3036 5295 4,
3066 5244 3120 5289 et
3145 5232 3314 5289 tit.2|
3341 5255 3353 5302 ;
3379 5232 3432 5291 et
3461 5255 3542 5291 su~

1960 5318 2076 5376 pra,
2109 5301 2300 5376 ιῇὴᾎιι,
2331 5305 2487 5376 epist.
2511 5302 2577 5376 ἢ)
2603 5305 2691 5376 lib.
2709 5320 2780 5376 ιν,
2802 5305 2958 5376 epist.
2987 5304 3052 5358 10
3079 5321 3092 5370 ;
3128 5306 3218 5358 lib.
3247 5301 3356 5368 vm,
3383 5309 3541 5376 epistt

1961 5375 2059 5425 ult.
2083 5389 2098 5435 ;
2125 5372 2160 5426 ι.
2192 5371 2246 5435 2,
2275 5371 2499 5447 ιιιςυιμ
2532 5374 2593 5447 C.
2629 5371 2729 5437 Qui
2759 5375 2827 5426 ad
2839 5371 3034 5447 ieccles.
3089 5381 3300 5447 conj'ug.
3357 5371 3544 5432 Adrian

1957 5459 2054 5495 nus
2079 5458 2212 5512 papa
2235 5444 2375 5511 apud
2437 5442 2753 5498 Gratianum
2785 5463 2797 5495 :
2833 5444 2934 5508 Qui
2967 5447 3016 5497 in
3049 5442 3282 5501 alterius-
3326 5449 3541 5513 Lunam,

1955 5513 2144 5584 inquit,
2176 5515 2406 5584 publice,
2443 5515 2766 5584 scripturam
2810 5524 2902 5566 aut
2937 5517 3110 5584 verba
3155 5520 3544 5575 contunn-liosa

1953 5582 2295 5653 confinxerit,
2336 5582 2656 5651 ﬂagelletur,
2689 5599 2808 5637 can.
2850 5586 2896 5645 1,
2931 5583 2982 5646 5,
3008 5601 3061 5653 q.
3099 5587 3148 5640 1.
3200 5587 3446 5642 Renovat
3475 5589 3547 5642 lea

1955 5666 2075 5719 gem
2104 5669 2174 5706 xu
2196 5652 2500 5722 Tab.,quae
2525 5653 2712 5706 famosi
2745 5655 2915 5709 libelli
2959 5652 3242 5712 auctorem.
3287 5659 3548 5714 fustuario

1957 5723 2132 5793 puniri
2174 5723 2416 5791 jubebat.
2462 5723 2689 5777 Cornut.
2727 5723 2778 5777 in
2811 5722 2983 5779 Persii
3012 5737 3180 5799 satyr.
3224 5729 3274 5783 ί.
3311 5729 3542 5788 Fanum:
