4006 6508
804 230 829 241 ἢ.

424 312 531 366 859

1649 309 1717 361 Μ.
1761 305 2038 363 Αυιιιῖιιι
2074 306 2475 363 CASSIODORI

3598 308 3699 368 8ὶο

495 426 855 508 secusjecerit,
886 425 941 508 in
964 442 1077 506 eum
1106 440 1197 508 sex
1224 426 1507 506 solidorum
1554 424 1797 477 mulctam
1847 429 1894 475 et
1927 422 2010 492 {u—
2042 424 2093 481 Α
2121 435 2252 490 pace
2277 419 2564 488 geminavi,
2587 433 2715 474 ecce
2735 417 2940 473 civibus
2960 426 3147 473 ornata
3179 418 3507 490 reSplcndui.
3527 419 3584 475 Si
3614 438 3699 481 me

491 496 747 553 stuariam
776 496 1081 565 supplicium
1110 496 1364 549 decernit.

497 586 556 644 Si
602 587 763 641 otiosi
789 587 973 655 populi
1025 587 1238 641 urbium
1294 584 1621 652 singularum
1670 582 1769 637 sub
1808 582 2013 651 pretio-

428 695 547 736 rum
571 677 779 746 justitia
800 677 1171 737 continentur,
1202 684 1407 744 quanto
1437 674 1607 743 magis
1657 673 1814 727 debet
1864 671 2014 725 labo-

429 770 669 826 rantibus
693 768 986 833 subveniri,
1050 784 1119 821 ne
1160 768 1363 821 utilitas
1418 765 1834 821 commeantium
1890 779 2014 817 sau-

429 860 603 916 cietur
659 857 969 913 discrimine
1023 855 1399 909 fortuitorum!
1450 854 1518 907 Et
1573 855 1693 908 ideo
1740 853 2013 922 susceptio

435 948 828 1002 transeuntium
852 947 1067 1014 requies
1094 945 1252 1000 debet
1282 960 1400 999 esse
1432 960 1680 999 curarum
1709 961 1722 1007 ;
1774 959 1841 997 ne
1870 942 2013 1012 quod

433 1038 502 1092 ad
525 1038 769 1093 levamen
808 1038 1085 1091 inventum
1109 1051 1228 1090 esse
1266 1043 1497 1099 constat,
1546 1034 1861 1089 detestabile
1913 1050 2013 1103 po—

434 1130 541 1183 tius
569 1143 856 1196 gravamen
887 1124 1109 1195 inﬂigat.
1143 1126 1452 1195 Rccipiatur
1478 1125 1675 1193 hospes
1721 1125 1788 1178 ad
1843 1123 2015 1193 pretia

433 1218 686 1282 delinita;
718 1216 1053 1284 iniquitatem
1087 1232 1193 1270 non
1220 1216 1454 1284 patiatur
1503 1229 1739 1279 avaram,
1758 1215 1849 1283 qui
1882 1213 2017 1266 invi-

435 1317 581 1361 tatur
609 1308 672 1361 ad
702 1309 951 1376 gratiam,
982 1307 1236 1377 quoniam
1267 1307 1435 1377 turpis
1458 1306 1732 1359 accusatio
1763 1304 1903 1376 [Ac.,
1925 1319 2017 1359 oc-

440 1398 691 1467 cupatio;
725 1396 849 1451 Niv.
881 1408 929 1451 et
956 1396 1080 1462 6a.,
1113 1394 1419 1466 aucupatio]
1449 1403 1562 1462 est,
1598 1405 1800 1449 terrere
1853 1410 2009 1449 enor-

442 1488 634 1542 mitate
658 1489 836 1557 pretii,
863 1498 915 1543 et
937 1489 1281 1559 susceptione
1302 1486 1552 1540 blandiri.
1584 1485 1827 1540 Praedoni
1872 1485 2020 1539 simi-

438 1581 505 1636 lis
533 1590 633 1644 est,
686 1581 774 1649 qui
826 1580 925 1634 sub
973 1580 1153 1648 iniqua
1203 1579 1350 1649 cupit
1380 1578 1652 1631 voluntate
1689 1578 2017 1644 distrahere;

443 1678 701 1739 utrosque
724 1670 865 1724 enim
890 1678 1103 1723 constat
1130 1670 1303 1723 aliena
1326 1669 1460 1722 velle
1491 1668 1743 1737 diripere,
1767 1675 1819 1721 et
1840 1669 2019 1723 consi-

2117 511 2236 565 lzcdi
2258 510 2482 581 pateris,
2517 510 2608 564 ubi
2636 509 2747 578 jam
2778 526 2976 565 nomen
2998 520 3103 566 tua:
3152 510 3371 580 pietatis
3419 511 3701 569 ostendis?

2118 602 2256 669 Quid
2285 603 2428 658 enim
2448 618 2547 671 pro
2575 617 2663 656 me
2692 603 2880 657 nitaris
2918 603 3145 672 amplius
3172 617 3351 671 agere,
3398 603 3554 672 cujus
3608 618 3695 661 re-

2116 692 2264 761 ligio,
2296 707 2415 762 qua:
2445 700 2537 745 tua
2567 699 2670 759 est,
2704 692 3050 759 cognoscitur
3072 692 3152 746 sic
3181 690 3374 745 florere
3394 693 3419 745 ἲ
3472 691 3705 749 Senam

2120 797 2272 836 meus
2328 782 2626 836 honoribus
2678 782 2892 846 crescit,
2943 780 3289 836 facultatibus
3339 781 3705 840 indesinenter

2117 885 2360 944 augetur.
2391 876 2509 930 Noli
2540 891 2638 945 per
2665 875 2988 930 discordiam
3016 876 3278 945 dissipare
3305 877 3450 945 quod
3480 877 3704 933 deberes

2116 982 2214 1036 per
2242 966 2380 1020 bella
2402 964 2713 1020 defendere.
2743 963 2918 1019 Habui
2948 964 3143 1019 multos
3170 979 3347 1033 reges,
3385 967 3481 1021 sed
3539 969 3703 1022 nemi-

2119 1072 2240 1110 nem
2265 1056 2569 1125 hujusmodi
2608 1058 2899 1110 litteratum
2949 1055 3077 1126 [ed.,
3134 1056 3488 1128 litterarum];
3546 1058 3703 1113 habui

2117 1149 2405 1217 prudentes
2435 1149 2597 1213 viros,
2626 1149 2719 1203 sed
2764 1148 2967 1203 nullum
2994 1150 3074 1203 sic
3111 1147 3355 1203 doctrina
3404 1160 3460 1203 et
3506 1151 3705 1221 pietate

2116 1240 2428 1309 pollentem.
2462 1239 2635 1308 Diligo
2666 1239 2931 1303 Amalum,
2948 1238 3081 1292 meis
3109 1240 3361 1294 uberibus
3389 1242 3701 1305 enutritum,

2118 1331 2291 1385 virum
2321 1329 2512 1385 fortem
2542 1346 2660 1385 mea
2683 1331 3093 1385 conversatione
3147 1331 3532 1399 compositum,
3594 1331 3702 1385 Ro-

2121 1422 2290 1476 manis
2315 1421 2596 1490 prudentia
2626 1422 2867 1487 charum,
2913 1422 3162 1489 gentibus
3212 1422 3407 1475 virtute
3457 1438 3707 1478 reveren-

2120 1510 2461 1580 dum.Junge
2511 1512 2751 1580 quinimo
2777 1520 2936 1577 vota,
2988 1512 3311 1581 participare
3337 1512 3601 1576 consilia;
3648 1523 3706 1567 ut

2123 1611 2229 1655 tua:
2257 1603 2441 1670 gloria:
2470 1600 2733 1671 proficiat,
2765 1602 2810 1657 si
2832 1602 2961 1655 mihi
2990 1602 3191 1671 aliquid
3220 1602 3594 1671 prosperitatis
3621 1618 3707 1657 ac-

2126 1694 2300 1747 cedat.
2332 1692 2449 1747 Noli
2477 1708 2561 1748 me
2585 1694 2663 1749 sic
2691 1708 2950 1763 quatrere,
2984 1702 3043 1747 ut
3068 1708 3176 1747 non
3213 1692 3396 1749 valeas
3446 1693 3704 1749 invenire-

440 1763 774 1855 derationem
797 1761 1018 1855 justitizc
1047 1777 1153 1855 non
1176 1761 1407 1855 habere.
1431 1760 1662 1855 Nescitis
1677 1768 1875 1855 quanta
1898 1775 2022 1828 905·-
2060 1796 2099 1852 η
2129 1782 2243 1837 Tua
2271 1798 2389 1837 sum
2413 1760 2759 1838 nihilominus
2786 1784 3068 1847 charitate,
3100 1784 3144 1837 si
3172 1784 3308 1855 [Ac.,
3342 1784 3435 1838 sed
3460 1802 3474 1848 ;
3508 1782 3564 1836 Ν
3568 1785 3633 1838 ie.
3660 1794 3708 1837 et

441 1852 558 1907 sitis
586 1854 866 1921 acquirere
892 1853 1191 1907 moderati?
1219 1850 1371 1905 Ultro
1401 1852 1467 1905 ad
1519 1852 1800 1906 commoda
1848 1860 2025 1905 vestra

441 1944 683 2008 veniunt,
716 1944 810 2013 qui
864 1961 961 2000 vos
995 1953 1359 2013 temperanter
1408 1959 1566 2011 agere
1620 1959 1779 2013 posse
1832 1958 2031 2013 cogno-

443 2042 619 2088 scunt.
638 2033 826 2088 Nullus
849 2048 977 2102 ergo
996 2049 1053 2088 se
1081 2035 1329 2097 mstimet,
1356 2034 1498 2104 quod
1516 2045 1595 2089 est
1612 2034 1871 2090 familiare
1891 2051 2032 2089 sem—

444 2138 545 2193 per
590 2124 917 2193 absentium,
969 2125 1375 2197 longinquitatis
1454 2127 1725 2181 oblivione
1793 2125 2029 2189 defendi,

447 2214 667 2284 quando
694 2217 760 2269 ad
791 2231 891 2271 nos
912 2217 1135 2272 veniunt
1162 2216 1403 2285 quotidie
1452 2218 1543 2287 qui
1597 2226 1774 2271 vestra
1839 2217 2033 2270 merci-

448 2305 632 2358 monia
658 2306 953 2374 patiuntur.
990 2307 1191 2361 Cavete
1240 2308 1420 2377 potius
1473 2308 1665 2360 damna
1723 2307 2032 2371 multorum,

455 2397 548 2465 qui
573 2397 849 2450 lucrorum
873 2399 1158 2453 aviditates
1186 2400 1460 2470 appetitis.
1492 2400 1597 2454 Sex
1642 2400 1784 2453 enim
1831 2400 2034 2453 solido—

450 2502 570 2542 rum
603 2486 936 2556 dispendium
966 2505 1025 2543 se
1053 2492 1265 2545 noverit
1295 2493 1580 2558 sustinere,
1607 2500 1661 2547 et
1712 2492 2036 2547 laceratione

452 2580 700 2649 corporis
727 2580 1087 2650 aﬂligendum,
1120 2584 1165 2639 si
1192 2585 1310 2653 quis
1338 2586 1494 2640 aliter
1538 2585 1874 2641 vendendum
1918 2601 2036 2640 esse

455 2670 763 2737 crediderit,
788 2687 948 2741 quam
979 2675 1131 2729 miles
1165 2686 1348 2731 noster
1372 2678 1422 2731 in
1444 2693 1558 2731 rem
1603 2678 1838 2732 directus
1866 2679 2036 2747 pretia

455 2776 579 2816 cum
627 2763 834 2818 civibus
857 2774 1021 2834 atque
1046 2767 1316 2836 episcOpis
1336 2768 1600 2834 locorum,
1632 2769 1815 2823 habita
1829 2769 2035 2823 delibe-

458 2851 685 2918 ratione,
720 2856 1011 2911 censuerit.
1042 2855 1302 2914 Suﬂicere
1342 2860 1483 2914 enim
1523 2859 1723 2915 debent
1785 2860 2038 2916 omnibus

457 2941 682 2998 honesta
705 2945 852 2999 lucra
879 2945 946 3000 de
974 2947 1199 3015 civibus,
1235 2964 1304 3005 ne
1329 2949 1549 3005 obsessa
1594 2951 1774 3021 potius
1820 2952 2039 3007 videan-

459 3031 546 3088 tur
574 3035 767 3091 itinera
788 3051 910 3094 esse
937 3038 1229 3095 latronum.

1008 3171 1333 3229 EPISTOLA
1362 3174 1496 3229 XIII.

595 3277 899 3317 JUSTINIANO
927 3278 1247 3318 IIPERATOBI
1273 3280 1506 3321 SENATUS
1546 3282 1691 3322 UBBIS
1721 3281 1901 3321 ROIE.

464 3351 635 3422 Rogat
655 3362 711 3405 ut
738 3354 848 3425 reg_i
875 3369 1052 3421 pacem
1073 3353 1337 3407 concedat.
1389 3352 1539 3417 Quod
1558 3364 1612 3407 ut
1643 3356 1849 3425 facilius
1897 3372 2043 3409 asse-

596 3432 711 3495 utttr
738 3462 753 3487 ,
802 3422 987 3495 Romae
1000 3433 1389 3495 sanctorumque
1410 3422 1758 3495 apostolorum
1798 3426 1943 3479 Petri
1995 3435 2045 3480 et

563 3491 692 3543 ἀειιὶ
713 3507 887 3559 preces
909 3491 1015 3544 suis
1044 3491 1302 3563 adjungit.

540 3602 839 3657 Honestum
870 3604 1029 3657 nimis
1060 3612 1115 3659 et
1152 3606 1518 3661 necessarium
1546 3605 1755 3661 videtur
1780 3622 1898 3662 esse
1951 3622 2046 3661 ne-

465 3695 692 3765 gotium,
725 3709 826 3764 pro
862 3696 1154 3750 securitate
1180 3694 1435 3751 Romamn
1456 3698 1761 3767 reipublica:
1789 3698 1876 3767 pio
1898 3698 2047 3767 prin-

466 3786 573 3856 cipi
593 3785 915 3855 supplicare,
946 3787 1071 3855 quia
1096 3788 1349 3841 convenit
1399 3803 1429 3841 a
1482 3788 1635 3844 vobis
1680 3789 1858 3858 expeti
1904 3788 2047 3857 quod

467 3882 668 3927 nostrae
696 3874 867 3943 possit
898 3873 1159 3944 prolicere
1188 3875 1442 3930 libertati.
1476 3875 1608 3931 Nam
1665 3877 1806 3931 inter
1852 3887 2047 3931 caetera

467 3966 611 4021 bona
641 3981 761 4036 qua:
792 3966 941 4022 vobis
967 3967 1309 4035 singulariter
1333 3967 1520 4022 Divina
1550 3969 1871 4035 tribuerunt,
1918 3968 2049 4022 nihil

468 4054 755 4125 gloriosius
781 4056 1043 4125 probatur
1070 4056 1354 4126 accedere,
1381 4074 1542 4127 quam
1564 4060 1707 4128 quod
1738 4076 1832 4115 vos
1864 4073 2053 4127 cogno-

469 4147 621 4201 scitis
650 4146 847 4214 ubique
876 4162 1036 4216 posse
1077 4158 1355 4217 przestare.
1424 4148 1698 4219 Rogamus
1744 4163 1897 4218 ergo,
1951 4150 2053 4205 cle-

471 4238 1126 4307 mentissimeimperator,
1152 4248 1207 4293 et
1233 4238 1300 4293 de
1347 4241 1552 4307 gremio
1600 4240 1761 4295 curia:
1813 4239 2054 4310 duplices

475 4327 744 4381 tendimus
784 4342 992 4391 manus,
1025 4337 1083 4382 ut
1108 4344 1295 4398 pacem
1336 4342 1569 4385 vestram
1619 4340 1806 4387 nostro
1834 4332 1946 4399 regi
1974 4329 2056 4385 fir-

474 4418 765 4472 missimam
794 4420 1107 4488 przebeatis;
1132 4435 1231 4475 nec
1244 4436 1341 4477 nos
1371 4422 1643 4491 patiamini
1673 4422 2056 4477 abominabiles

2133 1873 2255 1938 6a.,
2286 1871 2384 1943 sic]
2414 1874 2617 1927 nullum
2647 1873 2815 1928 facias
2842 1888 2960 1928 mea
2988 1873 3228 1928 membra
3279 1873 3539 1927 lacerare.
3580 1873 3709 1927 Nam

2131 1966 2175 2019 si
2199 1964 2363 2036 Libya
2389 1966 2590 2018 meruit
2614 1980 2710 2033 per
2738 1972 2791 2018 te
2841 1964 3082 2033 recipere
3118 1964 3443 2030 libertatem,
3498 1966 3713 2020 crudele

2132 2064 2215 2110 est
2238 2071 2324 2110 me.
2351 2055 2598 2109 amittere
2625 2070 2784 2124 quam
2826 2070 3041 2125 semper
3084 2055 3196 2109 visa
3243 2071 3361 2109 sum
3416 2057 3709 2126 possidere.

2132 2147 2338 2217 impera
2386 2147 2621 2201 motibus
2668 2146 2995 2211 iracundia),
3054 2147 3417 2217 triumphator
3482 2149 3708 2217 egregie.

2136 2240 2261 2294 l’lus
2288 2248 2369 2293 est
2395 2240 2539 2308 quod
2581 2239 2817 2306 generali
2839 2253 2971 2292 voce
3023 2240 3222 2307 petitur
3250 2254 3411 2308 quam
3443 2239 3486 2293 si
3540 2249 3713 2294 vester

2136 2333 2345 2385 animus
2366 2331 2649 2399 cujuslibet
2677 2329 3071 2397 ingratitudiuis
3124 2328 3422 2386 offensione
3449 2332 3712 2385 vincatur.

2138 2419 2263 2473 llaec
2291 2419 2461 2473 Roma
2492 2419 2744 2486 loquitur,
2774 2418 2899 2472 dum
2928 2418 3082 2473 vobis
3135 2434 3235 2489 per
3280 2436 3408 2475 suos
3457 2421 3717 2490 supplicat

2137 2518 2437 2564 senatores.
2468 2508 2621 2574 Quod
2648 2509 2691 2563 si
2722 2510 2897 2563 adhuc
2922 2510 3098 2564 minus
3124 2518 3227 2577 est,
3258 2511 3540 2566 beatorum
3598 2525 3718 2580 apo-

2141 2601 2405 2655 stolorum
2434 2598 2579 2654 Petri
2608 2609 2770 2667 atque
2817 2597 2966 2653 Pauli
2997 2600 3185 2670 petitio
3220 2601 3555 2655 sanctissima
3587 2600 3721 2668 cogi-

2140 2699 2300 2745 tetur.
2326 2688 2459 2743 Nam
2486 2689 2575 2758 qui
2605 2690 2949 2743 securitatem
3006 2688 3300 2742 Romanam
3346 2705 3491 2760 saepe
3537 2690 3703 2744 defen

2139 2784 2282 2839 disse
2303 2782 2599 2852 probantur
2626 2781 2693 2833 ab
2722 2781 2983 2845 hostibus,
3012 2780 3139 2849 quid
3169 2781 3272 2835 erit
3323 2782 3465 2850 quod
3535 2796 3717 2835 eorum

2139 2872 2347 2928 meritis
2375 2874 2528 2941 181
2556 2878 2735 2927 vester
2760 2886 2867 2924 non
2891 2870 3091 2923 tribuat
3112 2869 3441 2940 principatus
3461 2873 3485 2922 3
3533 2867 3640 2923 Sed
3666 2879 3721 2921 ut

2141 2965 2321 3019 omnia
2354 2964 2677 3019 reverentia:
2699 2971 2892 3018 vestra:
2934 2975 3233 3030 congruere
3269 2962 3575 3027 videantur,
3631 2977 3721 3031 per

2141 3056 2290 3109 illum
2311 3055 2483 3109 virum
2510 3054 2891 3119 venerabilem,
2922 3053 3156 3121 legatum
3180 3053 3404 3123 piissimi
3432 3054 3577 3121 regis
3624 3069 3719 3107 no-

2066 3162 2111 3223 ο
2142 3148 2240 3201 stri
2270 3147 2335 3200 ad
2365 3154 2601 3201 vestram
2627 3145 2966 3200 clementiam
3015 3144 3358 3209 destinatum,
3388 3159 3578 3215 preces
3630 3160 3721 3199 no-

2152 3247 2289 3292 stras
2344 3236 2611 3291 credimus
2658 3234 3037 3305 porrigendas;
3087 3241 3146 3287 ut
3213 3242 3323 3286 tam
3367 3232 3521 3287 multi
3577 3232 3719 3305 [alii,

2151 3328 2336 3399 multa]
2367 3327 2598 3382 debeant
2643 3326 2876 3392 elucere,
2931 3339 3052 3395 qua:
3101 3324 3187 3379 vel
3238 3322 3431 3394 singuli
3476 3331 3724 3393 poterunt

2151 3421 2293 3492 apud
2314 3421 2433 3491 pios
2456 3420 2666 3475 animos
2697 3419 2968 3474 obtinere.

2680 3548 3015 3605 EPISTOLA
3049 3548 3188 3605 XIV.

2150 3658 2406 3701 GAUDIOSO
2454 3657 2816 3699 CANCELLARIO
2872 3656 3180 3699 PROVINCIB.
3217 3655 3442 3695 ιιϐωιιιε

2615 3727 2937 3767 ΡΒΕΡΕετυὸ
2974 3726 3269 3765 ΡΚΑΕΪΟΠΙΟ.

2152 3805 2407 3862 Describit
2436 3804 2651 3860 Comum
2682 3805 2956 3865 civitatem,
2985 3811 3035 3855 et
3071 3802 3269 3854 indicat
3299 3816 3468 3870 regem
3496 3800 3610 3869 ejus
3647 3799 3725 3852 in-

2468 3877 2608 3929 colas
2635 3889 2843 3927 munere
2882 3881 3124 3942 perpetua
3157 3871 3411 3938 affecisse.

2225 3969 2359 4024 Dum
2389 3968 2569 4023 multis
2598 3966 2878 4021 itineribus
2905 3964 3073 4019 Como
3111 3964 3301 4018 civitas
3328 3970 3633 4032 expetatur,
3659 3961 3726 4017 ita

2154 4079 2213 4119 se
2256 4075 2597 4134 possessores
2624 4057 3075 4128 paraveredorum
3104 4054 3417 4109 assiduitate
3445 4060 3732 4124 suggerunt

2156 4167 2274 4208 esse
2302 4150 2574 4219 fatigatos,
2619 4155 2679 4202 ut
2725 4159 2989 4215 equorum
3029 4142 3195 4197 nimio
3236 4156 3399 4196 cursu
3428 4141 3528 4211 ipsi
3558 4141 3733 4210 potius

2156 4253 2475 4301 atterantur.
2508 4241 2710 4309 Quibus
2738 4238 2943 4293 indultu
2979 4235 3145 4303 regali
3188 4230 3507 4289 beneﬁcium
3547 4233 3732 4302 prazci-

2157 4339 2331 4408 pimus
2354 4334 2556 4404 jugiter
2582 4329 2868 4395 custodiri,
2901 4342 2968 4382 ne
3011 4326 3139 4381 urbs
3190 4325 3299 4389 illa,
3342 4323 3611 4393 positione
3638 4338 3732 4377 sua

2159 4428 2388 4484 libenter
2412 4422 2733 4485 habitabilis,
2763 4425 3001 4475 rarescat
3027 4416 3215 4473 incolis
3242 4414 3540 4484 frequentia
3571 4413 3732 4467 hesioo

3495 3654 3725 3693 SERA'I'OI

476 4507 613 4574 ﬁeri.
642 4509 733 4577 (ιιιί
756 4524 971 4580 semper
996 4511 1062 4566 de
1093 4520 1275 4566 vestra
1301 4514 1591 4568 concordia
1618 4513 1933 4569 videbamur
1962 4529 2053 4568 ac-
2086 4547 2134 4606 ο
2160 4520 2260 4573 niS.
2292 4516 2389 4571 Est
2416 4515 2558 4570 enim
2602 4521 2725 4582 post
2761 4509 3019 4564 montium
3048 4507 3223 4574 devia,
3252 4514 3311 4561 et
3338 4505 3439 4559 laci
3470 4502 3731 4574 purissimi

477 4599 638 4667 cepti.
669 4598 969 4656 Romanum
1006 4603 1267 4673 siquidem
1291 4620 1487 4659 nomen
1517 4619 1615 4658 vos
1644 4603 2049 4670 commendatis,

477 4688 523 4743 si
551 4690 748 4744 nostris
769 4690 999 4747 dominis
1023 4694 1254 4762 benigna
1288 4695 1599 4750 conceditis.
1648 4693 1831 4749 Gratia
1876 4702 2054 4748 vestra

480 4794 579 4834 nos
598 4780 755 4850 erigit
783 4796 848 4836 ac
890 4790 1105 4850 tuetur;
1156 4792 1211 4839 et
1262 4785 1365 4838 hoc
1410 4784 1604 4839 mereri
1660 4784 2052 4853 cognoscimus,

481 4869 626 4939 quod
646 4869 713 4926 de
740 4879 919 4926 vestra
949 4879 1129 4928 mente
1157 4875 1408 4929 sentitur.
1463 4874 1710 4940 Quietem
1737 4889 1866 4943 ergo
1894 4875 2056 4929 Italia:

484 4960 685 5016 fmdera
718 4969 893 5016 vestra
914 4972 1279 5032 componant;
1322 4965 1445 5034 quia
1478 4974 1604 5019 tunc
1659 4964 1826 5018 amari
1871 4979 2059 5033 possu-

482 5065 621 5115 mus,
654 5052 824 5121 siper
851 5068 951 5108 vos
977 5052 1193 5109 dilectio
1220 5055 1398 5109 votiva
1446 5055 1744 5125 copuletur.
1779 5054 1876 5110 Cui
1903 5056 1985 5110 rei
2011 5055 2054 5110 si

483 5150 683 5197 nostrae
713 5158 900 5213 preces
920 5142 1101 5199 adhuc
1127 5160 1235 5199 non
1287 5145 1535 5199 videntur
1564 5138 1747 5215 posse
1787 5144 2057 5215 sufficere,

482 5232 745 5288 testimate
768 5234 998 5303 patriam
1028 5243 1266 5289 nostram
1313 5236 1366 5289 in
1404 5236 1517 5289 haec
1566 5236 1863 5305 precatoria
1893 5236 2057 5289 verba

485 5340 836 5395 prorumpere
867 5344 880 5381 :
907 5326 964 5382 Si
992 5322 1089 5383 tibi
1117 5328 1400 5398 aliquando
1437 5337 1587 5396 grata
1616 5326 1712 5394 fni,
1756 5342 1899 5394 ama,
1926 5326 2058 5397 piis-

485 5417 621 5471 sime
649 5417 969 5489 principum,
1002 5419 1309 5474 defensores
1335 5435 1502 5473 meos.
1550 5417 1651 5484 Qui
1699 5418 1829 5471 mihi
1883 5415 2058 5471 domi-

489 5498 706 5573 nantur,
734 5508 833 5562 tibi
852 5500 1082 5564 debeant
1104 5525 1221 5565 esse
1244 5511 1576 5573 concordes;
1600 5523 1666 5563 ne
1694 5508 1953 5578 incipiant
1979 5515 2061 5560 ta-

402 5600 407 5601 “
488 5596 559 5652 lia
599 5598 654 5653 in
682 5615 771 5655 me
798 5599 999 5668 facere,
1041 5618 1160 5672 qua:
1189 5620 1219 5659 a
1248 5605 1388 5659 votis
1428 5604 1534 5658 tuis
1579 5600 1930 5668 cognoverint
1965 5599 2067 5653 dis-

489 5701 731 5759 crepare.
784 5690 903 5747 Non
924 5694 1054 5748 mihi
1081 5696 1154 5749 sis
1180 5710 1338 5750 causa
1359 5693 1591 5749 crudelis
1618 5692 1787 5757 exitii,
1815 5692 1905 5760 qui
1934 5706 2071 5746 sem-

488 5793 589 5849 per
607 5782 728 5838 vitae
740 5785 930 5854 gaudia
943 5788 1251 5857 praestitisti.
1265 5787 1401 5845 Ecce
1430 5788 1675 5845 alumnos
1690 5801 1838 5843 meos
1862 5786 1959 5843 sub
1976 5792 2066 5842 tua

2156 4610 2484 4671 vastitatem,
2510 4602 2663 4673 quasi
2686 4617 2870 4656 murus
2897 4598 3110 4668 quidam
3136 4597 3309 4668 plana:
3340 4595 3585 4664 Ligurius.
3610 4592 3732 4660 Qua:

2158 4702 2285 4755 licet
2311 4698 2584 4755 munime'n
2613 4692 2897 4749 claustrale
2926 4691 3181 4760 probetur
3204 4703 3323 4742 esse
3345 4686 3655 4757 provinciae,
3680 4684 3731 4738 in

2162 4800 2365 4846 tantam
2395 4762 2848 4860 pulchritudinem
2890 4781 3216 4852 perducitur,
3250 4787 3309 4833 ut
3334 4777 3400 4832 ad
3430 4778 3577 4832 solas
3600 4776 3732 4830 deli-

2160 4885 2271 4939 cias
2297 4881 2537 4937 instituta
2566 4893 2685 4933 esse
2712 4876 2975 4930 videatur.
3016 4872 3143 4926 llaec
3177 4878 3299 4939 post
3343 4878 3552 4935 tergum
3592 4883 3733 4921 cam-

2160 4974 2362 5044 pestria
2408 4972 2551 5027 culta
2599 4967 2929 5027 transmittit,
2974 4973 3029 5018 et
3074 4960 3300 5016 ammnis
3345 4959 3735 5014 vectationibus

2159 5072 2304 5133 apta,
2332 5072 2388 5118 et
2415 5061 2735 5117 victualibus
2764 5057 2933 5126 copiis
2973 5054 3310 5120 indulgenter
3348 5050 3728 5105 accommoda:

2159 5170 2189 5209 a
2218 5154 2395 5209 fronte
2421 5152 2694 5219 sexaginta
2735 5146 2968 5201 millibus
3000 5142 3290 5198 dulcissimi
3313 5140 3545 5208 :equoris
3570 5154 3735 5193 ama:-

2159 5248 2327 5303 nitate
2373 5244 2683 5315 perfruitur,
2713 5252 2772 5295 ut
2810 5246 2875 5292 et
2917 5236 3127 5291 animus
3172 5232 3454 5290 recreabili
3498 5230 3733 5286 delecta-

2165 5338 2307 5392 tione
2335 5335 2582 5395 satietur,
2611 5339 2667 5387 et
2696 5330 2914 5400 piscium
2943 5326 3097 5397 copia
3139 5324 3298 5379 nullis
3335 5321 3734 5392 tempestatibus

2165 5428 2511 5483 subducatur.
2541 5422 2733 5478 Merito
2763 5407 2892 5487 ergo
2919 5406 3090 5472 Como
3119 5431 3314 5471 nomen
3358 5413 3589 5480 accepit,
3620 5423 3736 5479 qua:

2165 5518 2327 5572 tantis
2355 5515 2566 5570 hctatur
2591 5520 2804 5582 compta
2839 5507 3167 5564 muneribus.
3200 5504 3298 5560 Hic
3322 5503 3566 5574 profecto
3595 5501 3737 5555 lacus

2165 5615 2249 5662 est
2277 5605 2435 5659 nimis
2472 5602 2811 5671 amplissima:
2851 5598 3004 5653 vallis
3039 5594 3401 5667 profunditate
3438 5599 3733 5662 susceptus,

2167 5696 2260 5766 qui
2309 5694 2635 5749 concharum
2680 5690 2881 5745 formas
2927 5687 3183 5741 decenter
3230 5684 3484 5747 imitatus,
3533 5679 3737 5751 spumei

2170 5787 2361 5844 littoris
2390 5786 2575 5842 albore
2605 5782 2923 5854 depingitur.
2967 5778 3121 5835 Circa
3149 5792 3307 5847 quem
3336 5774 3664 5830 conveniunt
3687 5771 3739 5826 in
