4006 6456
227 344 342 408 841

1503 335 1867 397 VARIARUM
1904 336 2108 394 LIBER
2145 335 2234 395 XI.

3402 350 3515 412 842

231 473 457 519 coronae
491 455 726 530 speciem
764 455 1097 512 excelsorum
1140 454 1402 510 montium
1448 455 1822 527 pulcherrima:
1849 458 1895 516 Λ
1926 453 2140 524 pietatis
2188 452 2508 523 stipendium
2562 455 2844 524 tributarii,
2885 465 2941 516 et
2985 458 3325 519 dominorum
3368 469 3483 522 {esti
3507 501 3514 510 -

231 555 574 615 summitates
607 571 619 606 :
651 551 802 620 cujus
841 567 934 606 ora
972 550 1346 620 pnetoriorum
1389 548 1676 604 luminibus
1724 547 1821 603 de-

234 657 428 705 center
457 654 664 712 ornata,
699 644 852 716 quasi
882 643 1115 714 quodam
1145 641 1357 710 cingulo
1389 641 1638 696 Palladia:
1676 640 1825 696 silva:

233 739 513 812 perpetuis
541 729 901 792 viriditatibus
941 735 1269 794 ambiuntur.
1301 735 1474 804 Super
1501 733 1643 788 hunc
1683 732 1829 787 fron-

234 834 390 890 dosa:
431 833 602 887 vinea:
654 831 795 885 latus
849 829 1047 884 montis
1091 827 1404 884 ascendunt.
1450 827 1601 898 Apex
1649 833 1828 880 autem

234 924 378 996 ipse,
405 923 558 994 quasi
578 921 894 992 quibusdam
916 921 1140 992 capillis,
1171 928 1541 976 castanearum
1563 918 1831 974 densitate

234 1016 527 1086 crispatus,
561 1021 789 1068 ornante
818 1020 1026 1078 natura,
1061 1011 1382 1082 depingitur.
1433 1010 1572 1065 Hinc
1613 1009 1710 1064 rivi
1749 1009 1832 1063 ni-

231 1120 342 1162 veo
373 1106 609 1162 candore
635 1107 942 1163 relucentes
970 1109 1024 1162 in
1051 1123 1230 1162 aream
1259 1106 1362 1161 laci
1392 1105 1673 1160 altitudine
1703 1118 1832 1174 prte-

235 1195 503 1266 cipitante
541 1197 892 1252 descendunt.
940 1195 1107 1266 llujus
1150 1197 1356 1252 sinibus
1393 1196 1459 1251 ab
1501 1195 1698 1251 Austro
1736 1208 1831 1248 ve-

236 1287 399 1344 niens
430 1289 619 1344 Addua
671 1298 696 1326 α
756 1288 948 1345 ﬂuvius
1004 1287 1243 1346 faucibus
1291 1290 1492 1359 apertis
1545 1288 1827 1359 excipitur.

237 1376 344 1446 Qui
383 1379 504 1434 ideo
545 1378 653 1434 tale
701 1396 894 1436 nomen
927 1381 1152 1452 accepit,
1185 1381 1330 1452 quia,
1358 1381 1566 1437 duobus
1595 1380 1834 1436 fontibus

237 1471 558 1541 acquisitus,
591 1472 743 1540 quasi
782 1472 837 1527 in
869 1475 1147 1544 proprium
1186 1489 1337 1529 mare
1377 1473 1708 1540 devolvitur;
1743 1473 1834 1542 qui

238 1567 398 1615 tanto
431 1561 630 1631 impetu
659 1563 946 1618 vastissimi
973 1564 1204 1634 tequoris
1227 1564 1398 1620 undas
1419 1564 1621 1632 incidit,
1644 1573 1703 1618 ut
1732 1580 1834 1619 no-

238 1666 369 1706 men
400 1653 640 1708 retinens
668 1663 722 1708 et
752 1654 990 1710 colorem
1032 1655 1084 1708 in
1127 1655 1560 1725 Septentrionem
1589 1656 1836 1710 obesiore

237 1745 380 1800 alvei
425 1755 615 1802 ventre
655 1757 958 1816 generetur.
995 1748 1159 1804 Putes
1196 1749 1483 1818 quamdam
1523 1749 1718 1805 lineam
1750 1748 1834 1803 fu-

171 1867 176 1873 -
239 1837 479 1892 sciorem
511 1838 565 1892 in
596 1840 750 1908 aquis
790 1840 1094 1895 albentibus
1123 1855 1241 1896 esse
1270 1841 1624 1910 descriptam;
1663 1841 1830 1896 miro-

236 1943 350 1998 que
380 1930 542 1986 modo
574 1929 846 1987 inﬂuentis
868 1933 1108 1989 discolor
1131 1943 1318 1987 natura
1344 1934 1690 2004 conspicitur,
1715 1949 1832 2003 qum

235 2021 460 2076 misceri
501 2037 662 2092 posse
689 2023 848 2078 simili
889 2023 1098 2093 liquore
1127 2025 1373 2080 sentitur.
1404 2023 1519 2080 Hoc
1549 2034 1603 2080 et
1632 2025 1686 2079 in
1715 2040 1832 2079 ma-

232 2113 374 2169 rinis
401 2115 617 2186 quidem
648 2114 896 2172 ﬂuctibus
926 2115 1208 2172 ﬂuviorum
1245 2117 1591 2173 inundatione
1619 2118 1831 2173 contin-

231 2208 314 2276 git
359 2225 373 2262 :
419 2207 513 2262 sed
559 2208 698 2262 ratio
748 2209 862 2278 ipsa
906 2209 1192 2279 vulgariter
1237 2218 1415 2280 patet,
1463 2218 1520 2265 ut
1569 2217 1833 2266 torrentes

233 2303 550 2373 przecipites
598 2303 788 2359 limosa
830 2303 960 2360 faece
1007 2306 1267 2376 corrupti,
1298 2306 1469 2360 vitreo
1497 2306 1603 2359 sint
1631 2306 1832 2373 aequori

235 2392 562 2450 discolores.
616 2395 731 2451 Hoc
779 2403 957 2452 autem
997 2397 1119 2466 jure
1165 2398 1439 2466 putabitur
1484 2396 1829 2468 stupendum,

235 2485 387 2554 quod
411 2487 585 2543 simile
611 2487 771 2543 tantis
793 2489 1138 2558 qualitatibus
1159 2489 1483 2544 elementum
1508 2503 1604 2558 per
1622 2489 1830 2559 pigrum

234 2583 488 2644 stagnum
520 2576 702 2632 videas
746 2578 825 2631 ire
855 2575 1215 2644 celerrimum,
1245 2587 1303 2631 ut
1331 2592 1543 2632 amnem
1573 2592 1672 2647 per
1700 2576 1830 2633 soli-

235 2664 340 2721 dos
390 2683 612 2736 campos
659 2676 816 2738 putes
865 2667 1174 2735 decurrere,
1224 2682 1383 2738 quem
1431 2681 1490 2721 se
1536 2667 1831 2736 peregrinis

237 2759 400 2813 undis
429 2776 536 2813 non
565 2760 752 2814 videas
782 2759 966 2814 colore
1011 2774 1169 2830 posse
1216 2759 1462 2813 miscere.
1492 2757 1834 2828 Quapropter

236 2849 433 2906 incolis
461 2852 652 2905 harum
691 2866 873 2905 rerum
912 2850 1034 2920 jure
1075 2850 1330 2920 parcitur,
1362 2849 1577 2920 quando
1619 2865 1832 2904 ammna

236 2943 425 2997 omnia
455 2943 683 2999 delicata
726 2951 851 2998 sunt
879 2942 945 2996 ad
981 2942 1212 3007 labores,
1245 2950 1301 2996 et
1339 2939 1495 2996 facile
1533 2957 1670 2995 onus
1698 2941 1833 2995 afﬂi-

236 3036 439 3091 ctionis
478 3037 742 3104 sentiunt,
768 3035 860 3105 qui
895 3035 972 3088 uti
1015 3034 1268 3090 suavibus
1306 3035 1512 3090 deliciis
1538 3049 1833 3090 consueve-

237 3134 389 3181 runt.
416 3125 686 3182 Fruamur
709 3140 837 3194 ergo
866 3141 1089 3181 munere
1110 3125 1277 3196 regali
1307 3134 1590 3196 perpetuo,
1615 3135 1674 3180 ut
1695 3127 1832 3182 sicut

238 3217 480 3286 gaudent
504 3219 697 3274 nativis
725 3219 918 3289 epulis,
945 3219 1018 3274 ita
1046 3234 1142 3275 eos
1169 3219 1442 3275 exsultare
1469 3218 1629 3275 faciat
1655 3217 1828 3274 muni-
1855 3251 1901 3315 Ο

241 3307 461 3365 licentia
490 3311 820 3382 principalis.

792 3421 1127 3480 EPISTULA
1164 3422 1278 3478 XV.

422 3553 695 3596 LlGURlBUS
722 3553 963 3595 SENATOR
994 3551 1312 3592 PREFECTUS
1349 3550 1649 3590 PBETOBIO.

242 3627 447 3685 Notum
477 3632 602 3701 facit
630 3647 800 3701 regem
829 3640 1033 3683 centum
1065 3629 1225 3683 libras
1255 3630 1367 3682 auri
1396 3629 1464 3682 ad
1503 3627 1832 3701 necessitates

313 3698 494 3756 eorum
534 3698 874 3756 subierandas
918 3703 1246 3766 concessisse,
1290 3708 1338 3753 et
1387 3708 1442 3751 ut
1488 3700 1597 3770 regi
1635 3698 1830 3769 gratias

313 3775 550 3843 referant
578 3773 835 3826 ltortatur.

315 3861 520 3932 Regale
567 3879 760 3917 munus
811 3864 1152 3934 impetratum
1203 3861 1454 3932 gaudium
1500 3859 1660 3915 debet
1715 3873 1834 3914 esse

243 3963 588 4022 cunctorum,
620 3963 678 4009 ut
703 3955 1010 4024 provocetis
1049 3953 1115 4007 ad
1159 3955 1403 4020 meliora,
1437 3968 1557 4008 cum
1588 3952 1655 4007 de
1680 3951 1834 4006 nobis

244 4063 511 4104 concessa
558 4049 915 4119 probaveritis
959 4063 1077 4104 esse
1107 4049 1426 4116 gratissima.
1473 4047 1605 4101 Nam
1637 4047 1678 4102 s'
1707 4047 1834 4100 sub-

245 4141 438 4196 venire
465 4156 680 4211 semper
707 4143 936 4197 amantis
962 4149 1062 4206 est,
1097 4141 1396 4210 cujusmodi
1421 4156 1516 4195 vos
1541 4139 1835 4194 :estimatos

248 4233 570 4304 intelligitis,
597 4250 733 4304 quos
761 4235 1030 4290 relevatos
1076 4249 1198 4290 esse
1242 4235 1486 4289 sentitis?
1515 4232 1621 4288 Sed
1651 4248 1718 4286 ne
1745 4246 1837 4286 vc-

249 4335 422 4382 stram
483 4325 725 4382 laetitiam
779 4327 953 4398 longis
1005 4326 1476 4397 prtelocutiombus
1530 4323 1838 4378 differamus

254 4421 405 4490 (quia
434 4420 698 4476 bonarum
727 4436 906 4475 rerum
934 4420 1214 4476 celerrima
1252 4433 1464 4488 semper
1504 4416 1840 4471 desideratur

245 4513 894 4583 agnitio),gloriosissimi
921 4513 1143 4578 domini,
1165 4512 1373 4568 devotm
1404 4510 1627 4579 Liguria:
1654 4524 1839 4564 neces-

243 4605 495 4660 sitatibus
522 4605 886 4671 consulentes,
928 4611 1144 4660 centum
1185 4604 1348 4658 libras
1392 4602 1508 4656 auri
1551 4616 1644 4673 per
1684 4601 1830 4654 illum

247 4705 412 4768 atque
441 4697 590 4752 illum
619 4700 686 4752 de
713 4697 962 4752 cubiculo
999 4711 1119 4763 suo,
1158 4696 1357 4766 pietate
1391 4695 1572 4761 solita,
1602 4693 1835 4748 destina-

245 4800 476 4855 verunt;
498 4798 556 4844 ut
579 4790 783 4860 judicio
807 4798 1012 4855 vestro,
1037 4789 1230 4860 quibus
1251 4779 1332 4844 est
1355 4802 1513 4843 causa
1534 4786 1833 4853 notissima,

247 4886 397 4936 tanta
429 4884 793 4954 unusquisque
843 4882 1001 4951 hujus
1039 4881 1275 4936 muneris
1303 4880 1714 4951 participatione
1743 4880 1836 4935 lte-

250 4979 414 5040 tetur,
448 4985 650 5044 quanta
679 4976 996 5031 necessitate
1024 4983 1275 5045 gravatus
1304 4989 1422 5030 esse
1452 4973 1794 5043 cognoscitur
1821 4991 1834 5027 :

243 5081 309 5118 ne
347 5068 492 5137 quod
523 5067 736 5125 afﬂictis
765 5069 947 5124 datum
989 5077 1071 5125 est
1113 5076 1335 5139 usurpet
1376 5069 1591 5137 ill:esus,
1632 5068 1726 5124 sed
1767 5068 1841 5123 illi

243 5171 335 5228 rep
350 5160 514 5214 aratis
542 5160 745 5216 viribus
789 5169 1132 5230 consurgant,
1167 5161 1255 5231 qui
1283 5161 1602 5216 damnorum
1631 5161 1843 5216 sarcina

254 5258 534 5317 premente
576 5260 912 5306 corruerant.
966 5252 1206 5307 Astensis
1251 5259 1430 5306 autem
1476 5251 1681 5317 civitas,
1723 5265 1844 5319 quae

253 5354 416 5410 supra
442 5350 664 5397 ceteras
690 5343 994 5412 suggeritur
1023 5343 1324 5410 ingravate,
1360 5340 1724 5411 dispositionis
1753 5353 1847 5394 ve-

255 5439 377 5486 stra:
389 5433 596 5502 justitia
617 5435 852 5490 maxime
871 5435 1200 5498 sublevetur,
1226 5443 1283 5488 ut
1307 5433 1604 5489 secundum
1625 5430 1844 5488 modum

255 5517 520 5594 dispendii
564 5528 950 5584 commoditate
994 5525 1238 5582 beneﬁcii
1267 5525 1594 5596 perfruatur.
1635 5523 1846 5582 Sumite

327 5747 355 5778 ι
381 5740 600 5820 Fluvius
629 5755 718 5820 _est
763 5746 817 5800 in
842 5707 1190 5820 _lnsubribus,
1221 5747 1312 5820 qui
1339 5761 1438 5818 per
1463 5744 1697 5803 medium
1726 5745 1830 5803 La—

257 5809 393 5946 lﬁlg
621 5815 812 5885 fertur,
839 5817 914 5872 ita
945 5828 1004 5873 ut
1039 5809 1191 5888 aquae
1219 5809 1828 5878 non'commisceantur.

483 5901 550 5942 au
589 5902 744 5945 Ianus
773 5905 787 5944 :

483 5901 744 5945 auutanus
773 5905 787 5944 ς

539 5993 816 6070 Paeon.
861 5993 1090 6062 LXIX.

1861 1851 1910 1911 Β

1928 553 2070 598 male
2099 544 2460 609 cle::;cntiain,
2494 545 2582 613 qui
2623 548 2930 605 conditione
2956 560 3158 606 mutata
3189 553 3292 610 hoc
3321 572 3419 612 vos
3445 560 3513 611 ν’»

1929 637 2119 691 aerario
2147 636 2338 691 videtis
2367 637 2630 707 accipere,
2673 642 2816 709 quod
2853 649 3252 703 consueveratis
3293 649 3508 706 inferri.

1930 727 2037 783 Sed
2075 737 2132 783 ut
2170 727 2424 785 beneficia
2466 729 2804 787 dominorum
2849 735 3132 792 subtractis
3171 743 3515 799 exactionum

1931 821 2284 877 incommodis
2337 833 2652 890 augeantur,
2702 825 2930 881 celerius
2975 828 3166 885 relatio
3199 841 3377 889 vestra
3416 851 3516 892 nos

1932 910 2161 966 instruat
2191 911 2316 982 quid
2347 913 2628 983 unicuique
2670 913 2736 969 de
2774 915 2874 970 bac
2921 932 3128 973 summa
3166 923 3516 981 relaxandum

1932 1022 2053 1062 esse
2077 1007 2347 1076 jndicetis,
2376 1017 2434 1062 ut
2464 1015 2668 1063 tantum
2701 1009 2767 1064 de
2797 1011 2966 1080 prima
2997 1012 3233 1070 illatione
3263 1018 3519 1077 faciamus

1933 1101 2208 1170 suspendi,
2239 1110 2496 1171 quantum
2523 1101 2590 1156 ad
2619 1119 2716 1157 nos
2746 1104 2936 1158 notitia
2965 1105 3169 1162 directa
3197 1109 3514 1178 vulgaverit.

1934 1193 2274 1264 Quapropter
2313 1194 2564 1263 piissimis
2592 1194 2824 1251 dominis
2861 1197 3000 1252 votis
3041 1199 3364 1257 salutaribus
3399 1205 3520 1258 red-

1935 1284 2044 1340 dite
2071 1301 2190 1355 quae
2219 1286 2444 1352 debetis,
2470 1295 2528 1341 ut
2553 1287 2687 1342 ratio
2713 1295 2888 1342 vestra
2922 1289 3270 1360 supplicando
3301 1303 3522 1364 peragat

1935 1377 2080 1448 quod
2109 1393 2166 1434 se
2195 1378 2249 1433 in
2277 1378 2395 1449 ipso
2428 1378 2745 1434 universitas
2770 1380 3041 1450 recepisse
3067 1394 3376 1452 cognoscat.

2459 1516 2791 1572 EPISTULA
2828 1517 2965 1573 XVI.

2117 1623 2388 1663 UGUBIBUS
2416 1622 2656 1664 SENATOR
2695 1625 3016 1666 ιηυει-ἐετυε
3046 1627 3343 1669 ΡΒΑΕΤΟΒΙΟ.

1937 1696 2202 1774 Promittit
2231 1717 2286 1754 se
2316 1717 2678 1770 perpensurum
2700 1702 2932 1774 querelas
2953 1703 3015 1756 de
3039 1703 3170 1757 libra
3193 1713 3241 1758 et
3269 1709 3522 1761 mensuris

2010 1771 2230 1846 delatus,
2263 1780 2309 1823 et
2341 1774 2384 1824 si
2415 1789 2559 1846 quem
2598 1774 2650 1826 in
2686 1771 2869 1846 fraude
2893 1783 3158 1846 Aversatum
3198 1781 3519 1846 compererit,

2008 1842 2078 1894 ad
2103 1857 2453 1914 reparandum
2500 1842 2700 1896 illatam
2739 1844 2988 1914 injuriam
3034 1842 3350 1900 coacturum.
3395 1847 3523 1901 Tum

2009 1913 2135 1991 petit
2163 1913 2314 1991 tit-(td
2343 1923 2651 1991 apparatum
2690 1913 2944 1968 exercitus
2984 1919 3273 1970 necessaria
3313 1934 3524 1991 qumque

2008 1983 2278 2053 confestim
2309 1991 2358 2036 et
2387 1983 2601 2037 libenter
2623 1994 2918 2054 procurent.

2015 2075 2172 2146 182
2209 2074 2461 2131 Studiose
2511 2091 2611 2131 nos
2658 2085 2876 2147 oportet
2923 2079 3132 2148 erigere
3173 2095 3308 2150 quos
3338 2083 3527 2139 statuit

1934 2167 2128 2236 regalis
2156 2167 2330 2237 pietas
2357 2168 2673 2236 sublevare;
2707 2185 2831 2224 nam
2860 2170 3052 2238 quibus
3075 2171 3212 2248 [Ac.,
3244 2172 3402 2244 quos]
3427 2175 3526 2229 do-

1935 2265 2205 2320 minorum
2251 2264 2538 2320 clementia
2585 2265 2754 2320 voluit
2787 2265 3246 2337 condescendere,
3271 2269 3527 2323 convenit

1936 2359 2099 2413 etiam
2152 2355 2234 2412 his
2279 2357 2553 2426 subjectos
2590 2357 2657 2412 de
2702 2359 2919 2429 propria
2948 2358 3209 2426 dignitate
3246 2366 3521 2429 praestare.

1933 2450 2115 2522 Nuper
2155 2450 2287 2505 mihi
2321 2451 2520 2520 gratias
2549 2451 2805 2506 retulistis
2838 2450 2982 2520 quod
3027 2459 3134 2506 tam
3183 2467 3332 2522 spem
3372 2451 3525 2506 vobis

1934 2541 2201 2599 bonorum
2244 2559 2402 2612 quam
2447 2543 2676 2600 fructum
2722 2543 2953 2613 aliquem
2982 2545 3347 2600 contulissem.
3378 2543 3524 2599 Invi-

1935 2634 2088 2687 tastis
2117 2650 2204 2688 me
2249 2634 2314 2687 ad
2357 2634 2636 2699 beneficia,
2669 2634 2793 2703 quia
2821 2651 3014 2706 magna
3058 2635 3370 2705 suscepistis
3397 2651 3524 2705 grat-

1937 2727 2200 2782 tulatione
2242 2727 2526 2796 promissa.
2559 2727 2900 2782 Absolvimus
2929 2736 3112 2782 votum
3156 2726 3352 2794 judicis
3386 2727 3526 2784 obli-

1934 2817 2062 2884 gati.
2095 2816 2225 2883 Quae
2256 2818 2469 2872 fuerunt
2497 2817 2773 2887 praedicta,
2800 2833 2939 2872 nunc
2961 2818 3258 2887 probantur
3280 2818 3520 2888 impleta.

1934 2905 2148 2961 Initium
2187 2908 2348 2976 igitur
2393 2925 2422 2962 a
2469 2909 2606 2964 libra
2650 2909 2931 2974 faciemus,
2962 2911 3085 2978 quia
3125 2912 3214 2965 ubi
3243 2912 3527 2966 conscien-

1936 2998 2065 3049 tiam
2113 2996 2194 3051 fas
2241 3008 2323 3051 est
2370 2997 2677 3064 intendere,
2732 2997 2854 3052 inde
2894 2998 3055 3053 debet
3107 3014 3286 3055 sermo
3330 2998 3526 3069 judicis

1933 3085 2208 3141 inchoare.
2241 3084 2375 3141 Hinc
2403 3094 2486 3141 est
2513 3086 2659 3156 quod
2707 3087 2758 3142 in
2806 3087 3134 3157 ponderibus
3168 3097 3331 3158 atque
3369 3106 3524 3146 men-

1934 3178 2072 3234 suris
2100 3195 2198 3234 vos
2226 3179 2508 3247 suggeritis
2551 3179 2878 3248 ingravatos.
2913 3178 2980 3233 Et
3009 3179 3129 3235 ideo
3169 3189 3354 3236 nostra
3394 3197 3524 3237 cura

1935 3269 2237 3338 providebit
2265 3281 2321 3323 ut
2352 3269 2548 3324 nullius
2576 3284 2675 3324 vos
2703 3270 2925 3325 ulterius
2953 3286 3020 3324 ex
3059 3285 3123 3326 ea
3153 3279 3306 3341 parte
3325 3287 3526 3328 vexare

1934 3359 2106 3428 possit
2135 3359 2389 3428 iniquitas
2420 3377 2432 3412 :
2459 3359 2584 3430 quia
2615 3372 2777 3428 grave
2821 3359 2995 3414 scelus
3041 3375 3160 3417 esse
3203 3360 3521 3430 judicamus,

1935 3460 2027 3506 aut
2056 3468 2338 3507 mensuras
2385 3452 2601 3506 modum
2647 3450 2936 3516 excedere,
2968 3461 3060 3508 ant
3099 3454 3289 3508 libram
3325 3454 3512 3525 tequisc

1935 3547 2054 3602 simi
2097 3546 2352 3616 ponderis
2396 3545 2656 3614 justitiam
2706 3561 2815 3600 non
2864 3545 3084 3602 habere.
3123 3546 3320 3602 Milites
3359 3547 3522 3602 etiam

1935 3638 2080 3694 sedis
2111 3647 2326 3704 nostrae,
2362 3653 2570 3693 necnon
2600 3645 2882 3693 exactores
2911 3646 3072 3708 atque
3100 3647 3466 3710 susceptores,
3493 3655 3526 3695 a

1936 3727 2128 3798 quibus
2174 3729 2355 3797 gravia
2404 3727 2558 3782 vobis
2615 3725 2798 3783 inferri
2853 3728 3128 3798 dispendia
3179 3731 3525 3800 suspirastis,

1937 3819 2219 3889 praeceptis
2251 3818 2448 3876 nostris
2477 3818 2702 3874 fecimus
2735 3820 3046 3886 conveniri;
3079 3829 3156 3885 ut,
3189 3821 3431 3876 deductis
3458 3822 3527 3877 ad

1936 3911 2196 3982 liquidum
2219 3912 2536 3976 ratiociniis,
2561 3911 2606 3966 si
2637 3911 2764 3979 quid
2788 3911 2988 3965 fraudis
3013 3912 3250 3980 potuerit
3274 3912 3526 3978 inveniri,

1939 4003 2056 4057 sine
2103 4003 2280 4072 aliqua
2327 4003 2585 4057 dilatione
2632 4003 2942 4072 persolvant
2974 4020 2985 4054 :
3017 4002 3140 4072 quia
3183 4002 3286 4056 hoc
3330 4003 3528 4056 nostris

1940 4099 2276 4169 temporibus
2323 4097 2642 4152 confitemur
2690 4097 2987 4162 inimicum,
3031 4103 3090 4149 ut
3131 4096 3268 4150 alter
3307 4095 3530 4151 alterius

1939 4189 2150 4244 lmtetur
2180 4188 2540 4242 incommodo.
2564 4186 2716 4242 Nunc
2741 4187 2807 4241 ad
2830 4193 3140 4256 apparatum
3165 4184 3527 4241 ﬂorentissimi

1940 4280 2210 4336 exercitus
2249 4289 2375 4335 vota
2416 4279 2736 4348 convertite,
2772 4280 3021 4334 universa
3047 4279 3162 4334 sine
3190 4279 3413 4348 querela
3441 4279 3530 4333 vel

1944 4371 2194 4424 tarditate
2222 4371 2400 4440 aliqua
2437 4379 2812 4440 procurantes.
2842 4369 3144 4425 Efficaciter
3172 4371 3314 4424 enim
3343 4386 3428 4425 me
3458 4371 3526 4424 ad

1945 4460 2124 4516 omnia
2171 4461 2401 4528 benigna
2437 4461 2822 4529 constringitis,
2866 4460 2910 4515 si
2957 4468 3232 4528 gratanter
3259 4475 3379 4529 qua:
3405 4468 3532 4515 sunt

1939 4556 2087 4625 jussa
2125 4557 2425 4625 completis.
2455 4555 2633 4611 Ltetus
2659 4556 2894 4618 obediat,
2925 4571 3084 4627 quem
3110 4572 3272 4611 causa
3299 4571 3528 4626 genera-

1865 4643 1914 4701 D
1947 4647 2112 4701 litatis
2140 4647 2348 4701 invitat.
2379 4645 2470 4701 llla
2500 4647 2614 4702 sola
2643 4647 2826 4702 dolere
2855 4647 3056 4702 debent
3081 4648 3378 4719 dispendia,
3410 4663 3531 4717 quae

1945 4741 2124 4796 studio
2152 4742 2404 4796 videntur
2428 4740 2736 4811 cupiditatis
2774 4741 3045 4812 imposita.
3084 4741 3215 4795 Nam
3245 4741 3392 4810 quod
3435 4757 3534 4811 pro

1939 4849 2120 4889 rerum
2171 4833 2494 4888 necessitate
2528 4832 2855 4904 praecipitur,
2885 4832 3010 4888 inde
3039 4833 3380 4904 prudentium
3410 4831 3528 4884 ani-

1941 4941 2060 4981 mus
2087 4941 2192 4982 non
2218 4932 2491 4996 gravatur.

2660 5078 2821 5135 XVII.

1951 5189 2320 5233 PBOIOTIONES
2347 5189 2540 5229 OFFICII
2569 5187 2926 5240 PBETORIAKI,
2955 5183 3074 5234 QUAE
3113 5181 3324 5222 NATALB
3357 5177 3540 5220 DOIIINI

2653 5259 2832 5298 FlUNT.

2023 5338 2079 5393 Si
2112 5336 2375 5394 hodierno
2403 5336 2490 5391 die
2519 5334 2907 5405 redemptionis
2934 5333 3234 5388 invenimus
3261 5331 3425 5388 vitale
3451 5343 3541 5385 re-

1947 5430 2203 5495 medium,
2235 5431 2280 5486 si
2318 5430 2526 5486 caalesti
2569 5428 2832 5484 beneﬂcio
2879 5427 3132 5498 panditur
3170 5444 3294 5498 spes
3328 5425 3534 5489 salutis,

1948 5526 2203 5583 convenit
2240 5525 2405 5582 etiam
2435 5539 2535 5581 nos
2564 5523 2726 5591 longo
2756 5520 2942 5576 labore
2979 5519 3216 5590 fatigatis
3239 5517 3420 5590 gaudii
3443 5514 3540 5573 de-

2065 5745 2234 5797 Addua
2257 5757 2353 5808 quo
2371 5745 2550 5794 scissas
2572 5744 2846 5806 spumosior
2871 5743 3040 5793 incitat
3061 5742 3232 5793 undas.

1939 5831 2121 5887 Bonos
2140 5832 2327 5902 pisces,
2342 5829 2532 5902 nutrit,
2564 5836 2617 5884 ct
2639 5828 2974 5899 potissimum
3000 5828 3219 5898 tinulos.
3243 5826 3375 5889 Vide
3396 5825 3540 5898 Plin.

1948 5903 2042 5964 lib.
2075 5899 2282 5978 n,'cap.
2309 5899 2432 5960 105.
2459 5899 2647 5964 Βκοεε.

3025 5997 3104 6072 27
