4006 6454
441 339 542 406 δή

1645 343 1716 401 n.
1758 325 2034 403 suntsnt
2076 333 2474 405 cassrobout

3619 319 3722 406 sit

440 468 578 524 terre
615 445 956 529 medicinam,
999 468 1055 516 ut
1095 474 1329 532 superna
1364 459 1508 516 bona
1539 475 1658 531 quae
1704 461 2027 531 periclitanti
2059 475 2102 525 Α
2133 465 2332 533 negotii
2364 464 2695 535 perfectione
2724 461 2990 521 laudatur.
3023 463 3088 522 Et
3118 463 3236 521 ideo
3264 463 3722 534 Catellum,quem

440 556 636 612 mundo
679 555 872 609 collata
923 562 1048 608 sunt
1093 552 1418 622 generaliter
1455 549 1776 608 sentiantur.
1813 553 2026 622 Alioqui

439 647 702 719 piaculum
730 644 1002 716 quoddam
1033 651 1114 699 est
1138 645 1287 700 inter
1318 645 1500 700 tristes
1523 644 1661 700 velle
1685 645 1942 715 gaudere,
1973 655 2028 701 et

439 741 786 799 humanitatis
811 739 1007 810 refugit
1028 723 1299 805 allectum,
1333 740 1422 810 qui
1454 738 1696 795 dolorem
1725 753 1834 795 non
1856 740 2030 812 sequi-

441 848 528 894 tur
565 837 820 892 alienum.
863 831 1081 901 Contra,
1125 843 1328 904 quanto
1379 849 1438 889 se
1483 833 1675 892 melius
1716 834 1916 888 excitat
1962 823 2029 889 de

439 927 820 985 communione
847 925 1058 980 laetitia!
1088 924 1356 992 Quantum
1387 925 1793 981 incitamentum
1823 939 2029 996 magna:

439 1021 738 1077 alacritatis
767 1027 870 1089 est,
903 1017 1162 1090 plurimos
1204 1017 1390 1074 videre
1428 1018 1749 1089 gaudentes!
1786 1015 1921 1075 llinc
1948 1027 2030 1074 est

439 1115 580 1185 quod
611 1115 887 1185 sapientes
917 1113 1145 1170 mortale
1173 1127 1340 1183 genus
1382 1130 1546 1169 unum
1593 1113 1867 1170 hominem
1910 1127 2030 1169 esse

442 1208 625 1262 testati
656 1215 801 1271 sunt,
834 1209 1090 1276 quoniam
1129 1219 1316 1261 omnes
1361 1220 1390 1259 a
1431 1206 1638 1260 cunctis
1667 1205 1880 1260 casibus
1921 1204 2030 1259 suis

440 1297 700 1352 imlivisos
753 1311 871 1352 esse
918 1296 1220 1351 voluerunt.
1274 1293 1611 1366 Quapropter
1665 1295 2032 1365 unusquisque

441 1391 588 1458 juxta
620 1390 914 1446 matriculte
942 1391 1136 1444 seriem
1166 1397 1254 1444 tua
1283 1388 1654 1458 designatione
1681 1389 1947 1459 vulgetur,
1975 1397 2032 1444 ut

441 1498 602 1552 quem
624 1482 728 1538 loci
751 1481 883 1537 ordo
910 1481 1168 1551 postulat,
1192 1481 1386 1550 gradus
1409 1481 1766 1551 promotionis
1789 1480 2028 1535 accedat.

443 1571 766 1641 Egrediatur
793 1587 954 1637 unus,
983 1580 1040 1626 ut
1069 1578 1362 1642 anteponat
1395 1571 1693 1628 universos.
1726 1571 1916 1626 Totam
1947 1586 2034 1626 sc-

441 1666 721 1734 quentium
766 1667 962 1722 seriem
1009 1666 1077 1722 ad
1119 1673 1437 1737 provectum
1487 1666 1670 1734 trahit,
1722 1667 1848 1722 dum
1885 1666 2034 1738 prior

440 1755 690 1812 militiam
718 1755 1036 1828 perfunctus
1059 1756 1272 1813 exierit.

1148 1891 1327 1948 XVIII.

765 2001 833 2041 DE
865 1999 1245 2040 CORNICULARIO
1267 1999 1354 2048 QUI
1383 1999 1706 2042 EGREDITUB.

511 2097 904 2170 Amplectcnda
950 2105 1032 2153 est
1075 2098 1477 2169 promotionum
1519 2107 1669 2170 grata
1699 2099 2030 2168 solemuitas,

440 2214 560 2270 qua:
607 2195 1064 2252 benemeritorum
1112 2195 1275 2249 solvit
1303 2193 1578 2264 excubias,
1612 2196 1736 2266 quia
1770 2195 2033 2252 tironibus

441 2287 755 2344 conceditur
789 2301 914 2357 spes
952 2284 1171 2349 laboris,
1205 2285 1331 2340 dum
1375 2286 1688 2342 vicissitudo
1722 2287 1882 2341 fuerit
1911 2286 2034 2341 red-

441 2380 552 2434 dita
592 2378 880 2434 veteranis.
925 2375 992 2431 Et
1041 2377 1163 2432 ideo
1211 2376 1520 2444 Antianum,
1564 2378 1653 2450 qui
1695 2378 2034 2450 prmtorianis

443 2471 840 2544 inculpabiliter
885 2471 1130 2542 paruisse
1178 2471 1490 2542 perhibetur
1543 2471 1844 2542 obsequiis,
1895 2472 2036 2528 inter

441 2561 688 2617 tribunos
721 2569 778 2616 ct
814 2559 1054 2617 notarios
1083 2561 1149 2615 ad
1177 2559 1479 2617 adorandos
1508 2570 1758 2634 aspectus
1779 2568 2036 2632 properet

443 2657 785 2728 principales,
837 2665 914 2723 ut,
964 2655 1118 2724 juxta
1168 2655 1614 2712 consuetudinem
1653 2663 2032 2728 prmsentatus,

445 2749 856 2823 spectabilitatis
882 2749 1170 2804 decoretur
1199 2747 1513 2818 insignibus.

1091 2914 1097 2918 -
1161 2882 1304 2940 XIX.

800 2990 866 3031 ΒΕ
897 2990 1282 3032 εοιιμιαυιηιο
1311 2990 1397 3040 QUI
1422 2991 1673 3032 ACCEDI'I‘.

509 3086 739 3162 Optatus
761 3086 828 3143 ad
850 3095 1034 3158 optata
1056 3089 1396 3159 perveniens,
1419 3089 1501 3145 sui
1523 3089 1758 3146 nominis
1779 3089 2036 3145 sortiatur

442 3183 713 3240 effectum.
763 3179 834 3235 Et
880 3181 1004 3236 ideo
1049 3181 1442 3251 supradictum,
1484 3181 1715 3236 assiduis
1756 3181 2036 3238 laboribus

443 3273 889 3344 comprobatum,
945 3271 1428 3328 corniculariorum
1483 3286 1699 3328 sumere
1749 3287 2030 3330 censemus
2058 3292 2104 3356 ρ

442 3365 701 3433 cilicium,
730 3373 790 3419 ut
815 3362 935 3433 jure
965 3364 1106 3418 inter
1130 3364 1388 3434 primates
1414 3365 1648 3437 assistat,
1674 3365 1767 3437 qui
1794 3366 2031 3424 tironum

441 3451 839 3525 inculpabiliter
867 3453 977 3524 egit
1005 3453 1279 3512 excubias.

777 3677 844 3718 DE
875 3677 1224 3719 PRIDIISCRINIO
1253 3680 1340 3729 QUI
1370 3679 1691 3723 EGREDITUR.

520 3753 660 3810 Olim
708 3754 924 3826 quidem
968 3753 1260 3810 efficaciter
1300 3771 1561 3827 peragens
1597 3758 1880 3829 imperata,
1921 3775 2036 3817 me-

443 3852 597 3908 ruisti
649 3852 938 3905 multorum
968 3848 1111 3905 bona
1149 3849 1350 3920 judicia
1383 3869 1396 3904 :
1435 3849 1525 3907 sed
1575 3869 1715 3908 nunc
1756 3862 1809 3908 et
1854 3853 2035 3912 divino

441 3946 627 4000 favore
657 3942 1070 3999 commendatus
1108 3943 1352 4012 erigeris,
1384 3945 1600 4015 quando
1643 3945 1846 4001 militiae
1885 3947 2038 4005 labo-

440 4037 588 4092 ribus
634 4035 952 4107 perfunctus
998 4050 1118 4091 esse
1153 4036 1494 4092 monstraris.
1534 4036 1874 4109 Quapropter
1912 4055 2035 4109 spe-

444 4128 757 4185 ctabilitatis
792 4129 1004 4185 honore
1046 4125 1316 4194 Sull'ultus,
1351 4128 1493 4184 inter
1526 4129 1767 4185 tribunos
1795 4139 1850 4188 et
1879 4140 2037 4188 nota-

439 4219 550 4276 rios
577 4217 938 4276 venerandam
977 4234 1268 4290 purpuram
1317 4217 1634 4275 adoraturus
1663 4211 1859 4277 accede
1894 4231 1942 4288 ει,
1973 4231 2036 4278 ut

439 4330 537 4384 per
564 4329 749 4393 sacros
783 4323 1037 4386 aspectus
1076 4310 1334 4385 principis
1373 4321 1477 4370 tua:
1521 4311 1779 4371 subsistat
1808 4312 2032 4375 firmitas

441 4405 736 4477 dignitatis.

1171 4527 1310 4583 XXI.

821 4633 888 4674 ΒΕ
918 4634 1267 4676 PRIMISCBINIO
1295 4635 1380 4684 QUI
1409 4635 1658 4677 ACCEDIT.

2131 560 2424 615 matricula:
2474 561 2641 618 series
2689 559 2821 616 fecit
2867 560 3146 628 accedere,
3197 571 3383 618 nostra
3432 561 3728 618 auctoritas

2130 667 2345 724 quoque
2374 661 2616 710 actorum
2639 652 2906 710 scriniarii
2927 668 3111 710 curam
3136 652 3394 732 prmeeplt
3421 650 3689 709 obtinere.

2838 784 3022 844 XXIII.

2595 893 2663 934 ΒΕ
2692 893 2828 935 CURA
2861 894 3245 936 EPISTOLARUI.

2203 987 2638 1047 Constantiniani
2677 989 2868 1045 merita
2920 988 3044 1045 licet
3078 990 3262 1060 plures
3296 997 3566 1059 asseram,
3596 990 3730 1047 asti-

2133 1080 2338 1151 pulatio
2367 1094 2583 1151 quoque
2611 1089 2798 1136 nostra
2829 1080 3196 1136 commendat.
3226 1080 3400 1136 Tanta
3421 1089 3508 1137 est
3527 1081 3730 1137 etenim

2134 1175 2189 1230 in
2217 1190 2285 1230 eo
2314 1175 2598 1230 sinceritas
2629 1174 2845 1237 mentis,
2873 1181 2932 1229 ut
2960 1183 3036 1242 et,
3062 1173 3246 1245 judice
3274 1183 3433 1239 teste,
3457 1183 3733 1229 mereatur

2135 1267 2360 1322 laudari.
2409 1264 2509 1321 Hic
2547 1267 2729 1338 itaque
2759 1268 3109 1338 epistularum
3140 1269 3522 1323 canonicarum
3549 1281 3729 1321 curam

2132 1367 2423 1429 provectus
2473 1359 2723 1429 accipiat,
2755 1367 2813 1414 ut
2859 1361 3014 1432 183
3055 1359 3283 1430 amplius
3321 1366 3598 1413 momenta
3627 1371 3731 1410 sua:

2135 1452 2461 1530 integritatis
2504 1451 2781 1516 exhibeat,
2837 1451 3056 1521 quando
3104 1451 3264 1508 ﬁdem
3312 1449 3586 1521 publicam
3630 1445 3730 1504 sibi

2134 1542 2358 1614 respicit
2387 1557 2508 1599 esse
2539 1543 2906 1600 commissam.

2840 1673 3027 1733 XXIV.

2496 1783 2561 1822 ΒΕ
2587 1782 2880 1824 SCBINIARIO
2901 1782 3052 1822 CUR£
3084 1777 3366 1822 MILITARIS.

2063 1899 2107 1956 Β
2207 1882 2602 1938 Convenienter
2623 1882 2846 1937 honoris
2873 1887 3093 1952 prmstat
3121 1886 3466 1949 augmentum
3494 1875 3732 1948 probitas

2139 1975 2392 2040 actionis;
2435 1990 2533 2030 nec
2559 1973 2722 2030 decet
2767 1972 2998 2037 dilferri,
3041 1988 3202 2042 quem
3243 1969 3558 2040 frequenter
3605 1967 3731 2042 [ed.,

2137 2063 2415 2136 decenter]
2447 2065 2721 2120 ctiicacem
2742 2064 2969 2133 contigit
2992 2063 3297 2135 approbari.
3326 2061 3465 2117 Hinc
3487 2059 3736 2130 estquod

2139 2156 2396 2211 Lucillum
2429 2155 2768 2211 scriniarium
2790 2169 2932 2210 curae
2955 2154 3202 2209 militaris
3225 2168 3343 2210 esse
3372 2151 3730 2224 praecipimus,

2137 2247 2472 2303 exhibiturus
2509 2247 2826 2317 obsequium
2872 2246 2960 2304 cui
3003 2261 3064 2303 se
3109 2245 3306 2304 merito
3357 2259 3468 2302 non
3523 2242 3730 2300 dubitat

2137 2340 2472 2398 attributum.

2850 2452 3018 2509 XXV.

2530 2565 2598 2606 DE
2626 2565 2929 2606 PRIHICBRIO
2959 2563 3334 2605 EXCEP’I‘ORUM.

2209 2643 2380 2700 Decet
2401 2657 2502 2698 nos
2520 2643 2894 2698 incunctanter
2911 2642 3151 2697 tribuere
3177 2636 3532 2711 promotionis
3551 2651 3736 2691 ascen-

2138 2753 2248 2803 sus,
2277 2752 2415 2806 quos
2441 2736 2592 2792 labor
2619 2735 2824 2790 militia:
2853 2743 3092 2790 meretur
3120 2733 3383 2788 assiduus.
3416 2730 3570 2786 Sicut
3593 2729 3736 2784 enim

2138 2847 2350 2901 :Irquum
2380 2839 2464 2884 est
2488 2829 2774 2884 desidiosis
2811 2828 3170 2883 laborantium
3199 2825 3418 2896 praemia
3445 2823 3738 2891 denegare,

2147 2922 2220 2976 ita
2241 2922 2494 2978 convenit
2519 2920 2911 2977 excubantibus
2929 2917 3382 2974 remunerationis
3406 2923 3591 2984 optata
3607 2929 3737 2969 con-

2139 3015 2352 3069 cedere.
2385 3012 2454 3068 Et
2481 3011 2603 3068 ideo
2625 3010 2889 3067 Patricius
2910 3020 3261 3082 exceptorum
3291 3006 3654 3079 primicerium
3677 3021 3738 3060 se

2143 3123 2172 3161 a
2201 3106 2360 3162 nobis
2407 3105 2622 3162 noverit
2649 3105 2994 3171 institutum;
3023 3113 3084 3158 ut
3111 3103 3180 3158 ad
3209 3102 3314 3157 tale
3342 3099 3632 3172 perductus
3655 3097 3719 3153 of
3733 3128 3740 3132 -

2143 3199 2358 3269 licium,
2391 3199 2660 3270 placuisse
2686 3213 2907 3256 suarum
2949 3197 3142 3254 merita
3170 3197 3402 3268 gaudeat
3439 3195 3734 3251 actionum.

2837 3321 3026 3379 XXVI.

2637 3431 2705 3470 ne
2733 3429 2902 3470 ssx'ro
2930 3417 3245 3470 scuoumo.

2217 3530 2420 3600 Dignus
2449 3536 2532 3586 est
2562 3538 2749 3584 nostro
2774 3526 2980 3596 judicio
3009 3525 3342 3597 promoveri,
3365 3524 3458 3596 qui
3489 3538 3524 3581 a
3554 3524 3734 3582 multis

2138 3622 2463 3693 praesulibus
2509 3621 2708 3677 meruit
2756 3619 3062 3691 approbari.
3113 3618 3214 3674 Uni
3259 3618 3405 3674 enim
3451 3626 3733 3688 acceptum

2137 3716 2332 3780 fuisse,
2366 3715 2633 3770 interdum
2679 3714 2851 3784 gratia
2898 3719 3010 3780 est;
3055 3712 3237 3766 multis
3267 3710 3563 3786 placuisse,
3589 3707 3734 3781 judi-

2139 3813 2302 3866 cium.
2339 3810 2524 3865 Justus
2553 3809 2715 3878 igitur
2754 3809 2932 3864 locum
2972 3806 3111 3862 sexti
3143 3803 3406 3860 scholaris
3433 3819 3492 3860 se
3528 3799 3734 3857 noverit

2137 3910 2487 3958 consecutum
2521 3919 2533 3955 :
2572 3901 2889 3956 inventurus
2931 3897 3131 3954 militizn
3178 3895 3494 3968 praemium,
3523 3907 3647 3951 cum
3673 3906 3735 3948 se

2137 3996 2345 4054 actibus
2374 3994 2638 4052 studuerit
2667 3993 2877 4050 sociare
2905 3990 3170 4047 fidelibus.

2844 4125 3053 4186 XXVII.

2629 4240 2698 4281 DE
2749 4233 3244 4279 PREBOGATIVABIO.

2212 4339 2342 4408 Quis
2374 4337 2638 4395 Joannem
2667 4351 2774 4392 non
2797 4335 3026 4390 azstimet
3046 4333 3242 4388 merito
3271 4339 3392 4387 esse
3417 4339 3732 4402 promoven-

2144 4433 2292 4499 dum,
2326 4432 2417 4502 qui
2449 4438 2634 4485 nostro
2657 4427 2859 4498 judicio
2887 4423 3247 4481 cancellorum
3276 4424 3405 4480 olim
3445 4422 3732 4492 sumpserit

2145 4526 2404 4592 oliicium,
2434 4531 2488 4579 et
2519 4533 2645 4576 tunc
2669 4519 2779 4590 jam
2810 4518 3217 4590 prrcrogativam
3246 4516 3588 4572 conscientiae
3614 4529 3727 4569 me-

2067 4675 2076 4686 :
2145 4617 2274 4685 ruit,
2315 4614 2529 4686 quando
2551 4612 2744 4670 secreti
2771 4625 2965 4666 munus
2984 4609 3252 4680 judicialis
3280 4608 3532 4680 accepit?
3564 4606 3729 4662 Frua-

513 4708 727 4765 Dili’erri
756 4724 862 4766 non
891 4712 1126 4781 patimur
1161 4713 1352 4768 merita
1384 4711 1642 4779 fidelium,
1673 4721 1732 4767 ut
1761 4712 1828 4768 ad
1855 4711 2031 4769 studia
2059 4685 2113 4748 Ῑ)
2145 4717 2230 4762 tur
2260 4685 2440 4776 itaque
2466 4703 2661 4774 gaudio
2687 4711 2762 4765 "et,
2780 4699 2983 4756 ordinis
3021 4708 3077 4755 et
3104 4693 3345 4764 honoris,
3377 4699 3468 4768 qui
3491 4697 3728 4752 moribus

438 4805 706 4860 bonorum
760 4811 978 4859 actuum
1024 4817 1380 4873 provocemus
1407 4813 1534 4859 vota
1562 4812 1894 4859 cunctorum.
1924 4805 2032 4860 De-

443 4912 564 4953 mus
611 4896 773 4966 igitur
815 4910 935 4967 qua:
985 4902 1112 4948 sunt
1149 4895 1294 4964 justa
1341 4893 1630 4959 laboribus,
1675 4903 1732 4951 ut
1774 4904 2033 4968 provectu

437 4989 679 5060 priorum
726 4988 1013 5044 invitemus
1061 4986 1224 5041 corda
1275 4987 1635 5055 sequentium.
1685 4987 1860 5056 Atque
1907 4986 2030 5043 ideo

436 5080 700 5149 Andreas,
729 5083 822 5153 qui
863 5082 1204 5154 praetorianis
1242 5065 1476 5137 fascibus
1504 5081 1902 5152 inculpabiliter
1926 5097 2028 5137 no-

437 5173 605 5230 scitur
659 5173 980 5242 obsecutus,
1031 5172 1254 5244 gradum
1310 5172 1536 5228 feliciter
1580 5172 2027 5242 primiscriniatus

436 5269 717 5335 ascendat,
738 5276 798 5321 ut
827 5266 1005 5322 locum
1026 5281 1184 5338 quem
1211 5266 1445 5322 versutia
1467 5264 1695 5320 nescivit
1719 5265 2024 5336 exquirere,

433 5373 491 5414 se
519 5359 750 5430 gaudeat
779 5361 963 5432 probis
992 5360 1231 5416 moribus
1263 5359 1553 5416 invenisse.

1147 5496 1310 5556 XXII.

876 5604 943 5643 ΒΕ
973 5604 1265 5644 εοκιΝιΑιιιο
1294 5604 1570 5645 Αετοιωκ.

501 5695 653 5756 Juste
678 5701 984 5772 potentiora
1011 5701 1374 5772 consequitur,
1399 5702 1492 5772 qui
1515 5701 1582 5758 de
1607 5701 1893 5758 commissa
1915 5701 2018 5760 sibi

2137 4799 2382 4854 noscitur
2409 4795 2681 4868 placuisse
2709 4793 2956 4848 laudatis.
2990 4791 3142 4848 Hunc
3168 4791 3332 4861 igitur
3348 4791 3726 4862 praerogativa-

2140 4893 2280 4947 rium
2315 4889 2583 4946 sententia
2628 4896 2810 4943 nostra
2841 4884 3155 4953 confirmat,
3204 4893 3264 4940 ut
3309 4883 3508 4955 gradus
3551 4883 3725 4953 potius

2141 4985 2353 5041 emeriti
2393 4979 2758 5038 devotioribus
2804 4978 2996 5034 animis
3021 4978 3233 5050 publice
3259 4983 3447 5048 pareat
3479 4974 3719 5046 jussioni.

2814 5112 3048 5170 XXVIII.

2635 5244 2704 5284 nn
2742 5219 3227 5285 conuarinmrmsr.

2204 5322 2369 5380 Juvat
2413 5323 2875 5379 benemeritorum
2904 5321 3046 5376 votis
3086 5317 3365 5375 beneficiis
3399 5316 3722 5389 respondere

2137 5420 2381 5484 vicariis;
2411 5429 2470 5474 ut
2497 5419 2781 5474 devotiore
2809 5423 2992 5471 mente
3019 5415 3187 5486 possit
3208 5415 3452 5484 obsequi,
3492 5413 3587 5481 qui
3614 5426 3721 5468 me-

2132 5516 2240 5571 ruit
2279 5514 2558 5570 anteferri.
2600 5513 2946 5583 Quapropter
2989 5507 3348 5564 Cheliod‘orus
3392 5512 3720 5563 commenta—

2129 5609 2390 5664 riensium
2418 5607 2626 5661 fruatur
2664 5604 2865 5660 ollicio.
2904 5602 3074 5671 Digne
3116 5600 3377 5669 siquidem
3427 5598 3544 5668 ejus
3588 5596 3721 5650 inte-

2129 5702 2310 5772 gritati
2335 5699 2722 5758 committimus
2750 5712 2871 5775 quae
2900 5694 3253 5754 cuStodienda
3279 5709 3399 5750 esse
3419 5704 3714 5752 censemus.

504 5909 532 5938 ι
559 5903 666 5958 Pro
697 5902 968 5958 intellectu
996 5902 1153 5971 hujus
1186 5903 1290 5960 loci
1333 5904 1452 5960 vide
1493 5920 1613 5976 quae
1659 5905 1911 5964 adnotavi
1941 5907 2005 5964 ad
2046 5907 2207 5982 epist.
2240 5908 2329 5976 5|,
2366 5907 2522 5976 infra,
2555 5908 2658 5962 hoc
2690 5905 2882 5963 eodem
2911 5904 3066 5984 libro.
3101 5901 3291 5960 Bnoss.
