4006 6504
223 358 344 444 μ’
523 435 527 439 ’
937 478 1125 536 ΧΧιχ.

785 589 856 630 »ε
895 587 1250 631 BBGENDARIO.

304 685 565 758 Eq'uitati
594 686 806 744 videtur
834 687 1240 743 accommodem
1258 728 1273 754 ,
1302 685 1344 741 si
1375 683 1581 741 ellicaci
1611 683 1825 738 actione

235 781 458 838 laudatis
505 781 661 850 digna
691 780 932 837 moribus
968 780 1278 836 vicissitudo
1306 785 1607 850 praestetur.
1650 775 1827 831 Habet

234 872 370 928 enim
396 887 548 927 suam
576 872 800 940 gloriam
822 914 835 939 ,
867 873 958 941 qui
1005 871 1244 942 pensatis
1273 869 1512 926 excubiis
1539 869 1827 923 militarem

232 962 469 1020 noscitur
498 978 818 1034 promovere
847 962 984 1035 [Ac.,
1017 963 1085 1017 ad
1113 962 1272 1016 mil...
1307 947 1610 1033 pervenire]
1656 959 1825 1016 fortu-

234 1070 373 1111 nam.
402 1053 542 1113 Hinc
571 1064 655 1112 est
682 1056 828 1127 quod
853 1037 1190 1111 Cartherium
1219 1055 1519 1124 regendarii
1549 1056 1729 1109 locum
1755 1052 1828 1108 fe-

233 1147 402 1205 liciter
439 1149 688 1205 obtinere
731 1164 1046 1216 censemus;
1081 1157 1138 1204 ut
1185 1164 1282 1221 spe
1308 1149 1470 1204 futuri
1517 1157 1822 1220 provectus,

233 1242 436 1300 avidius
459 1243 800 1315 praetorianis
827 1244 1000 1314 possit
1027 1243 1292 1299 inhazrere
1314 1241 1606 1299 laboribus.

934 1377 1104 1434 XXX.

303 1486 369 1526 DE
416 1484 720 1526 PRIMICERIO
761 1483 1151 1525 ῠεΡυτΑτοιιυιι
1177 1513 1192 1538 ,
1237 1485 1303 1526 ΕΤ
1346 1488 1413 1527 DE
1452 1485 1756 1526 PRINICERIO

829 1557 1224 1600 AUGUSTALIUI.

299 1655 527 1726 Dignum
557 1661 638 1710 est
668 1659 726 1710 ut
755 1663 1009 1728 sequatur
1024 1666 1149 1712 vota
1172 1656 1410 1713 ﬁdelium
1442 1655 1645 1711 fructus
1672 1654 1826 1710 labo-

229 1764 384 1816 rum;
417 1756 472 1804 et
517 1749 766 1820 superior
810 1749 1006 1820 gradus
1050 1751 1320 1821 excipiat,
1374 1765 1510 1821 quos
1554 1757 1828 1819 gestarum

231 1841 512 1910 integritas
541 1841 732 1897 effecta
760 1841 1121 1897 commendat.
1158 1841 1293 1897 llinc
1335 1849 1416 1897 est
1459 1840 1604 1910 quod
1632 1839 1826 1895 Ursum
1858 1874 1904 1933 Β

230 1933 596 2004 primicerium
625 1933 1002 2005 deputatorum
1029 1943 1191 2005 atque
1213 1934 1434 1990 Beatum
1458 1933 1827 2002 Augustalium

231 2040 350 2081 esse
377 2041 694 2094 censemus;
729 2034 788 2082 ut
814 2027 907 2097 qui
936 2026 1002 2082 ad
1031 2027 1235 2098 majora
1265 2027 1508 2098 provecti
1540 2026 1830 2084 tenduntur

228 2121 437 2191 ollicia,
466 2123 804 2195 praedicanda
845 2121 1191 2180 conscientia:
1237 2131 1532 2195 sequantur
1559 2123 1825 2195 exempla.

936 2253 1126 2310 XXXI.

335 2361 406 2404 DE
447 2361 753 2403 PRIMICERIO
791 2360 1215 2404 SINGULARIOBUN
1253 2361 1338 2411 QUI
1379 2362 1699 2405 EGREDITUR.

300 2461 471 2520 Decet
511 2463 704 2534 palma:
742 2465 962 2535 praemia
1009 2467 1296 2536 consequi,
1343 2465 1436 2537 qui
1477 2466 1831 2524 sacramentis

231 2555 552 2612 militaribus
590 2556 840 2613 videntur
869 2573 988 2614 esse
1013 2559 1299 2628 perfuncti,
1331 2560 1456 2628 quia
1481 2559 1718 2616 diutinus
1745 2560 1829 2616 la-

231 2647 335 2702 bor
361 2647 462 2703 sibi
503 2647 738 2704 vindieat
763 2648 905 2720 quod
934 2650 1215 2721 inexperta
1243 2651 1334 2706 vix
1380 2660 1561 2722 potest
1586 2653 1830 2710 invenire

233 2739 509 2796 nobilitas.
559 2739 627 2796 Et
673 2740 795 2796 ideo
820 2784 837 2810 ,
884 2743 1138 2811 quoniam
1173 2743 1398 2800 Urbicus
1437 2745 1832 2813 primiceriatus

232 2829 318 2886 sui
347 2830 590 2886 noscitur
619 2838 861 2900 tempora
892 2835 1180 2903 peregisse,
1210 2834 1350 2890 inter
1400 2834 1729 2892 domesticos
1775 2844 1830 2892 et

229 2930 576 2992 protectores
614 2939 824 2980 sacram
855 2941 1144 2995 purpuram
1175 2927 1495 2984 adoraturus
1523 2928 1744 2984 accedat
1771 2939 1828 2995 οε

230 3019 312 3078 ιιι,
339 3013 660 3068 venerandis
689 3014 1015 3072 clariticatus
1037 3018 1362 3088 aspectibus,
1392 3019 1711 3077 militaribus
1732 3035 1830 3077 ex-

229 3103 409 3161 cubiis
437 3120 497 3161 se
528 3106 761 3176 gaudeat
789 3109 1093 3166 liberatum.

390 3351 457 3391 DE
497 3347 802 3393 PRIMICERIO
843 3355 1264 3402 SINGULARIORUM
1302 3360 1387 3408 QUI
1440 3361 1685 3404 ACCISDI'I‘.

307 3451 479 3509 Adest
518 3454 838 3514 militaribus
886 3458 1157 3528 obsequiis
1209 3460 1488 3531 integritas
1510 3464 1828 3535 judicantis,

233 3545 364 3613 quia
408 3553 685 3613 gratanter
713 3549 944 3605 exsolvit
985 3551 1132 3622 quod
1159 3551 1344 3609 deberi
1364 3555 1510 3624 juste
1536 3559 1827 3626 cognoscit.

237 3634 585 3710 Quapropter
639 3639 1253 3717 Pieriusprimicerium
1309 3649 1720 3718 singulariorurn
1770 3668 1830 3709 se

236 3739 429 3791 nostra
480 3736 805 3793 auctoritate
851 3747 1142 3808 cognoscat
1188 3739 1456 3798 effectura.
1489 3743 1544 3800 Si
1575 3760 1680 3815 qua
1707 3752 1836 3801 sunt

236 3825 390 3892 talia,
436 3826 753 3886 ﬁducialiter
791 3841 1175 3902 suggerantur;
1207 3836 1331 3906 quia
1361 3853 1469 3892 non
1513 3845 1596 3892 est
1621 3838 1832 3896 lunsita-

237 3917 408 3974 tionis
433 3927 628 3989 metus,
658 3922 749 3978 ubi
776 3939 886 3978 non
915 3933 998 3980 est
1020 3923 1215 3994 judicis
1247 3929 1449 3984 venalis
1476 3928 1688 3987 auditus
1711 3928 1761 3986 δ.

820 4057 976 4130 184
1012 4057 1248 4116 xxxut.

595 4165 664 4205 DE
695 4164 1050 4207 CONCEDENDIS
1090 4169 1491 4210 DELEGATOllllS.

313 4260 498 4318 Moras
546 4263 688 4337 [ms.,
742 4264 927 4338 horas]
980 4265 1282 4338 intercipit,
1341 4284 1500 4339 quem
1553 4269 1844 4340 prrcstandi

241 4354 586 4411 consuetudo
633 4355 952 4426 constringit
985 4374 996 4410 :
1036 4358 1160 4426 quia
1208 4358 1326 4427 plus
1369 4359 1457 4414 ille
1484 4359 1549 4413 ad
1589 4362 1845 4418 benclicia

241 4446 612 4518 compellitur,
664 4449 759 4520 qui
801 4449 986 4504 innata
1030 4447 1408 4506 benevolentia
1452 4459 1842 4510 commovetur.

1559 359 1918 423 νΑιιιΑιιυιι
1955 357 2162 419 LIBER
2195 357 2290 418 XI.

1843 484 1891 541 Α
1921 475 2108 547 Neque
2136 476 2281 532 enim
2309 473 2465 533 decet
2493 484 2552 533 ut
2589 487 2900 536 nostrorum
2926 479 3191 538 factorum
3233 480 3522 541 dissimiles

3409 359 3523 425 8‘6

1925 586 2047 626 esse
2070 570 2381 639 debeamus,
2431 571 2559 628 dum
2582 583 2834 645 oporteat
2858 592 3103 634 crescere
3130 580 3522 638 numerositate

1925 664 2169 731 remedii,
2202 666 2289 720 cui
2319 664 2798 724 administrationis
2818 677 3062 741 tempora
3089 669 3338 728 videntur
3356 687 3521 742 auge-

1926 755 1994 812 ri.
2026 755 2094 810 Et
2123 757 2247 813 ideo
2267 757 2336 814 de
2362 759 2610 830 praesenti
2639 761 2796 818 vobis
2813 762 3174 832 deiegatorios
3199 774 3386 822 nostra
3415 767 3523 823 lar-

1927 851 2071 922 gitur
2097 852 2433 919 humanitas;
2463 861 2525 909 ut
2553 863 2683 910 tunc
2711 853 2953 914 habeatis
2981 857 3263 914 commoda
3292 861 3521 931 praemii,

1927 941 2143 1012 quando
2171 942 2302 998 estis
2329 951 2384 999 et
2411 943 2624 1000 sudoris
2652 945 2941 1000 terminum
2964 948 3261 1004 consecuti.
3286 947 3402 1006 Non
3423 957 3522 1007 vos
3563 983 3566 987 ι

1928 1035 2087 1090 anxia
2113 1051 2266 1092 mora
2293 1037 2689 1108 suspendimus,
2723 1053 2825 1094 nec
2852 1039 3128 1095 cruciabili
3157 1039 3417 1098 dilatione
3451 1045 3532 1100 fa-

1927 1130 2178 1198 tigamus.
2213 1130 2363 1187 Unus
2385 1132 2460 1188 sit
2501 1129 2624 1188 linis
2651 1133 3025 1190 sollicitudinis
3052 1141 3108 1190 et
3135 1133 3357 1191 laboris.
3396 1136 3529 1192 Nam

1927 1220 2280 1276 diﬂ'erendum
2308 1223 2430 1294 quis
2455 1229 2642 1294 putet,
2673 1225 2719 1280 si
2746 1225 3009 1282 beneﬁcia
3036 1240 3136 1284 sua
3161 1225 3395 1284 vendere
3421 1231 3530 1283 non

1927 1321 2190 1372 retractet
2213 1317 2237 1371 ι
2618 1309 2641 1336 ⁰

2609 1432 2847 1491 XXXIV.

2217 1537 2451 1578 ΔΝΤΙΑΝΟ
2489 1539 2830 1584 δυσσειηεκτε
2868 1541 3068 1588 υιοτοκ
3115 1546 3234 1590 EST.

1999 1609 2323 1670 Petitionem
2352 1623 2495 1672 tuam
2525 1618 2778 1676 retinebit
2807 1621 3059 1691 oliicium,
3091 1623 3265 1682 donec
3293 1641 3528 1685 censen--

1929 1719 2048 1760 sum
2097 1708 2466 1778 sequentium,
2497 1709 2623 1766 dum
2651 1712 2882 1778 facultas
2908 1715 3095 1782 fuerit,
3146 1717 3478 1787 inqui'ramus
3510 1738 3524 1776 :

1931 1798 2055 1869 quia
2086 1799 2176 1855 uni
2206 1799 2420 1856 incaute
2447 1803 2688 1859 creditur
2713 1806 2858 1875 quod
2899 1815 2982 1862 est
3025 1823 3056 1862 a
3096 1809 3338 1879 plurimis
3386 1826 3532 1868 asse-

1930 1891 2175 1947 rendum.
2222 1893 2300 1949 lte
2347 1910 2535 1951 omnes
2581 1898 2845 1968 provecti.
2879 1898 3062 1957 Estote
3092 1904 3272 1958 cuncti
3302 1902 3532 1960 feliciter

1932 1985 2234 2055 approbati.
2278 1985 2361 2040 Nil
2392 1989 2719 2046 sustinuistis
2749 1987 3003 2066 dubium,
3033 1993 3160 2049 dum
3203 2011 3365 2051 omne
3389 1996 3532 2067 judi-

1932 2074 2074 2130 cium
2103 2074 2368 2132 habeatur
2397 2077 2682 2136 incertum.
2725 2079 2850 2137 Sola
2879 2099 2980 2139 nos
3026 2084 3185 2156 alpha
3213 2085 3531 2157 complecti-

1932 2177 2039 2236 tur,
2093 2169 2180 2224 ubi
2210 2184 2274 2224 ea
2303 2169 2483 2227 littera
2527 2189 2634 2229 non
2666 2174 2904 2231 timetur.
2937 2175 3026 2232 Sic
3053 2178 3196 2232 enim
3240 2179 3532 2250 unusquis-

1931 2276 2037 2332 que
2065 2262 2288 2332 proprio
2335 2279 2466 2320 usus
2503 2272 2587 2322 est
2613 2275 2777 2337 voto,
2810 2277 3067 2340 tanquam
3105 2269 3173 2330 de
3201 2272 3380 2332 alieno
3419 2288 3532 2333 non

1932 2354 2276 2427 pependisset
2305 2356 2553 2415 arbitrio.

2615 2497 2831 2556 XXXV.

2541 2605 2931 2649 DELEGATORIA.

2006 2701 2065 2757 Si
2103 2701 2403 2774 Olympiaci
2445 2706 2637 2761 currus
2680 2707 2912 2775 agitator
2942 2709 3100 2781 Trapit
3147 2713 3364 2782 praemia
3409 2723 3534 2785 post

1933 2791 2168 2857 labores,
2221 2792 2267 2846 si
2302 2792 2538 2848 ferarum
2592 2791 2862 2850 certamen
2903 2795 3245 2856 inhonestum
3275 2802 3537 2860 velociter

1934 2885 2074 2940 solet
2099 2899 2366 2940 coronare
2392 2885 2649 2953 victores,
2670 2899 2831 2957 quam
2861 2889 3192 2947 celeritatem
3216 2909 3533 2951 remunera-

1937 2977 2099 3033 tionis
2148 2976 2468 3044 merebitur,
2519 2993 2549 3032 a
2582 2993 2689 3048 quo
2719 2964 3058 3037 laudabiliter
3097 2985 3300 3040 militia:
3347 3003 3531 3043 sacra-

1936 3077 2118 3125 menta
2147 3073 2520 3141 peraguntur?
2548 3068 2657 3127 Cur
2686 3073 2826 3127 enim
2859 3075 3129 3143 agentium
3161 3078 3213 3132 in
3239 3078 3402 3134 rebus
3431 3081 3538 3136 mi-

1937 3161 2015 3216 les
2063 3161 2226 3218 ollicii
2270 3167 2393 3234 post
2431 3170 2513 3219 tot
2561 3163 2762 3221 laboris
2800 3166 3004 3222 incerta
3053 3169 3252 3241 aliquid
3303 3174 3538 3242 patiatur

1857 3267 1905 3332 ο
1938 3252 2266 3322 ambiguum,
2300 3253 2392 3323 qui
2421 3254 2624 3310 Crebris
2671 3257 2973 3315 actionibus
3021 3262 3369 3329 excubando,
3415 3265 3537 3321 ideo

1940 3345 2196 3415 principis
2223 3359 2418 3400 nomen
2448 3345 2648 3402 habere
2692 3351 3007 3418 promeruit,
3055 3353 3179 3422 quia
3205 3353 3408 3408 militia:
3447 3371 3538 3410 sa-

1939 3435 2230 3490 cramentis
2265 3444 2486 3492 caeteros
2516 3439 2832 3494 antecellit?
2859 3427 3178 3498 Observabit
3217 3445 3358 3499 enim
3383 3441 3558 3516 jugi?

1940 3535 2024 3584 ter
2051 3528 2416 3598 imperialibus
2431 3529 2594 3599 jussis
2614 3575 2628 3599 ,
2661 3539 2716 3588 et
2737 3539 2794 3586 ut
2814 3537 3172 3591 reverentiam
3201 3541 3539 3608 praetoriana:

1941 3619 2084 3675 sedis
2113 3619 2398 3676 extolleret
2429 3621 2570 3695 [Ac.,
2601 3623 2933 3698 excelleret],
2969 3635 3098 3681 tunc
3145 3628 3210 3682 ad
3248 3630 3364 3700 ejus
3391 3632 3540 3686 venit

1944 3715 2281 3783 obsequium,
2310 3715 2524 3784 quando
2568 3713 2886 3772 vocabulum
2934 3721 3098 3790 C(Bpil.
3124 3721 3322 3777 habere
3354 3723 3539 3792 [πωρί-

1941 3819 2128 3874 puum.
2164 3803 2318 3859 Tales
2347 3819 2474 3874 crgo
2504 3805 2736 3874 tardare,
2784 3809 3053 3878 piaculum
3103 3819 3204 3878 est,
3255 3813 3379 3881 quia
3414 3822 3538 3883 post

1945 3898 2177 3969 palmam
2211 3913 2371 3952 nemo
2411 3898 2606 3954 dilatus
2652 3909 2753 3956 est.
2795 3900 3046 3957 Votivum
3089 3919 3198 3957 non
3228 3912 3408 3974 potest
3435 3903 3541 3959 dici

1944 3990 2090 4059 quod
2119 3991 2290 4046 tristis
2319 3990 2562 4062 suscipit.
2592 3990 2915 4047 Gravamina
2945 3994 3089 4048 nulla
3119 4005 3359 4050 metuant
3381 3996 3542 4052 abso-a

1941 4082 2062 4150 luti,
2094 4098 2161 4138 ne
2184 4090 2372 4154 portus
2406 4081 2509 4138 hoc
2538 4083 2745 4152 ingerat
2771 4081 2952 4139 liberis
2978 4085 3122 4156 quod
3153 4084 3329 4140 facere
3357 4088 3536 4158 potuit

1942 4175 2180 4246 procella
2208 4174 2432 4229 vexatis.
2466 4172 2807 4243 Quapropter
2835 4175 3168 4244 experientia
3201 4184 3288 4230 tua
3331 4176 3398 4231 de
3442 4177 3532 4231 illa

1948 4266 2254 4338 provincia,
2296 4280 2363 4322 ex
2393 4265 2634 4320 illatione
2673 4265 2866 4328 tertia,
2910 4265 3167 4321 liscalium
3216 4269 3540 4324 tributorum
3581 4316 3585 4320 .

1949 4359 2183 4425 solidos,
2216 4373 2352 4428 quos
2380 4356 2610 4428 principi
2637 4355 2999 4425 Augustorum
3030 4358 3104 4432 [id
3134 4369 3230 4427 est,
3263 4361 3539 4429 agentium

1950 4452 2005 4506 in
2049 4447 2229 4521 rebus]
2280 4447 2504 4520 provida
2533 4447 2810 4519 deputavit
2847 4449 3168 4521 antiquitas,
3217 4451 3333 4508 sine
3361 4451 3539 4524 aliqua

320 4687 347 4716 ι
379 4673 746 4751 Diﬂerentiam
776 4690 894 4733 esse
918 4676 1060 4733 inter
1078 4676 1408 4751 domesticos
1434 4684 1490 4751 et
1512 4685 1850 4749 protectores
1879 4681 1930 4742 D
1955 4675 2196 4751 provinc.
2227 4693 2240 4728 :
2271 4672 2389 4751 Non
2421 4674 2942 4751 sitnvenalejudicis
2969 4676 3303 4751 velum,non
3332 4679 3542 4751 ingres-

245 4755 484 4804 constat.
521 4746 650 4802 Nam
695 4748 748 4802 hi
798 4759 1058 4802 armatam
1104 4749 1346 4802 militiam
1377 4746 1702 4814 subeuntes,
1738 4765 1844 4804 non

243 4815 775 4890 solumidei'endendi
818 4820 1062 4890 corporis
1110 4819 1221 4885 sui,
1254 4833 1440 4874 verum
1475 4819 1636 4873 etiam
1666 4830 1849 4889 prote-

244 4889 411 4959 gendi
439 4889 626 4943 lateris
668 4891 838 4944 nostri
881 4889 1293 4946 sollicitudinem
1338 4892 1661 4960 patiuntur:
1701 4891 1846 4945 unde

245 4963 416 5015 etiam
465 4969 831 5028 protectorum
878 4977 1074 5017 nomen
1113 4961 1288 5016 sortiti
1333 4970 1487 5026 sunt,
1539 4969 1594 5016 et
1641 4970 1766 5018 sunt
1797 4962 1849 5016 in

249 5032 393 5086 acie.
444 5029 574 5097 Alii,
631 5040 690 5086 ut
738 5031 933 5086 indicio
979 5033 1212 5088 nominis
1243 5041 1500 5102 apparet,
1534 5032 1850 5102 [arniliarius

248 5102 518 5172 militant,
563 5111 616 5155 ct
657 5110 780 5156 sunt
819 5102 1102 5159 domestici
1148 5101 1504 5172 proteetores.
1535 5101 1646 5157 Sed
1687 5119 1753 5156 ex
1787 5103 1850 5158 iis

249 5172 345 5226 alii
377 5171 524 5244 fuere
552 5172 805 5242 bipedes,
840 5173 928 5228 alii
970 5171 1196 5244 equites,
1255 5181 1313 5228 ut
1365 5173 1455 5227 alii
1497 5173 1721 5228 comites
1750 5174 1847 5226 do-

250 5242 602 5298 mesticorum
631 5245 868 5312 equitum
886 5287 902 5312 ,
933 5242 1034 5298 alii
1049 5245 1275 5299 comites
1300 5244 1719 5299 domesticorum
1749 5258 1845 5312 pe-

249 5313 425 5369 ditum
459 5331 471 5365 :
504 5314 600 5368 viri
633 5314 883 5381 illustres,
918 5315 1162 5382 aquibus
1190 5314 1472 5369 domestici
1501 5315 1842 5384 regebantur,

251 5399 380 5439 cum
410 5385 489 5438 eis
518 5384 720 5439 licitum
752 5395 870 5439 erat
899 5387 1162 5452 attingere
1191 5401 1254 5440 ac
1295 5385 1522 5439 adorare
1553 5400 1846 5453 purpuram

250 5455 533 5527 principis.
566 5455 627 5510 L.
658 5455 712 5520 2,
740 5454 801 5509 C.
836 5455 914 5510 De
934 5455 1245 5527 fabricens.;
1275 5455 1309 5509 Ι.
1338 5453 1476 5527 ινα.
1511 5453 1590 5527 De
1611 5455 1848 5527 domesti-

253 5526 351 5579 cis.
385 5524 440 5579 ln
471 5527 766 5581 salutandis
787 5524 947 5581 etiam
965 5537 1017 5580 et
1039 5525 1344 5580 osculandis
1364 5525 1580 5579 vicariis
1605 5526 1842 5595 praefect.

255 5597 533 5666 praetorio,
579 5613 642 5653 ac
671 5597 839 5652 multo
894 5598 1062 5666 magis
1104 5595 1415 5666 prmsidibus
1453 5595 1841 5662 adinittantur;

255 5682 380 5736 quae
409 5669 585 5721 omnia
612 5670 804 5722 smnmi
833 5669 1049 5723 honoris
1087 5667 1209 5722 loco
1241 5668 1574 5730 tribuuntur;
1607 5675 1662 5721 et
1689 5667 1765 5720 sic
1790 5667 1843 5720 in

254 5735 296 5791 ll
335 5736 458 5804 109,
489 5736 550 5792 C.
587 5738 819 5805 Theod.,
864 5739 930 5794 de
959 5739 1169 5806 decur.,
1208 5737 1450 5794 osculum
1491 5737 1574 5791 his
1614 5737 1667 5791 in
1715 5753 1842 5806 pro-

253 5807 437 5864 vincia
479 5810 830 5878 judicantium
860 5819 913 5864 et
937 5825 1222 5864 consessus
1251 5808 1487 5863 indultus
1529 5809 1616 5862 sit.
1650 5807 1838 5864 Bnoss.

325 5877 355 5916 ι’
391 5877 581 5935 Merito
604 5881 724 5950 quis
768 5879 1044 5935 addubitet
1073 5897 1198 5936 num
1237 5879 1437 5936 rectius
1463 5879 1740 5948 aliquanto
1770 5881 1844 5934 lc-

249 5955 344 6018 gat
365 5967 445 6018 ur,
482 5951 672 6008 aditus.
704 5952 828 6022 Arg.
860 5952 896 6006 l.
927 5953 995 6027 1,
1023 5951 1156 6008 Cod.
1192 5951 1420 6019 Tlteod.,
1467 5952 1534 6007 de
1573 5950 1655 6007 off
1709 5960 1839 6008 rccl.

1953 4744 2040 4803 sus
2070 4746 2390 4816 redemptio.
2420 4744 2622 4816 Tullius
2651 4746 2701 4800 in
2732 4745 2956 4802 Verrem
2983 4765 2995 4800 :
3031 4745 3100 4804 Ut
3119 4750 3298 4816 adeas,
3335 4744 3542 4808 tantum

1952 4818 2122 4872 (labis.
2158 4815 2440 4872 Salvianus
2463 4815 2826 4884 Massiliensis,
2853 4818 2945 4872 lib.
2977 4827 3033 4874 ut
3062 4819 3130 4874 de
3158 4815 3536 4876 Providentia:

1952 4889 2092 4944 intra
2114 4888 2312 4958 januas
2341 4903 2448 4942 non
2466 4887 2643 4960 modo
2683 4889 2996 4955 illustrium,
3028 4891 3120 4946 sed
3165 4892 3325 4946 etiam
3355 4894 3541 4960 praesi-

1952 4961 2078 5014 dum
2117 4967 2211 5014 aut
2251 4959 2658 5031 praepositorum
2707 4975 2814 5031 non
2857 4976 3046 5016 omnes
3095 4962 3294 5031 passim
3338 4959 3542 5017 intrare

1953 5037 2306 5101 prtcsumnnt,
2342 5030 2444 5083 nisi
2473 5044 2608 5100 quos
2638 5039 2729 5084 aut
2753 5030 2920 5100 judex
2945 5030 3237 5095 vocaverit,
3268 5041 3356 5086 aut
3383 5047 3542 5098 nego-

1954 5100 2086 5154 tium
2111 5101 2358 5172 traxerit.
2405 5109 2497 5172 aut
2525 5101 2636 5172 ipsa
2678 5101 2897 5156 honoris
2927 5100 3128 5172 proprii
3180 5101 3411 5170 dignitas
3456 5105 3541 5156 iu-

1954 5173 2120 5226 troire
2150 5170 2492 5242 permiserit;
2524 5171 2597 5242 ita
2626 5179 2686 5225 ut
2725 5174 2770 5227 si
2799 5170 3065 5242 quispiam
3095 5172 3364 5239 ingressus
3394 5175 3541 5228 inso-

1952 5244 2126 5296 lenter
2156 5240 2344 5312 fuerit,
2361 5249 2462 5312 aut
2486 5241 2742 5309 credatur,
2791 5240 2884 5298 aut
2925 5240 3274 5312 propellatur,
3310 5253 3404 5297 aut
3444 5244 3542 5298 ali-

1951 5328 2054 5381 qua
2084 5311 2405 5366 verecundia
2436 5320 2597 5380 atque
2622 5311 3037 5369 existimationis
3063 5328 3171 5366 suae
3199 5313 3318 5368 labe
3348 5314 3540 5368 multe-

1953 5392 2055 5437 tur.
2085 5381 2356 5454 Valentini.
2391 5390 2446 5436 et
2473 5383 2670 5437 Valens
2699 5385 2866 5454 impp.
2889 5403 2899 5436 :
2925 5381 3138 5454 Apertis
3166 5382 3367 5454 foribus
3398 5385 3538 5440 intro

1951 5454 2156 5510 vocatis
2179 5453 2458 5519 omnibus,
2500 5461 2607 5508 etc.
2641 5454 2702 5508 L.
2743 5452 2794 5517 2,
2815 5452 2890 5508 'C.
2923 5452 3152 5518 Theod.,
3177 5453 3244 5508 de
3271 5453 3363 5508 oil‘.
3396 5463 3534 5508 rect.

1951 5525 2224 5596 provinc.;
2270 5525 2308 5578 l.
2361 5523 2413 5590 9,
2462 5522 2734 5596 Quisquis,
2779 5522 2910 5579 Cod.
2945 5523 3174 5596 Tlteod.,
3207 5525 3274 5579 de
3318 5525 3538 5596 Ιιαξωω

1949 5595 2170 5666 Aperiat
2200 5595 2392 5659 forum,
2419 5603 2525 5652 etc.
2557 5595 2730 5649 Nolim
2757 5603 2936 5666 tamen
2966 5595 3034 5666 ab
3060 5596 3279 5666 antiqua
3310 5603 3365 5649 et
3393 5595 3540 5666 edita

1949 5665 2199 5732 lectione,
2234 5665 2460 5734 auditus,
2485 5666 2639 5721 facile
2668 5665 2939 5720 recedere.
2969 5665 3100 5720 Nam
3125 5665 3283 5720 aures
3303 5665 3545 5734 prasbere

1949 5738 2146 5793 dicitur
2169 5738 2356 5805 iudex.
2387 5733 2660 5801 Martian.,
2693 5735 2888 5790 novell.
2924 5735 2973 5802 l,
3008 5736 3099 5790 lib.
3133 5751 3226 5792 tu:
3261 5733 3544 5790 Neminem

1950 5809 2191 5863 exhiberi
2223 5813 2288 5861 de
2324 5806 2561 5876 provinc.
2599 5807 2831 5878 integras
2861 5808 3180 5878 adeuntibus
3221 5822 3376 5862 aures
3403 5821 3545 5878 pra:-

1949 5881 2095 5935 bere.
2131 5881 2361 5939 (Juntru,
2411 5891 2568 5932 aures
2610 5877 2900 5945 obseratae,
2933 5877 3110 5934 Valer.
3159 5877 3409 5947 Multum,
3448 5878 3520 5940 lib

1951 5968 2039 6020 vn,
2069 5968 2188 6018 cap.
2221 5949 2274 6003 5.
2306 5948 2542 6003 Fouststt.
