4006 6454
418 351 521 408 847
565 360 574 377 ‘

1648 333 1721 392 Μ.
1762 323 2036 390 ΑυιιΕω
2071 323 2468 385 CASSIODORI

3584 303 3692 379 η
3745 316 3757 331 ,

420 465 679 525 dilatione
722 457 1026 534 persolvat,
1058 471 1195 529 quos
1224 453 1439 513 noveris
1468 451 1639 507 tertiae
1667 449 1891 506 decimae
1919 447 2004 501 in-
2030 441 2083 505 Α
2107 445 2310 515 perior,
2353 460 2461 501 non
2504 440 2754 499 redemit.
2796 436 2978 496 Nostis
3004 450 3167 495 omne
3196 436 3340 509 quod
3387 435 3657 508 loquimur
3681 482 3697 506 ,

422 558 669 616 dictionis
701 556 873 627 (Anno
903 553 1095 608 Christi
1143 550 1269 620 555)
1303 546 1603 604 rationibus
1650 541 2011 615 imputandos.

422 649 530 705 Sed
560 662 689 702 cave
714 645 929 700 venales
954 660 1136 699 moras
1166 646 1213 709 ³,
1245 640 1455 697 declina
1480 638 1739 693 damnosa
1769 633 2012 700 fastidia;

426 750 485 797 ut
510 742 601 812 qui
631 739 904 795 desideras
931 738 1125 794 similia
1146 735 1424 807 consequi,
1452 731 1758 803 exemplum
1786 728 1883 784 tibi
1907 743 2017 784 non

425 833 658 888 videaris
696 832 940 887 intulisse
981 830 1267 902 dispendii.
1318 829 1658 898 Quapropter
1704 830 2018 896 poscentem

428 927 641 983 ratione
668 924 810 1000 [Gr.,
836 922 925 995 ne]
956 924 1296 988 submoveas,
1328 923 1374 977 si
1407 930 1458 977 te
1495 920 1726 977 actionis
1755 927 1859 973 tum
1887 931 2021 987 qua-

430 1018 583 1074 litate
636 1016 972 1085 constringas
1039 1016 1182 1088 [Ac.,
1238 1010 1610 1085 constringat].
1666 1008 2024 1066 ﬂonorabiles

432 1108 649 1178 quidem
689 1124 717 1163 a
760 1108 967 1163 cunctis
994 1105 1229 1162 habendi
1268 1114 1394 1160 sunt
1422 1102 1691 1167 veterani,
1722 1101 1818 1157 sed
1845 1102 1912 1155 ab
1940 1099 2025 1156 his

436 1200 669 1256 maxime
720 1200 811 1269 qui
862 1199 1065 1254 militiae
1114 1198 1304 1253 labore
1356 1197 1683 1252 detinentur.
1732 1193 1853 1249 Tibi
1894 1205 2025 1261 ergo

438 1300 660 1361 praestas
678 1292 819 1361 quod
844 1291 1021 1360 parcis
1052 1291 1228 1357 alteri,
1246 1288 1460 1369 quando
1488 1288 1806 1345 indemnitas
1833 1285 2029 1359 prioris

440 1385 647 1440 lucrum
676 1384 857 1455 potius
886 1382 947 1439 ﬁt
971 1378 1266 1453 sequentis.

930 1520 1259 1592 EPISTOIA
1297 1521 1535 1578 xxxvr.

447 1631 745 1673 ΑΝΑνι-ηοιιο
793 1617 923 1691 [ed.,
974 1616 1294 1689 auarouco]
1339 1631 1700 1672 CANCELLARIO
1738 1628 2031 1672 rnovmcu:

666 1705 839 1743 SAHNII
879 1704 1119 1743 δεΝΑτοιι
1156 1705 1473 1743 νηκειτιζετυε
1512 1703 1808 1744 PRAETOR“).

445 1777 689 1833 Decernit
710 1790 765 1851 ut
790 1781 1098 1850 septingenti
1127 1780 1282 1834 solidi
1309 1779 1496 1834 dentur
1516 1781 1564 1835 ei
1591 1782 1675 1851 qui
1706 1779 2037 1833 laudabiliter

516 1836 856 1903 cornicularii'
900 1836 983 1903 est
1030 1853 1327 1921 perfunctus
1383 1836 1687 1922 o/ﬁci0,'et
1733 1868 1881 1906 suam
1930 1852 2039 1921 ipse
2069 1836 2117 1897 Β

519 1921 867 1991 integritatem
898 1921 1241 1975 commendat.

522 2011 622 2078 Qui
644 2012 941 2067 laboriosas
964 2013 1218 2068 excubias
1240 2021 1295 2069 et
1319 2012 1496 2069 ofﬁcia
1518 2027 1724 2082 magnae
1744 2011 2045 2069 sedulitatis

452 2107 676 2174 invenit,
703 2107 1099 2163 rationabiliter
1119 2116 1173 2163 et
1205 2108 1462 2179 temporis
1492 2107 1708 2163 deﬁnita
1732 2107 2043 2173 constituit;

453 2206 510 2253 ut
554 2199 697 2267 quod
745 2208 862 2254 erat
890 2200 989 2255 sub
1018 2200 1143 2253 vita:
1194 2200 1420 2255 termino
1472 2200 1741 2270 positum,
1769 2201 2047 2271 praemium

454 2304 563 2343 non
595 2289 819 2344 haberet
848 2289 1134 2345 incertum.
1167 2291 1383 2361 Alioqui
1413 2291 1532 2360 quis
1560 2290 1807 2347 sufﬁcere
1835 2307 2048 2362 semper

457 2388 512 2435 ct
540 2387 786 2447 spectare
815 2388 1019 2450 posset,
1050 2396 1170 2435 cum
1204 2396 1262 2436 se
1291 2380 1605 2436 mortalibus
1636 2381 1726 2436 lux
1775 2382 1888 2452 ipsa
1918 2382 2049 2437 sub-

458 2469 721 2524 duceret?
748 2468 864 2536 Qua
891 2469 958 2525 de
987 2485 1046 2524 re
1074 2471 1172 2525 sub
1202 2471 1405 2526 incerta
1434 2472 1542 2525 vita
1569 2480 1716 2527 certa
1740 2472 1925 2526 militia
1946 2480 2048 2528 est.

461 2558 569 2615 Nec
596 2560 756 2615 habet
794 2560 938 2629 quod
976 2562 1146 2631 possit
1184 2571 1456 2627 metuere,
1489 2563 1580 2634 qui
1610 2565 1677 2619 ad
1712 2565 2051 2635 designatum

464 2662 675 2722 tempus
704 2651 966 2708 inoffense
1013 2654 1210 2709 meruit
1255 2656 1560 2726 pervenire.
1612 2657 1769 2711 Astra
1800 2657 1945 2727 ipsa,
1994 2666 2054 2714 ut

462 2747 756 2802 astronomi
784 2747 988 2813 volunt,
1016 2747 1142 2803 licet
1157 2748 1369 2804 assidua
1396 2749 1723 2820 repetitione
1743 2751 2052 2819 volvantur,

463 2856 650 2896 cursus
678 2840 758 2894 sui
783 2839 997 2895 deﬁnita
1017 2842 1343 2897 custodiunt.
1374 2842 1570 2912 Nequit
1587 2858 1707 2898 esse
1726 2840 2065 2913 ambiguum,

462 2931 606 3001 quod
644 2929 747 2987 ﬁne
786 2933 1004 3003 proprio
1037 2940 1249 2987 tenetur
1282 2932 1569 3001 inclusum.
1601 2933 1862 2989 Saturnus
1904 2934 2059 2989 annis

466 3025 683 3093 triginta
713 3025 1009 3079 censlituta
1039 3024 1140 3079 sibi
1170 3023 1291 3079 coeli
1321 3024 1494 3095 spatia
1523 3034 1863 3094 pervagatur.
1892 3024 2059 3079 Stella

464 3116 611 3172 Jovis
642 3116 921 3171 duodecim
949 3117 1103 3171 anuis
1146 3117 1462 3171 attributam
1493 3116 1596 3171 sibi
1632 3132 1910 3186 regionem
1939 3116 2060 3170 illu-

464 3218 619 3264 strat.
656 3207 836 3262 Martis
861 3206 1031 3275 sidus,
1060 3209 1212 3277 ignea
1243 3208 1523 3263 celeritate
1547 3217 1838 3285 raptatum,
1869 3207 2056 3263 decem
2085 3210 2133 3274 C

466 3311 521 3356 et
558 3310 683 3355 octo
731 3300 1003 3354 mensibus
1050 3299 1304 3369 deputata
1350 3300 1451 3355 sibi
1491 3300 1759 3355 discurrit.
1800 3299 1893 3354 Sol
1936 3299 2061 3353 anni

466 3391 640 3460 spatio
686 3388 901 3444 Zodiaci
932 3388 1117 3443 circuli
1145 3390 1296 3458 signa
1322 3391 1679 3461 praetervolat.
1714 3390 1929 3445 Astrum
1957 3385 2064 3446 Ve-

470 3482 616 3538 neris
655 3482 929 3537 mensibus
971 3480 1274 3551 quindecim
1303 3485 1476 3554 Spatia
1500 3498 1754 3540 concessa
1784 3491 2061 3538 transcen-

470 3575 566 3630 dit.
601 3574 920 3643 Mercurius,
951 3575 1240 3631 velocitate
1264 3578 1591 3643 succinctus,
1626 3576 1885 3632 tredecim
1912 3590 2065 3631 men-

473 3666 621 3723 sibus
662 3668 942 3737 proposita
992 3667 1093 3723 sibi
1143 3667 1425 3722 intervalla
1476 3667 1842 3738 praetervehit.
1892 3665 2061 3735 Luna,

475 3756 733 3829 peculiari
765 3756 919 3811 nobis
941 3757 1217 3812 vicinitate
1258 3757 1578 3826 proximior,
1618 3756 1835 3827 triginta
1879 3756 2067 3811 diebus

476 3849 719 3920 peragit,
765 3848 910 3919 quod
961 3850 1087 3903 anni
1130 3849 1308 3919 spatio
1359 3849 1440 3903 sol
1487 3864 1683 3904 aureus
1712 3849 2070 3904 circumactus

477 3941 797 4012 impleverit.
831 3940 1021 3996 Merito
1049 3954 1177 4009 ergo
1210 3928 1411 3995 laboris
1440 3940 1597 3995 tinem
1637 3940 1893 3996 mortales
1920 3940 2070 3996 inve-

477 4036 632 4088 niunt
653 4053 664 4087 :
687 4033 923 4105 quando,
956 4042 1014 4088 ut
1038 4033 1343 4104 philosophi
1365 4033 1568 4101 dicunt,
1599 4041 1654 4089 et
1684 4034 1797 4105 ipsa
1827 4050 1945 4104 quae
1974 4035 2070 4089 de-

479 4121 644 4181 ﬁcere
668 4134 943 4195 nequeunt
971 4126 1071 4180 nisi
1101 4141 1220 4181 cum
1252 4126 1450 4181 mundo
1479 4142 1667 4183 cursus
1691 4127 1771 4181 sui
1814 4128 2073 4193 terminos

478 4220 875 4276 rationabiliter
913 4228 1269 4290 acceperunt;
1309 4220 1412 4275 hac
1461 4229 1640 4276 tamen
1682 4220 2072 4277 interveniente

481 4312 756 4378 distantia,
788 4310 933 4380 quod
961 4311 1052 4366 illa
1082 4327 1218 4382 Opus
1247 4326 1402 4365 suum
1450 4309 1662 4378 ﬁniunt,
1695 4321 1753 4366 ut
1780 4312 1845 4367 ad
1874 4312 2073 4382 princi-

482 4404 631 4475 pium
657 4405 915 4471 redeant;
947 4405 1239 4459 humanum
1277 4419 1445 4474 genus
1477 4404 1599 4460 ideo
1620 4405 1833 4470 militat,
1867 4413 1925 4459 ut
1947 4419 2071 4475 per-

486 4498 622 4551 actis
643 4497 925 4552 sudoribu-s
953 4497 1317 4567 conquiescat.
1345 4495 1414 4550 Et
1453 4496 1574 4551 ideo
1603 4496 1676 4551 illi
1706 4495 1798 4565 qui
1827 4495 2073 4567 inculpa-

2121 553 2297 608 neque
2335 538 2477 593 enim
2519 537 2572 591 in
2613 533 2873 591 cubiculis
2931 531 3129 588 nostris
3180 529 3475 587 secretaria
3521 537 3701 584 nostra

2120 638 2338 701 peracta
2368 638 2511 685 sunt.
2539 627 2691 694 Quod
2733 626 2957 695 egimus,
2983 626 3233 680 cohortes
3260 632 3545 679 noverunt.
3581 622 3705 677 Fui-

2123 738 2244 777 mus
2272 722 2525 777 nimirum
2550 720 2618 775 ad
2658 718 2960 775 nocendum
2999 717 3214 789 privati,
3254 718 3322 772 ad
3350 717 3706 788 praestandum

2119 812 2350 884 judices.
2399 812 2672 868 Districtio
2706 817 2894 866 nostra
2933 809 2986 864 in
3013 808 3193 865 verbis
3221 817 3303 864 est
3331 808 3549 874 habita;
3577 808 3713 861 etin

2123 906 2281 963 factis
2306 922 2467 975 sensa
2496 905 2815 976 benignitas.
2848 902 3217 959 lrascebamur
3260 901 3459 973 placati
3483 939 3499 965 ,
3545 901 3715 955 mina-

2125 998 2317 1055 bamur
2343 998 2582 1064 innoxii;
2610 1004 2666 1053 et
2694 1012 2764 1052 ne
2793 994 3154 1065 potuissemus
3190 992 3421 1058 laedere,
3451 1002 3713 1047 terrorem

2127 1093 2443 1149 videbamur
2503 1089 2720 1147 inferre.
2774 1088 3023 1155 Habetis,
3070 1095 3129 1143 ut
3179 1086 3438 1147 solebatis
3496 1082 3719 1154 dicere,

2130 1186 2490 1243 castissimum
2535 1183 2799 1256 iudicem,
2846 1181 3149 1251 relinquam
3194 1194 3290 1235 vos
3338 1178 3722 1249 integerrimas

2135 1290 2317 1338 testes.

2615 1410 2950 1468 EPISTULA
2986 1407 3245 1465 XXXVII.

2204 1520 2391 1563 ιυριΝο
2429 1521 2554 1561 VIRO
2592 1519 2927 1568 CLARISSINO,
2967 1514 3332 1563 CANCELLABIO
3369 1514 3649 1555 CAIPANI£

2473 1593 2712 1634 SENATOR
2754 1590 3073 1631 PRAEFECTUS
3112 1587 3411 1627 ΡΒᾹΞΤΟΕΙΟ.

2138 1692 2335 1749 Statuit
2378 1700 2435 1745 ut
2480 1688 3043 1762 primiscrinio,_oﬁicio
3075 1687 3189 1762 jam
3218 1686 3504 1762 perfuncto,
3536 1686 3725 1762 solidos

2213 1781 2276 1820 ex
2306 1756 2501 1818 canone
2530 1762 2805 1832 provincia:
2833 1756 3134 1829 Campania:
3160 1756 3458 1812 solemniter
3481 1756 3688 1809 tribuat.

2216 1878 2364 1933 Bene
2388 1878 2605 1946 antiqua
2633 1874 3005 1931 moderatione
3028 1872 3302 1943 provisum
3339 1877 3425 1925 est
3452 1878 3511 1924 ut
3536 1870 3729 1926 laboris

2146 1972 2227 2029 sui
2257 1970 2427 2042 pretia
2452 1969 2730 2038 recipiant,
2758 1967 2848 2037 qui
2874 1966 3101 2038 publicis
3130 1964 3449 2019 utilitatibus
3477 1964 3733 2018 obsecun-

2147 2064 2318 2129 dant;
2371 2077 2440 2117 ne
2478 2061 2596 2130 quis
2625 2060 2913 2114 haberetur
2963 2056 3293 2123 nrzeteritus,
3338 2055 3431 2124 qui
3473 2056 3733 2126 probabili

2149 2154 2325 2210 fuerat
2351 2153 2563 2209 actione
2587 2150 2901 2206 laudandus.
2948 2148 3083 2203 Nam
3109 2149 3195 2203 cui
3224 2146 3404 2203 ofﬁcio
3434 2163 3735 2202 remunera-

2150 2246 2226 2302 tio
2254 2226 2581 2310 solveretur,
2597 2243 2640 2297 si
2666 2240 3001 2312 prmtorianis
3022 2238 3295 2294 laboribus
3322 2238 3541 2308 praemia
3564 2237 3738 2291 tarda-

2151 2333 2673 2404 rentur?Quidquid
2720 2332 2861 2387 enim
2903 2345 3045 2402 pene
3090 2330 3144 2384 in
3196 2328 3470 2398 republica
3518 2327 3737 2395 geritur,

2153 2444 2341 2486 eorum
2392 2416 2710 2482 strenuitate
2740 2424 3060 2494 completur,
3093 2430 3165 2487 et,
3194 2420 3339 2491 quod
3366 2417 3738 2474 difﬁcillimum

2153 2521 2421 2579 serviendi
2447 2534 2616 2589 genus
2643 2526 2726 2573 est
2749 2516 2847 2588 (sic
2875 2516 3015 2571 enim
3046 2515 3255 2581 cogitur
3284 2512 3465 2567 omnia
3498 2510 3740 2579 implere,

2155 2627 2217 2673 ut
2242 2633 2351 2674 non
2379 2617 2719 2688 permittatur
2763 2609 3072 2681 excedere),
3104 2607 3428 2664 exercitibus
3458 2612 3631 2675 paret,
3662 2619 3745 2656 ar-

2156 2711 2317 2766 matis
2344 2708 2685 2777 obtemperat
2709 2723 2722 2772 ;
2751 2713 2806 2760 et
2855 2702 2977 2757 inde
3006 2708 3248 2772 reportat
3276 2699 3523 2768 gratiam,
3556 2696 3647 2749 ubi
3674 2694 3747 2748 in.

2160 2802 2343 2857 venire
2388 2805 2568 2871 potest
2598 2797 2734 2852 alter
2763 2794 3042 2851 offensam.
3075 2793 3213 2860 Quid
3244 2790 3482 2860 publicas
3512 2790 3746 2843 rationes

2162 2896 2316 2971 [Mss.
2349 2904 2400 2950 et
2427 2895 2546 2959 Ac.,
2587 2889 2854 2962 actiones]
2886 2905 2981 2961 per
2998 2886 3242 2943 diﬂicilcs
3268 2886 3524 2939 minutias
3550 2883 3749 2937 refera-

2161 3008 2283 3047 mus
2308 3005 2426 3047 esse
2452 2988 2726 3054 collectas,
2771 3000 2905 3054 quas
2928 2996 3118 3051 magna
3156 2978 3452 3035 subtilitate
3482 2974 3749 3046 composic

2162 3092 2247 3137 tas
2291 3090 2347 3137 et
2400 3080 2467 3135 ab
2514 3079 2618 3134 illis
2647 3077 2897 3145 exigunt,
2928 3089 3064 3145 quos
3105 3071 3377 3128 offendere
3414 3084 3523 3124 non
3558 3083 3751 3139 praesu-

2164 3176 2352 3230 munt?
2379 3171 2577 3228 Eorum
2594 3178 2677 3225 est
2701 3169 2866 3225 etiam
2887 3164 3172 3222 sudoribus
3191 3160 3592 3235 applicandum,
3609 3158 3750 3229 quod

2162 3264 2423 3321 victuales
2444 3277 2711 3332 expensac,
2736 3259 2895 3328 longe
2916 3256 3129 3326 quidem
3154 3255 3361 3324 positze,
3385 3251 3482 3307 sed
3505 3260 3749 3320 tanquam

2166 3359 2220 3413 in
2252 3358 2383 3412 urbe
2410 3355 2557 3423 regia
2601 3360 2758 3417 natae,
2791 3351 2909 3405 sine
2938 3346 3155 3420 querela
3182 3344 3589 3416 provincialium
3630 3356 3754 3396 con-

2166 3457 2498 3521 gregantur:
2531 3446 2655 3515 quia
2700 3445 2830 3498 dum
2871 3442 2980 3497 suis
3028 3438 3358 3509 temporibus
3406 3434 3606 3505 aliquid
3634 3441 3755 3502 apte

2167 3541 2440 3614 quaeritur,
2471 3538 2617 3594 danti
2647 3534 2980 3607 dispendium
3012 3547 3120 3589 non
3148 3539 3391 3602 putatur.
3428 3527 3596 3583 Actus
3618 3527 3757 3596 ipso-

2167 3650 2288 3689 rum
2324 3640 2509 3689 nostra
2538 3630 2707 3701 gloria
2736 3636 2847 3694 est,
2878 3625 3059 3696 Opinio
3084 3633 3421 3694 temporum,
3454 3620 3628 3674 virtus
3664 3634 3759 3672 ex-

2168 3726 2433 3798 plicabilis
2473 3724 2804 3794 jussionum;
2855 3731 2910 3775 et
2955 3716 3213 3788 quidquid
3270 3731 3367 3787 pro
3422 3711 3759 3770 continendis

2170 3819 2420 3874 omnibus
2448 3814 2854 3887 gratificationis
2883 3811 3194 3882 accipimus,
3227 3824 3413 3864 eorum
3451 3807 3598 3877 justc
3638 3819 3761 3875 pro-

2170 3912 2467 3968 visionihus
2488 3910 2839 3980 applicamus.
2865 3905 3259 3977 Splendescunt
3280 3919 3379 3958 usu
3408 3904 3526 3972 ipso
3568 3899 3761 3953 labori-

2171 4006 2273 4061 bus
2290 4003 2554 4069 attributi,
2570 4001 2662 4071 qui
2690 3999 2923 4055 reddunt
2940 3998 3186 4053 homines
3202 4011 3416 4066 semper
3436 3995 3757 4049 instructos:

2173 4098 2409 4165 labores,
2446 4096 2684 4165 inquam,
2710 4091 2929 4148 violenti
2952 4090 3212 4160 magistri,
3232 4086 3447 4143 solliciti
3469 4082 3757 4157 pmdagogi,

2174 4206 2273 4269 per
2296 4205 2433 4261 quos
2459 4188 2669 4244 cautior
2697 4184 2815 4255 quis
2842 4182 3089 4249 etﬁcitnr,
3137 4182 3263 4237 dum
3290 4180 3493 4235 incurri
3531 4175 3761 4248 pericula

2175 4284 2548 4341 Iormidantur.
2575 4280 2861 4336 Erudiatur
2889 4279 3006 4350 quis
3033 4276 3334 4332 forensibus
3375 4273 3600 4338 litteris;
3632 4272 3763 4325 alter

2177 4381 2415 4453 qualibet
2442 4380 2721 4450 disciplina
2767 4378 3029 4432 doceatur
3061 4394 3072 4427 :
3108 4374 3196 4428 ille
3241 4381 3420 4425 tamen
3451 4367 3761 4424 instructior

2176 4470 2438 4541 redditur,
2471 4472 2562 4541 qui
2602 4479 2725 4526 actu
2767 4470 3032 4524 continua:
3080 4463 3380 4521 devotionis
3411 4461 3667 4516 eruditur.
3700 4457 3765 4511 Et

487 4586 667 4642 biliter
690 4588 1030 4643 cornicularii
1051 4551 1134 4644 e‘st
1155 4588 1469 4659 perfunctus
1485 4588 1682 4655 ofﬁcio,
1704 4551 2072 4660 S‘eplingen‘tos
2096 4598 2151 4661 Β
2178 4565 2299 4622 ideo
2326 4564 2521 4619 talibus
2540 4579 2683 4661 cum
2694 4562 2909 4661 honore
2932 4556 3245 4661 solvendum
3270 4563 3351 4659 est
3378 4551 3525 4622 quod
3551 4565 3761 4653 meren-

487 4678 711 4743 solidos,
743 4694 879 4748 quos
906 4686 960 4733 et
1003 4680 1243 4749 longaeva
1273 4680 1607 4735 consuetudo
1636 4679 1931 4751 deputavit,
1978 4697 2077 4752 per

491 4772 636 4827 illam
686 4771 1030 4827 indictionem
1060 4773 1127 4827 de
1168 4773 1371 4827 Samnii
1420 4773 1694 4842 provincia
1728 4789 1797 4828 ex
1837 4774 2078 4832 illatione

494 4866 652 4921 tertia
694 4865 809 4919 sine
856 4863 1204 4932 ambiguitate
1253 4863 1511 4919 contrade
1544 4882 1556 4917 :
1588 4864 1713 4933 quia
1760 4880 1866 4921 non
1898 4875 2079 4936 potest

492 4957 739 5012 dubitare
766 4954 832 5009 de
856 4954 1093 5026 praemio,
1121 4968 1280 5024 quem
1306 4970 1431 5008 vera
1457 4954 1713 5025 principis
1741 4957 2079 5011 commendat

494 5051 742 5106 assertio.
763 5047 980 5102 Praefuit
1000 5049 1142 5103 enim
1169 5047 1422 5103 cornibus
1445 5049 1722 5105 secretarii
1744 5049 2076 5121 praetoriani,

495 5144 637 5198 unde
678 5143 730 5198 ei
774 5157 973 5199 nomen
999 5151 1080 5198 est
1120 5141 1447 5209 derivatum,
1498 5142 1729 5198 laudatis
1779 5143 2084 5198 actionibus

497 5236 876 5306 comprobatus
910 5254 922 5289 :
954 5250 1022 5291 eo
1060 5234 1398 5290 ministrante
1442 5235 1725 5291 caliculum
1766 5234 1906 5308 [Gr.,
1938 5234 2083 5305 Cuj.,

500 5324 624 5381 Niv.
680 5336 727 5381 et
773 5325 894 5394 6a.,
934 5324 1219 5398 calculum]
1275 5327 1433 5399 185
1477 5328 1789 5397 scripsimus
1842 5327 2085 5396 incmpti,

500 5420 644 5491 quod
686 5420 894 5490 magnis
944 5421 1129 5490 pretiis
1172 5421 1462 5491 optabatur
1508 5419 1753 5490 impleri;
1801 5417 2087 5489 gratificati

501 5529 715 5579 sumus,
746 5515 831 5569 cui
875 5514 1020 5582 leges
1067 5513 1349 5579 faverunt;
1392 5514 1729 5580 negavimus,
1767 5513 1852 5568 cui
1877 5512 2086 5582 justitia

503 5621 611 5661 non
656 5606 920 5676 promisit.
964 5606 1132 5661 Nemo
1164 5606 1332 5661 tristis
1360 5604 1567 5659 exstitit
1594 5604 1661 5660 de
1690 5605 1914 5661 victoria
1944 5621 2039 5661 sua
2072 5624 2084 5659 :

505 5696 630 5767 quia
651 5696 810 5752 salvis
832 5696 1169 5753 facultatibus
1197 5694 1450 5765 obtinuit,
1489 5695 1704 5765 quando
1734 5703 1793 5751 ut
1820 5696 1974 5753 ﬁeret
1997 5712 2089 5754 su-

513 5899 681 5967 Fons.

2181 4671 2300 4728 tur;
2341 4669 2400 4715 ut
2426 4668 2480 4715 et
2508 4658 2609 4715 sibi
2636 4654 2925 4726 aliquando
2955 4652 3200 4721 accipiat,
3233 4648 3321 4718 qui
3352 4660 3569 4715 semper
3593 4642 3765 4713 reipu-

2179 4754 2332 4811 blicae
2359 4747 2678 4807 utilitatibus
2706 4745 3035 4818 acquirebat..
3067 4742 3325 4809 Quocirca
3369 4737 3441 4793 illi
3483 4734 3774 4808 primiscri-

2182 4849 2294 4913 uio,
2316 4846 2425 4916 jam
2450 4844 2653 4898 militim
2683 4841 2866 4896 labore
2890 4838 3191 4908 perfuncto,
3224 4849 3291 4889 ex
3323 4844 3534 4887 canone
3555 4827 3775 4899 provin-

2183 4940 2279 4996 cia:
2304 4936 2628 5007 Campaniae,
2664 4932 2830 4988 tertiae
2853 4930 3105 4985 illationis
3134 4934 3215 4980 tot
3235 4923 3437 4979 solidos
3460 4917 3776 4979 solenmitcr

2189 5041 2241 5087 te
2271 5032 2399 5086 dare
2428 5040 2739 5092 censemus;
2773 5031 2905 5078 utet
2935 5022 3022 5075 ille
3039 5019 3197 5089 justis
3236 5013 3516 5071 laboribus
3543 5009 3776 5082 perfrua-

2192 5132 2308 5192 tur,
2357 5130 2413 5176 et
2463 5117 2662 5189 posteri
2716 5115 2835 5185 ejus
2871 5110 3174 5180 exemplum
3204 5106 3385 5161 libera:
3415 5095 3776 5157 famulationis

2191 5216 2476 5286 accipiant,
2508 5226 2629 5270 cum
2658 5225 2781 5265 eum
2812 5223 2908 5279 pro
2937 5220 3031 5261 sua
3062 5203 3166 5259 fide
3187 5202 3326 5257 bene
3345 5197 3594 5253 habitum
3621 5192 3775 5247 fuisse

2191 5314 2541 5380 cognoscunt.

2667 5433 2994 5492 EPISTOLA
3032 5426 3314 5487 XXXVIII.

2262 5551 2444 5592 JOANNI
2475 5547 2820 5590 CANONICARIO
2851 5544 3089 5586 TBUSCI£
3120 5537 3358 5579 SENATOR
3390 5526 3713 5574 Ριιεεῖεετυε

2836 5616 3131 5657 ΡΒᾹΣΤΟΒῙΟ.

2192 5699 2451 5755 Describit
2478 5697 2686 5753 modum
2710 5692 3046 5763 conﬁcienda:
3074 5690 3289 5752 chartae,
3320 5697 3520 5739 necnon
3544 5678 3658 5751 ejus
3685 5670 3779 5729 uti-

584 5840 610 5868 α
637 5831 898 5894 Venalem
933 5833 1241 5905 dilationem
1283 5849 1470 5909 supra,
1517 5834 1622 5893 hoc
1669 5835 1786 5907 lib.,
1836 5839 1997 5912 epist.
2031 5842 2083 5902 7.
2127 5841 2402 5902 Venalitas
2447 5838 2631 5909 studii,
2663 5834 2943 5911 Maioriani
2972 5830 3169 5892 novell.
3203 5829 3256 5901 7,
3312 5826 3379 5885 de
3433 5824 3562 5881 bon.
3595 5814 3776 5879 caduca
