4006 6452
297 298 415 362 διθ

1563 305 1924 365 VARIARUM
1964 305 2166 365 LIBER
2203 309 2292 370 XI.

3456 321 3584 388 850

371 421 589 506 ligatam.
623 420 754 476 Tum
779 423 1707 510 prgc'ipitatcuidamyraascriptam
1729 441 1883 510 perm
1921 428 1964 486 A
1996 425 2186 482 dorum
2226 428 2294 483 de
2339 430 2497 503 186
2525 416 2755 492 Thuscia
2799 436 3074 510 provincia
3115 438 3191 497 illi
3232 456 3300 498 ex
3343 410 3585 502 illatione

371 494 476 569 nite
511 510 764 549 summam
791 512 818 550 e
849 494 1071 552 Tlntscia
1110 498 1372 566 provincia
1412 494 1736 569 deportatum
1779 496 1889 551 lar-

371 567 565 636 giatur.

379 653 701 711 Moderatrix
740 673 921 714 rerum
953 659 1193 715 omnium
1223 660 1507 729 diligenter
1534 659 1893 716 consideravit

299 748 435 823 [ed.,
463 748 808 821 desideravit]
839 752 1159 820 antiquitas;
1192 761 1269 819 ut,
1295 753 1551 823 quoniam
1580 760 1697 808 erat
1725 752 1893 824 pluri-

295 841 405 898 mis
449 855 548 911 per
596 849 783 897 nostra
832 842 1026 898 scrinia
1086 843 1508 910 consulendum,
1574 845 1728 916 copia
1785 859 1894 900 non

301 934 516 990 deesset
541 941 828 1005 procurata
849 936 1156 992 chartarum
1181 947 1226 1004 ﬂ;
1251 946 1514 1008 quatenus
1536 953 1654 992 cum
1681 936 1893 1006 judices

298 1027 484 1082 multis
515 1027 796 1098 profutura
827 1026 1208 1096 decernerent,
1257 1029 1471 1085 odiosas
1513 1043 1692 1084 moras
1719 1027 1894 1083 dulcia

296 1119 564 1177 beneﬁcia
604 1136 713 1175 non
751 1120 1031 1176 haberent.
1075 1121 1189 1178 Hoc
1236 1138 1429 1177 munus
1471 1120 1895 1193 supplicantibus

295 1212 486 1270 datum
514 1220 615 1278 est,
648 1228 716 1268 ne
739 1227 900 1268 avare
919 1214 1416 1283 constringerentur
1439 1214 1506 1269 ad
1527 1212 1890 1279 commodum,

295 1320 400 1374 pro
429 1305 621 1374 quibus
659 1320 689 1358 a
728 1304 972 1375 largitate
1012 1306 1231 1375 publica
1265 1307 1546 1362 constabat
1589 1314 1890 1375 acceptum.

296 1395 597 1467 Ademptus
626 1405 711 1452 est
748 1396 1244 1468 impudentissimus
1288 1399 1660 1454 exactionibus
1687 1398 1838 1453 locus
1867 1414 1881 1451 :

297 1489 610 1559 Specialiter
637 1505 669 1544 a
697 1489 905 1545 damnis
933 1491 1165 1560 exemit,
1206 1499 1427 1562 propter
1465 1505 1600 1560 quos
1639 1489 1893 1560 principis

297 1579 612 1636 humanitas
639 1580 804 1636 dedit.
839 1581 1120 1638 Pulchrum
1149 1584 1306 1654 plane
1335 1598 1471 1653 opus
1498 1581 1758 1652 Memphis
1805 1582 1891 1637 in-

297 1672 523 1740 geniosa
551 1674 821 1743 concepit,
853 1683 912 1728 ut
939 1675 1186 1730 universa
1233 1675 1427 1730 scrinia
1466 1675 1719 1742 vestiret,
1747 1673 1891 1745 quod

295 1765 461 1820 unius
508 1766 612 1821 loci
662 1766 818 1822 labor
860 1767 1075 1838 elegans
1121 1769 1396 1824 texuisset.
1443 1768 1623 1838 Surgit
1662 1767 1888 1823 Nilotica

296 1856 437 1915 silva
466 1857 582 1913 sine
609 1859 790 1925 ramis,
822 1874 1013 1914 nemus
1042 1858 1158 1916 sine
1187 1860 1481 1927 frondibus,
1515 1876 1775 1931 aquarum
1806 1875 1891 1916 se-

295 1961 419 2017 ges,
441 1948 693 2018 paludum
714 1950 938 2020 pulchra
959 1952 1218 2018 caasaries,
1246 1952 1487 2020 virgultis
1511 1952 1742 2019 mollior,
1768 1951 1892 2008 her-

293 2040 382 2097 bis
410 2041 613 2108 durior,
642 2043 824 2098 nescio
854 2060 958 2113 qua
985 2045 1254 2100 vacuitate
1280 2045 1458 2116 plena,
1489 2054 1541 2100 et
1562 2046 1891 2116 plenitudine

293 2146 506 2199 vacua,
556 2133 735 2188 bibula
789 2135 1148 2192 teneritudine
1191 2151 1487 2208 spongeum
1517 2137 1717 2205 lignum
1751 2155 1763 2191 :
1805 2139 1891 2194 cui

295 2239 458 2280 more
484 2225 628 2295 pomi
651 2226 813 2282 robur
840 2227 893 2281 in
915 2228 1118 2284 cortice
1147 2237 1246 2295 est,
1267 2229 1518 2284 mollities
1541 2230 1591 2284 in
1625 2230 1886 2298 medullis,

293 2314 602 2384 proceritas
625 2315 774 2381 levis,
800 2316 894 2371 sed
923 2316 1037 2388 ipsa
1066 2333 1123 2372 se
1149 2318 1452 2387 continens,
1482 2318 1633 2374 fwdte
1664 2319 1890 2374 inuuda~

297 2407 467 2463 tionis
497 2409 888 2479 pulcherrimus
920 2411 1142 2468 fructus.
1185 2413 1321 2469 Nam
1348 2416 1476 2485 quid
1508 2417 1612 2472 tale
1635 2417 1687 2471 in
1718 2417 1891 2487 quali-

295 2499 395 2556 bet
435 2501 642 2556 cultura
693 2504 945 2569 nascitur,
1000 2521 1162 2575 quam
1209 2507 1368 2572 illud,
1428 2508 1516 2563 ubi
1568 2509 1889 2580 prudentum

297 2604 460 2646 sensa
488 2595 808 2648 servantur?
835 2592 1288 2651 Periclitabantur
1325 2606 1450 2652 ante
1495 2597 1599 2653 hoc
1629 2599 1769 2654 dicta
1795 2615 1886 2655 sa—

297 2683 574 2755 pientum,
622 2686 858 2755 cogitata
909 2688 1194 2757 majorum.
1247 2689 1380 2744 Nam
1437 2692 1887 2760 quemadmodum

300 2777 564 2832 velociter
590 2779 856 2848 potuisset
901 2781 1091 2848 scribi,
1123 2782 1269 2850 quod
1314 2791 1647 2853 repugnante
1692 2784 1889 2840 duritia

302 2875 524 2930 corticis
551 2875 640 2930 vix
668 2883 881 2945 poterat
925 2877 1210 2948 expediri?
1252 2877 1467 2948 Ineptas
1497 2879 1744 2934 nimirum
1773 2896 1890 2936 mo-

303 2981 396 3021 ras
424 2965 573 3021 calor
600 2967 763 3021 animi
785 2967 1110 3034 sustinebat;
1142 2976 1338 3024 etcum
1365 2969 1749 3026 differebantur
1777 2988 1892 3028 ver-

301 3055 396 3122 ba,
420 3064 696 3126 tepescere
723 3059 1052 3129 cogebantur
1072 3060 1300 3129 ingenia.
1350 3060 1485 3118 llinc
1515 3072 1570 3118 et
1593 3065 1888 3134 priscorum

304 3149 566 3220 Opuscula
614 3150 778 3208 libros
824 3153 1112 3225 appellavit
1158 3155 1469 3227 antiquitas.
1528 3156 1659 3214 Nam
1730 3160 1888 3219 hodie

305 3253 525 3310 quoque
551 3242 742 3298 librum
766 3245 986 3302 virentis
1014 3247 1140 3316 ligni
1171 3251 1469 3306 vocitamus
1491 3255 1729 3310 exuvias.
1759 3255 1889 3312 Erat

305 3331 642 3401 indecorum,
693 3334 886 3407 fateor,
917 3338 1104 3396 doctos
1131 3356 1410 3399 sermones
1437 3346 1773 3420 committere
1811 3357 1891 3403 ta—

303 3421 448 3479 bulis
473 3426 761 3497 impolitis;
801 3436 858 3485 et
884 3430 936 3484 in
960 3434 1264 3504 veternosis
1291 3437 1581 3494 ramalibus
1612 3439 1890 3511 imprime-

303 3531 391 3587 re,
429 3519 573 3589 quod
618 3523 877 3579 sensualis
907 3533 1119 3595 poterat
1156 3527 1419 3598 elegantia
1467 3534 1721 3603 reperire.
1754 3534 1890 3590 Gra-

302 3609 446 3664 vatis
491 3612 738 3669 manibus
767 3615 951 3685 paucis
978 3620 1290 3675 memoriam
1335 3626 1745 3693 commonebat;
1790 3643 1891 3684 nec

303 3701 639 3761 invitabatur
666 3709 817 3778 plura
839 3709 1039 3780 dicere,
1061 3714 1148 3768 cui
1169 3729 1226 3769 se
1252 3715 1370 3776 talis
1395 3717 1585 3787 pagina
1614 3719 1894 3779 videbatur

306 3794 526 3851 olferre.
557 3795 664 3853 Sed
693 3798 798 3855 hoc
824 3802 1132 3871 primordiis
1159 3815 1578 3865 consentaneum
1606 3809 1733 3878 fuit,
1758 3829 1892 3884 quo-

304 3886 455 3939 niam
484 3887 614 3943 rude
642 3889 963 3962 principium
990 3892 1018 3931 b
1051 3895 1157 3950 tale
1185 3896 1370 3952 debuit
1395 3899 1592 3955 habere
1621 3918 1894 3959 commen-

305 3983 446 4042 tum,
474 3979 616 4048 quod
646 3992 964 4051 provocaret
985 3984 1196 4054 ingenia
1225 3992 1581 4057 sequentium.
1609 3991 1890 4052 lnvitatrix

303 4070 654 4142 pulchritudo
684 4075 992 4132 chartarum
1023 4078 1305 4137 afﬂuenter
1340 4083 1557 4154 dicitur,
1598 4087 1687 4142 ubi
1729 4103 1892 4146 exce-

302 4164 509 4234 ptionis
537 4167 782 4223 subtrahi
811 4158 1035 4226 materia
1059 4190 1166 4229 non
1197 4175 1430 4232 timetur.
1462 4177 1587 4234 Haec
1614 4182 1754 4235 enim
1779 4167 1887 4238 ter-

304 4268 380 4323 go
408 4257 568 4312 niveo
599 4260 772 4330 aperit
800 4262 1177 4334 eloquentibus
1206 4283 1475 4338 campum,
1506 4272 1721 4340 copiosa
1753 4288 1894 4328 seu-

303 4361 407 4417 per
434 4349 656 4417 assistit;
690 4359 765 4417 et,
793 4366 901 4421 quo
931 4353 1022 4409 ﬁat
1049 4357 1270 4422 habilis,
1300 4360 1353 4414 in
1385 4376 1443 4416 se
1469 4363 1709 4418 revoluta
1739 4364 1895 4419 colli-

304 4441 474 4511 gitur,
513 4440 637 4496 dum
676 4445 881 4513 magnis
917 4449 1228 4504 tractatibus
1272 4451 1587 4521 explicetur.
1635 4452 1893 4512 Junctura

1996 523 2153 578 tertia
2196 532 2250 580 te
2278 527 2519 594 pnebere
2562 545 2862 601 censemus,
2914 536 3128 590 tertiam
3157 535 3225 592 de
3252 537 3474 595 decimae
3504 540 3589 597 in—

1994 614 2245 672 dictionis
2269 618 2568 675 rationibus
2592 626 3005 693 computandam
3023 626 3136 698 [Gn
3161 638 3210 682 et
3238 627 3381 701 Cuj.,
3414 633 3587 688 tertiae

1992 707 2328 766 decimas"...
2359 711 2788 787 imputandam];
2817 727 3083 786 quatenus
3113 721 3369 776 scrinium
3401 724 3586 794 publi-

1992 815 2113 856 cum
2143 798 2514 872 integritatem
2532 805 2655 860 ﬁdei
2675 822 2784 862 suae
2815 808 3065 864 laudabili
3089 810 3286 868 debeat
3311 816 3588 884 perpetui-

1994 897 2107 946 tate
2126 907 2376 961 servare;
2407 895 2550 964 quod
2577 895 2847 952 defectum
2876 899 3018 954 inter
3038 902 3287 957 mortalia
3312 907 3581 972 nesciens,

1995 998 2172 1040 annua
2218 987 2580 1045 cumulatione
2627 1005 2842 1060 semper
2888 992 3159 1062 augescit,
3203 1010 3341 1050 nova
3385 996 3587 1066 jugiter

1995 1077 2266 1148 accipiens
2295 1089 2350 1135 et
2375 1090 2586 1138 vetusta
2615 1084 2945 1140 custodiens.

2472 1235 2801 1294 EPISTULA
2842 1239 3080 1298 XXXIX.

1991 1361 2278 1406 WTALIANO
2345 1368 2469 1408 TIRO
2524 1369 2858 1422 CLARISSIMO,
2916 1373 3278 1422 CANCELLARIO
3329 1375 3571 1417 ιυοΑΝιΑς

2100 1437 2168 1476 ΕΤ
2193 1438 2518 1490 Βιιυτιοιιωί,
2547 1441 2786 1482 SENATOR
2808 1445 3131 1486 PREFECTUS
3161 1447 3464 1488 PRETORIO.

1991 1535 2145 1593 Iubet
2164 1547 2220 1593 ut
2244 1556 2412 1611 assem
2449 1540 2725 1611 publicum,
2758 1559 2907 1610 quem
2934 1543 3133 1599 Lucani
3173 1554 3222 1600 et
3270 1545 3437 1600 Brutii
3465 1547 3579 1601 loco

2063 1627 2209 1686 suum
2239 1621 2288 1664 et
2329 1610 2478 1671 boum
2524 1612 2744 1686 singulis
2772 1615 2924 1667 annis
2967 1613 3096 1686 Urbi
3134 1617 3444 1686 pendebant,
3477 1619 3583 1672 sol-

2062 1681 2278 1735 vendum
2329 1691 2488 1759 caret.
2525 1681 2653 1736 Tum
2700 1693 2925 1739 recenset
2965 1683 3099 1740 bona
3134 1681 3326 1758 quibus
3355 1681 3581 1759 patriam

2064 1768 2210 1806 suam
2233 1753 2596 1807 cumulaverat.

2068 1866 2302 1936 Apparet
2330 1874 2561 1936 quantus
2601 1866 2654 1922 in
2684 1866 2927 1923 Romana
2969 1869 3186 1926 civitate
3216 1870 3376 1927 fuerit
3407 1888 3582 1944 popu-

1995 1957 2109 2021 lus,
2144 1966 2202 2012 ut
2239 1972 2360 2012 eum
2408 1958 2570 2013 etiam
2597 1958 2666 2014 de
2718 1958 3024 2030 longinquis
3075 1962 3384 2031 regionibus
3419 1965 3576 2034 copia

1993 2051 2209 2120 provisa
2259 2049 2505 2116 satiaret;
2563 2057 2828 2120 quatenus
2882 2052 3241 2123 circumiectae
3291 2056 3580 2126 provincia:

1992 2141 2398 2211 peregrinorum
2448 2141 2614 2196 victui
2661 2141 2998 2211 sufﬁcerent,
3049 2161 3170 2218 cum
3209 2145 3314 2203 illis
3362 2147 3580 2204 ubertas

1992 2224 2213 2286 advecta
2239 2241 2496 2289 servaret.
2527 2233 2660 2288 Nam
2688 2249 2850 2305 quam
2879 2236 3027 2293 brevi
3065 2254 3292 2295 numero
3322 2229 3442 2297 esse
3481 2257 3581 2312 po-

1993 2330 2156 2390 terat,
2201 2324 2292 2392 qui
2339 2323 2523 2379 mundi
2573 2326 2831 2396 regimina
2878 2329 3226 2399 possidebat!
3283 2331 3577 2389 Testantur

1991 2417 2133 2473 enim
2180 2417 2366 2472 turbas
2412 2417 2607 2473 civium
2657 2420 2986 2490 amplissima
3035 2424 3208 2493 spatia
3256 2440 3574 2493 murorum,

1990 2509 2421 2578 spectaculorum
2450 2510 2718 2566 distensus
2747 2515 3045 2584 amplexus.
3079 2517 3341 2574 mirabilis
3370 2508 3580 2588 magni-

1993 2603 2120 2658 tudo
2146 2604 2496 2674 thermarum,
2527 2621 2583 2660 et
2625 2607 2712 2662 illa
2741 2610 3062 2666 universitas
3088 2611 3371 2679 molarum,
3419 2628 3582 2684 quam

1989 2695 2296 2765 specialiter
2321 2699 2681 2754 contributam
2729 2710 2940 2758 constat
2961 2704 3028 2758 ad
3059 2705 3275 2760 victum.
3304 2706 3417 2764 Hoc
3436 2709 3583 2764 enim

1989 2788 2432 2853 instrumentum,
2468 2790 2569 2845 nisi
2613 2789 2772 2847 fuerit
2819 2795 3033 2864 usuale,
3081 2798 3444 2853 necessarium
3473 2815 3582 2854 non

1989 2878 2236 2946 habetur,
2295 2879 2507 2950 quando
2557 2895 2657 2937 nec
2697 2885 2910 2939 ornatui
2941 2893 3120 2955 potest
3164 2887 3454 2958 proficere,
3484 2904 3584 2946 nec

1990 2973 2129 3044 parti
2159 2973 2275 3027 alia:
2299 2973 2607 3028 convenire.
2638 2973 2877 3044 Denique
2906 2976 3044 3044 haec,
3076 2977 3228 3047 quasi
3264 2979 3584 3036 vestimenta

1990 3067 2226 3138 pretiosa
2253 3081 2570 3137 corporum,
2620 3066 2691 3120 ita
2739 3076 2862 3124 sunt
2892 3067 3084 3124 indicia
3123 3069 3424 3138 civitatum,
3453 3070 3585 3127 dum

1992 3159 2168 3215 nullus
2197 3159 2486 3228 acquiescit
2513 3158 2780 3230 superﬂua
2824 3159 3020 3229 facere,
3053 3177 3171 3233 quae
3203 3179 3262 3222 se
3287 3165 3436 3220 novit
3464 3181 3583 3222 ma-

1994 3254 2114 3324 gnis
2152 3253 2340 3324 pretiis
2385 3255 2680 3325 explicare.
2722 3257 2857 3316 Hinc
2885 3260 3026 3315 enim
3055 3259 3156 3316 fuit
3199 3269 3258 3316 ut
3299 3272 3587 3319 montuosa

1992 3346 2229 3403 Lucania
2259 3362 2382 3403 sues
2423 3348 2709 3419 penderet,
2757 3351 2882 3407 hinc
2908 3360 2966 3408 ut
2994 3353 3161 3409 Brutii
3207 3354 3370 3410 boum
3419 3371 3586 3427 pecus

1993 3441 2241 3513 indigena
2265 3443 2510 3517 ubertate
2524 3453 2859 3514 praestarent.
2882 3446 3004 3502 Fuit
3023 3449 3274 3504 nimirum
3301 3457 3587 3519 utrumque

1992 3538 2271 3607 mirabile,
2311 3549 2369 3595 ut
2398 3549 2452 3598 et
2480 3542 2766 3614 provinciae
2807 3550 2970 3598 tautae
3005 3543 3208 3598 civitati
3249 3541 3582 3612 suilicerent,

1993 3638 2049 3686 et
2075 3631 2152 3687 sic
2179 3633 2355 3704 ampla
2388 3635 2577 3691 civitas
2602 3651 2786 3692 earum
2815 3635 3088 3694 beneﬁciis
3111 3638 3420 3693 victualiutn
3449 3638 3587 3695 indi-

1995 3723 2230 3790 gentiam
2260 3739 2370 3780 non
2399 3726 2642 3784 haberet.
2693 3727 2823 3782 Erat
2862 3728 3078 3798 quidem
3126 3729 3228 3784 illis
3257 3730 3582 3800 gloriosum,

1993 3813 2221 3871 Romam
2269 3833 2539 3888 pascere:
2577 3819 2672 3875 sed
2718 3827 2920 3890 quanto
2976 3820 3255 3892 dispendio
3301 3821 3586 3875 videbatur

1993 3927 2154 3984 posse
2183 3922 2431 3969 constare
2450 3956 2464 3982 ,
2496 3913 2766 3971 adducere
2797 3901 2903 3969 tam
2932 3914 3112 3968 multis
3149 3913 3432 3970 itineribus
3457 3913 3578 3986 [ηις.

1993 4015 2042 4059 et
2085 4008 2202 4070 Ac.,
2251 4005 2584 4078 muneribus]
2631 4020 2750 4076 quae
2779 4005 3035 4060 darentur
3081 4003 3148 4058 ad
3176 4002 3414 4074 pondus,
3454 4003 3583 4058 dum

1993 4112 2113 4168 quae
2153 4099 2448 4169 probantur
2491 4097 2804 4156 decrescere
2836 4099 3013 4153 nullus
3037 4105 3251 4168 poterat
3279 4096 3578 4168 imputare!

1994 4191 2290 4246 Redactum
2320 4199 2402 4247 est
2425 4191 2492 4246 ad
2520 4192 2768 4261 pretium,
2801 4189 2892 4246 ubi
2937 4190 3049 4261 pati
3096 4205 3204 4245 non
3232 4197 3447 4260 poterat
3484 4189 3580 4245 de-

1995 4283 2328 4352 trimentum,
2357 4283 2502 4353 quod
2531 4298 2630 4338 nec
2677 4282 2958 4338 itineribus
2985 4281 3336 4348 imminuitur,
3365 4297 3464 4339 nec
3501 4281 3581 4337 la—

1993 4373 2210 4430 boribus
2258 4375 2548 4431 sauciatur.
2591 4374 2896 4442 Intelligant
2945 4375 3230 4446 provinciae
3275 4376 3417 4432 bona
3460 4391 3580 4434 sua.

1994 4463 2127 4518 Nam
2156 4464 2202 4518 si
2246 4463 2450 4533 antiqui
2488 4478 2673 4520 eorum
2702 4464 2914 4520 fuerunt
2954 4465 3024 4520 ad
3053 4465 3331 4538 dispendia
3376 4467 3579 4531 devoti,

303 4531 426 4588 Sine
474 4532 653 4600 rimis.
688 4536 1012 4594 οοηιίηυίιὲιε
1063 4539 1129 4595 de
1177 4542 1444 4612 minutiis,
1485 4544 1695 4600 Viscera
1736 4549 1890 4603 nivea
1919 4585 1971 4646 υ
1997 4570 2094 4610 cur
2121 4554 2204 4610 isti
2235 4570 2340 4609 non
2363 4531 2470 4610 sint
2497 4556 2565 4610 ad
2591 4556 2908 4626 compendia
2937 4557 3191 4613 solvenda
3221 4557 3492 4616 munifici?
3517 4559 3584 4614 Et

305 4621 593 4646 -.:_,._‘:___.
627 4624 653 4646 ι,
669 4625 903 4646 Α-ιΑῌᾼΑμ
961 4643 977 4646 Α
995 4630 1059 4646 AH-
1078 4645 1085 4646 ί
1105 4641 1116 4646 ,
1225 4631 1236 4646 ι
1263 4631 1315 4646 ιιι
1369 4632 1392 4646 ιι
1453 4634 1464 4645 ο
1757 4639 1768 4646 ,
3054 4634 3061 4639 -

305 4621 595 4678 virentium
624 4624 936 4696 herbarum,
956 4630 1344 4699 scripturabilis
1366 4632 1551 4698 facies,
1577 4651 1695 4705 qua:
1716 4639 1894 4707 nigre-

303 4714 485 4772 dinem
533 4718 756 4789 suscipit
799 4720 866 4775 ad
913 4721 1166 4778 decorem
1201 4742 1214 4779 :
1257 4726 1347 4781 ubi
1384 4727 1626 4798 apicibus
1671 4731 1893 4789 elevatis

305 4813 685 4870 fecundissima
712 4817 997 4873 verborum
1027 4819 1264 4890 plantata
1297 4820 1491 4894 [ϐυ-ιιι,
1520 4823 1662 4897 Cuj.,
1685 4825 1807 4881 Niv.
1843 4837 1893 4882 et

307 4903 436 4972 0a.,
479 4907 794 4981 plantatrix]
825 4925 980 4980 seges
1006 4911 1242 4970 fructum
1289 4918 1559 4973 mentibus
1588 4921 1748 4976 toties
1768 4936 1894 4978 sua-

307 4997 584 5052 vissimum
609 5000 804 5067 reddit,
836 5003 1048 5071 quoties
1074 5003 1398 5061 desiderium
1428 5009 1642 5066 lectoris
1671 5011 1892 5068 invene-

307 5086 378 5141 rit
408 5103 420 5139 :
447 5087 804 5146 humanorum
831 5101 1043 5148 actuum
1073 5110 1292 5154 servans
1314 5097 1471 5155 ﬁdele
1496 5101 1886 5170 testimonium,

308 5181 702 5249 praeteritorum
729 5184 945 5255 loquax,
977 5187 1262 5247 oblivionis
1298 5192 1536 5251 inimica.
1586 5195 1720 5252 Nam
1769 5214 1886 5255 me-

308 5271 481 5326 moria
509 5281 713 5342 nostra,
743 5275 843 5330 etsi
881 5291 1068 5333 causas
1114 5281 1330 5347 retinet,
1353 5286 1518 5340 verba
1546 5297 1834 5345 commutat
1870 5309 1885 5346 :

306 5358 420 5446 illic
443 5369 620 5419 autem
648 5379 835 5421 secure
859 5369 1154 5438 reponitur,
1187 5372 1333 5441 quod
1371 5389 1585 5446 semper
1607 5380 1890 5448 aequaliter

310 5452 579 5511 audiatur.
620 5454 957 5530 Quapropter
1003 5459 1316 5532 deputatam
1357 5481 1623 5525 summam
1651 5477 1733 5527 tot
1759 5471 1892 5528 soli-

386 5660 412 5689 ι
438 5652 572 5708 Vide
597 5652 785 5732 Isidor.
816 5652 989 5732 Etym.
1030 5655 1122 5712 lib.
1150 5671 1221 5725 vt,
1256 5674 1374 5732 cap.
1423 5662 1528 5730 10;
1581 5662 1736 5721 Ovid.
1786 5666 1881 5723 lib.

311 5719 563 5808 actam”
606 5725 703 5808 ubi
751 5725 837 5808 de‘
861 5719 1111 5808 Daphne;
1159 5719 1411 5808 sanctum
1455 5719 1890 5808 Hieronymi—ad

313 5792 784 5880 yi‘ccatn;IAleiin_..
809 5792 972 5862 Aviti,
1006 5792 1127 5880 pag“.
1160 5800 1256 5880 ’ὅτις
1290 5810 1344 5856 et
1372 5792 1719 5875 Cassiodqdin
1749 5792 1890 5880 prte-

312 5863 407 5921 fat.
438 5865 529 5921 lib.
559 5866 626 5922 de
655 5866 848 5934 Artilx,
878 5863 1146 5941 pag-558.
1178 5863 1370 5930 Juiuar.

1995 4649 2118 4704 ideo
2155 4648 2342 4703 ambos
2369 4647 2551 4704 titulos
2580 4649 2633 4704 in
2661 4664 2836 4704 assem
2877 4651 3147 4721 publicum
3186 4651 3294 4721 jam
3335 4652 3584 4708 redactos

1993 4740 2267 4810 diligentia
2297 4749 2386 4794 tua
2409 4740 2622 4798 statutis
2649 4741 2975 4797 illationibus
2998 4745 3322 4812 procuravit,
3352 4759 3421 4798 ne
3448 4744 3584 4800 meis

1995 4831 2327 4902 temporibus
2379 4830 2713 4902 negligentes
2762 4847 2882 4888 esse
2931 4833 3230 4900 videantur,
3274 4834 3365 4902 qui
3394 4833 3583 4888 alienis

1995 4923 2342 4993 dignitatibus
2369 4922 2618 4977 laudabili
2669 4922 2980 4992 integritate
3009 4930 3321 4995 paruerunt.
3355 4923 3488 4977 Nam
3514 4923 3581 4977 li-

1993 5026 2081 5072 cet
2101 5024 2155 5071 et
2183 5015 2313 5070 alias
2334 5015 2639 5085 provincias
2661 5015 2956 5071 studuerim
2979 5015 3222 5082 reficere,
3245 5014 3377 5069 nihil
3401 5022 3581 5072 tamen

1990 5108 2045 5164 in
2071 5107 2190 5163 aliis
2215 5105 2329 5180 [Ac.
2361 5114 2409 5160 et
2437 5105 2555 5160 Cor.
2576 5148 2591 5174 ,
2626 5104 2723 5160 (ἔα.
2745 5147 2760 5173 ,
2796 5107 2920 5178 illis]
2961 5115 3143 5162 actum
3184 5112 3269 5160 est
3307 5098 3452 5174 quod
3479 5121 3580 5161 vo-

1991 5199 2180 5255 luerim
2219 5197 2511 5253 vindicare.
2561 5195 2855 5253 Senserunt
2909 5187 2998 5253 me
3039 5196 3275 5266 judicem
3303 5210 3480 5262 suum,
3523 5204 3582 5252 et

1990 5291 2184 5363 quibus
2210 5289 2450 5359 privatus
2480 5288 2547 5343 ab
2573 5289 2688 5345 avis
2716 5289 2995 5362 atavisque
3021 5287 3216 5358 profui,
3239 5287 3477 5343 vivacius
3505 5288 3582 5343 ni-

1991 5396 2081 5436 sus
2109 5395 2225 5435 sum
2254 5379 2389 5434 meis
2429 5376 2662 5434 fascibus
2699 5378 2970 5448 adjuvare,
3013 5385 3072 5434 ut
3099 5392 3187 5434 me
3227 5387 3582 5450 agnoscerent

1989 5473 2224 5530 retinere
2246 5469 2498 5527 affectum
2535 5470 2755 5542 patriae,
2799 5485 2937 5540 quos
2976 5469 3032 5527 in
3076 5471 3212 5529 meis
3237 5470 3581 5544 provectihus

2060 5669 2088 5707 ι’
2135 5666 2308 5740 Rudia
2371 5680 2490 5740 esse
2542 5681 2724 5740 rerum
2758 5667 3019 5740 omnium
3073 5668 3334 5739 principia
3389 5669 3583 5740 probat

1996 5737 2200 5794 Seneca
2223 5738 2378 5809 epist.
2413 5736 2509 5809 96;
2556 5735 2799 5794 fElianus
2826 5735 3106 5795 Variarum
3159 5735 3442 5797 llis'toria'r.
3487 5742 3579 5796 lih.

1998 5826 2068 5884 gr,
2123 5809 2210 5863 ubi
2258 5807 2330 5884 de
2383 5807 3041 5884 p_iclura;‘_etdpuleius,
3098 5811 3190 5868 lib.
3247 5828 3302 5881 t;
3351 5811 3581 5884 Florid.,

1997 5879 2259 5950 Pancgyr.
2285 5877 2497 5932 Maxim.
2525 5894 2578 5948 ν.
2611 5878 2734 5935 270.
2760 5877 2948 5936 Jt'uur.
