3998 6344
464 262 558 329 εδ,
1677 254 1746 307 Μ.
1787 254 2062 308 Αωωωι
2100 258 2494 315 αλιδδιυιωιιι

3619 272 3727 331 852

465 374 764 434 sentiebam
795 388 1058 447 propensa
1107 373 1466 433 exsultatione
1510 376 1764 446 gaudere.
1816 378 2046 435 Pareant
2073 380 2117 440 Α
2149 378 2285 445 Quid
2321 386 2535 453 semper
2582 385 2765 441 inferis
2807 385 3057 442 laboras?
3101 387 3400 457 Aliquando
3437 394 3493 446 et
3520 399 3727 464 superis

467 479 595 534 ergo
626 479 732 518 non
754 464 1122 534 compulsione
1145 465 1342 534 aliqua,
1375 465 1468 522 sed
1498 481 1681 521 amore
1707 485 1718 519 :
1752 468 1965 536 quando
1996 476 2050 523 et

466 555 606 612 hanc
649 571 911 612 summam
952 558 1055 612 illis
1084 557 1271 624 minui,
1300 572 1417 626 qua:
1447 558 1658 613 solebat
1685 557 1883 614 offerri.
1916 559 2046 616 Nam

467 666 588 707 cum
620 647 762 704 mille
784 648 999 706 ducenti
1023 650 1178 707 solidi
1209 650 1398 706 annuis
1417 651 1848 720 prmstationibus
1871 652 2049 707 solve-

465 755 670 809 rentur,
700 743 767 800 ad
796 743 942 799 mille
969 759 1064 800 eos
1105 744 1252 814 regia
1278 743 1523 812 largitate
1548 744 1824 811 revocavi;
1857 754 1916 800 ut
1956 760 2051 801 ex-

466 834 730 893 sultarent
774 835 1091 917 gaudiorum
1134 834 1424 892 crementis
1468 833 1537 890 de
1582 833 1837 893 oneribus
1876 835 2050 897 immi-

466 927 632 985 nutis.

1033 1150 1382 1190 INDULGENTIA
1408 1143 1456 1189 ⁸.

470 1246 698 1301 Senator
737 1246 923 1302 multos
952 1248 1005 1302 in
1044 1247 1333 1319 carceribus
1370 1247 1599 1303 delentes
1640 1248 1828 1319 pietate
1869 1246 2049 1300 ductus

1152 1318 1353 1374 liberat.

542 1429 797 1497 Quamvis
846 1444 1041 1485 nomen
1090 1430 1261 1499 ipsum
1305 1429 1496 1500 judicis
1542 1430 1774 1487 dicatum
1802 1428 2051 1485 videatur

469 1533 589 1573 esse
614 1518 853 1588 justitite,
883 1526 938 1574 et
968 1519 1130 1573 totius
1160 1521 1285 1574 anui
1312 1521 1539 1574 orbitam
1567 1521 1833 1590 mquitatis
1856 1520 2049 1589 jubea—

471 1626 594 1665 rnur
619 1609 893 1665 ambulare
924 1610 1179 1679 vestigiis,
1214 1611 1295 1666 his
1326 1620 1501 1667 tamen
1532 1612 1719 1667 dichus
1749 1612 1799 1667 in
1830 1610 2052 1666 domici-

472 1699 599 1753 lium
642 1699 855 1769 pietatis
901 1700 1020 1768 jure
1048 1698 1395 1767 deflectimus,
1430 1712 1488 1757 ut
1532 1701 1601 1756 ad
1634 1702 2048 1773 Redemptorcm

2152 472 2339 527 milita.
2368 472 2544 530 Otium
2575 477 2668 530 tibi
2686 477 2921 532 clemens
2948 487 3097 534 actus
3138 479 3338 536 indicit.
3375 481 3475 548 Qui
3513 485 3727 555 justitiac

2152 564 2466 620 inexorabili
2513 568 2763 637 excubat,
2794 584 3011 623 necesse
3039 579 3123 625 cst
3146 580 3205 625 ut
3230 588 3351 629 eum
3384 574 3554 644 pietas
3581 577 3728 633 heni-

2150 671 2251 727 gna
2294 658 2570 731 discingat.
2629 660 2691 717 Et
2741 662 2861 718 ideo
2904 663 3037 718 cella
3065 667 3358 735 gemituum
3396 680 3458 735 ε,
3502 672 3728 729 tristitiae

2151 750 2361 817 domus,
2394 754 2534 825 apud
2562 770 2784 828 superos
2818 754 3057 813 Plutonis
3087 759 3395 830 hospitium,
3429 761 3581 819 locus
3610 781 3729 834 per-

2150 852 2310 916 petua
2328 856 2487 902 nocte
2508 856 2757 915 eaccatus,
2784 848 2996 905 tandem
3020 849 3284 908 iufusione
3305 854 3438 910 lucis
3458 855 3721 911 albescat:

2152 938 2204 994 in
2234 954 2340 1009 quo
2369 954 2476 994 non
2506 956 2667 994 unum
2700 949 3022 996 tormentum
3052 945 3280 1000 sustinet
3308 961 3462 1015 reus,
3492 949 3581 1017 qui
3631 965 3726 1003 an-

2152 1040 2367 1103 tequam
2419 1033 2655 1089 incurrat
2684 1036 2829 1091 necis
2866 1036 3069 1102 exitus,
3110 1052 3140 1092 a
3180 1040 3427 1109 supernis
3470 1040 3729 1113 probatur

2152 1122 2433 1179 abscissus.
2484 1124 2718 1182 Primum
2761 1126 2931 1197 pedor
2981 1127 3103 1198 ille,
3145 1130 3350 1199 collega
3390 1142 3723 1200 catenarmu,

2151 1213 2493 1270 abominabili
2524 1233 2754 1273 mmrore
2773 1217 3087 1287 discruciat;
3112 1220 3346 1275 auditum
3370 1222 3531 1278 alieni
3560 1225 3725 1293 gemi-

2152 1313 2235 1363 tus
2264 1314 2319 1360 et
2346 1306 2577 1362 lamenta
2602 1308 2953 1377 conturbant;
2985 1320 3195 1379 gustum
3224 1310 3423 1381 jejunia
3450 1314 3611 1383 longa
3639 1314 3728 1369 dc-

2151 1395 2393 1464 bilitant;
2449 1406 2644 1453 tactum
2687 1399 2923 1471 pondera
2976 1405 3273 1473 prementia
3319 1405 3615 1475 dcfatigant
3664 1407 3725 1476 ‘1;

2151 1486 2350 1543 lumina
2380 1489 2597 1546 diutinis
2624 1493 2858 1547 tenebris
2886 1493 3075 1551 obtusa
3122 1502 3453 1566 torpescunt.
3500 1500 3615 1555 Non
3650 1510 3726 1556 est

2152 1595 2313 1634 unum
2342 1580 2535 1638 clausis
2557 1584 2807 1653 exitium;
2832 1585 3115 1642 multifaria
3132 1596 3303 1645 morte
3322 1592 3617 1661 perimitur,
3640 1596 3727 1663 qui

2152 1673 2384 1728 carceris
2403 1675 2651 1745 squalore
2667 1686 2964 1749 torquetur.
2984 1678 3135 1736 Nunc
3150 1696 3278 1751 ergo
3300 1700 3421 1738 reos
3433 1684 3500 1739 de
3517 1687 3727 1741 Averno

426 1842 433 1845 ,
472 1788 712 1843 omnium
740 1789 1071 1844 remissionis
1121 1790 1310 1845 itinere
1340 1792 1621 1861 pervenire
1659 1794 1941 1862 possimus.
1975 1792 2053 1848 Ex
2085 1762 2129 1822 Β
2159 1770 2249 1817 luo
2269 1766 2421 1837 18⁷
2446 1766 2679 1862 “dum?
2700 1767 2910 1836 emine;
2936 1770 3153 1827 redeam
3174 1771 3238 1827 ad
3261 1789 3509 1845 superost
3533 1779 3623 1847 qui
3665 1794 3727 1833 εί

473 1878 576 1934 hac
603 1879 743 1933 enim
769 1879 965 1935 virtute
987 1881 1332 1938 suavissimos
1374 1883 1577 1939 fructus
1607 1884 1857 1954 legimus,
1888 1892 1943 1939 et
1969 1900 2054 1940 re-

476 1971 743 2026 mittendo
773 1970 892 2027 aliis
921 1972 1075 2028 nobis
1134 1973 1419 2045 parcimus.
1478 1973 1609 2029 Nam
1639 1975 1727 2044 qui
1757 1976 2078 2047 periculose.

462 2060 593 2132 justi
617 2078 819 2127 sumus.
840 2063 938 2118 sub
961 2065 1248 2120 securitate
1268 2082 1480 2137 semper
1501 2067 1823 2138 ignoscimus
1838 2067 1887 2122 δ.
1907 2068 2050 2136 Qua-

468 2162 690 2225 propter
715 2171 903 2224 pmnas
932 2156 1272 2223 abdicamus,
1317 2166 1582 2213 tormenta
1623 2158 1965 2227 damnamus,
1998 2168 2054 2217 et

469 2251 598 2300 tunc
631 2260 757 2300 vere
798 2245 1004 2316 judices
1058 2265 1259 2303 sumus.
1310 2248 1481 2303 Macte
1522 2249 1879 2319 indulgentia,
1934 2266 2052 2320 quae

469 2334 633 2390 solvis
659 2345 713 2391 et
740 2338 935 2408 prrcsul
974 2353 1049 2394 es.
1094 2338 1175 2394 Tu
1216 2347 1439 2413 patrona
1467 2341 1682 2396 humani
1711 2342 1949 2409 generis,
1996 2351 2050 2398 tu

470 2423 682 2483 aﬂlictis
708 2429 869 2484 rebus
896 2430 1101 2486 medica
1131 2432 1256 2507 [ed..
1282 2433 1563 2507 medicina]
1594 2434 1891 2504 singularis.
1924 2435 2053 2503 Quis

470 2524 565 2572 tuo
594 2533 701 2573 non
729 2528 886 2587 egeat
914 2536 1170 2591 munere,
1210 2539 1331 2579 cum
1372 2525 1441 2580 sit
1477 2540 1701 2597 peccare
1730 2530 2051 2584 commune?

469 2609 551 2665 Ab
575 2610 836 2667 universis
862 2615 1166 2669 necessario
1193 2616 1419 2685 peteris;
1461 2616 1675 2686 quando
1703 2618 1802 2673 sub
1848 2626 1901 2674 te
1928 2636 2051 2691 spes

465 2706 593 2761 vita:
613 2708 857 2773 sumitur,
875 2722 992 2778 quae
1016 2709 1115 2764 sub
1140 2710 1343 2781 justitia
1366 2727 1474 2765 non
1496 2712 1740 2767 habetur.
1768 2712 1899 2769 Nam
1924 2714 2051 2771 dum

472 2798 636 2855 tribus
679 2800 795 2855 aliis
842 2802 1115 2859 sororibus
1160 2803 1363 2859 caelesti
1403 2805 1574 2875 gratia
1621 2806 1943 2879 perfruaris,
1996 2816 2052 2864 et

467 2891 682 2947 amabili
709 2892 1103 2963 amplexatione
1144 2896 1453 2962 nectamiui,
1485 2912 1672 2953 omnes
1715 2898 1807 2954 tibi
1835 2899 2048 2971 (quam-

467 2985 549 3040 vis
576 2995 632 3041 et
654 2986 781 3056 ipsa:
809 2987 1034 3044 virtutes
1061 2987 1187 3059 sint)
1220 2988 1608 3045 honorabiliter
1634 2990 1845 3059 cedunt,
1879 3007 2049 3061 quatt-

467 3076 536 3132 do
580 3086 633 3132 te
682 3077 916 3132 humano
946 3078 1124 3149 generi
1157 3079 1483 3135 salutiferam
1534 3097 1652 3138 esse
1695 3092 2043 3152 cognoscunt,

2154 1871 2345 1925 magna
2390 1868 2541 1929 parte
2584 1858 2783 1916 inferos
2814 1862 3179 1933 pertulerunt;
3211 1866 3345 1920 atria
3378 1876 3465 1922 tua
3493 1870 3728 1924 vacuita.

2155 1948 2295 2004 tibus
2332 1949 2671 2021 impleantur.
2705 1950 2879 2008 Locus
2914 1953 3001 2009 ille
3031 1958 3342 2027 perennium
3375 1958 3727 2030 lacrymarum

2154 2043 2421 2113 quondam
2470 2046 2652 2116 tristes
2699 2046 2901 2102 incolas
2926 2048 3133 2119 perdat.
3180 2050 3295 2105 Non
3326 2061 3451 2107 sunt
3492 2054 3613 2109 inde
3642 2057 3728 2124 qui

2154 2133 2258 2189 laeti
2298 2143 2448 2201 sunt;
2481 2135 2572 2205 qui
2604 2144 2743 2193 tunc
2777 2138 3017 2207 profecto
3047 2138 3261 2195 habebit
3290 2144 3542 2212 gratiam,
3566 2145 3609 2199 si
3637 2145 3728 2201 de-

2153 2236 2329 2283 sertus
2357 2235 2633 2299 appareat.
2665 2227 2843 2296 Exite,
2884 2230 3093 2300 inclusi,
3142 2231 3316 2288 vicina
3365 2244 3543 2291 morte
3590 2252 3729 2291 sem-

2154 2337 2252 2393 per
2276 2322 2568 2393 pallentes;
2617 2323 2786 2379 redite
2824 2323 2892 2379 ad
2930 2324 3124 2393 lucem,
3156 2341 3292 2397 quos
3320 2328 3617 2396 caligantes
3652 2339 3725 2385 lc-

2154 2414 2333 2468 nebrte
2360 2414 2721 2485 possidebant,
2762 2415 2891 2470 nihil
2931 2413 3158 2489 amplius
3197 2426 3379 2489 optata
3408 2428 3586 2475 morte
3614 2437 3729 2490 pas-

2154 2510 2284 2577 suri,
2318 2510 2418 2565 nisi
2446 2508 2586 2582 quod
2617 2509 2789 2567 adhuc
2832 2512 3088 2583 poteratis
3117 2512 3307 2568 occidi.
3342 2512 3452 2568 Sed
3479 2530 3603 2580 vos,
3635 2515 3721 2584 qui

2154 2603 2297 2658 nulla
2328 2600 2533 2659 debetis
2556 2602 2845 2658 ambitione
2863 2602 2971 2675 jam
2997 2602 3187 2675 decipi,
3219 2603 3411 2659 delicta
3444 2606 3727 2675 relinquite

2154 2714 2274 2756 cum
2303 2698 2524 2763 catenis,
2569 2696 2775 2752 dierum
2803 2696 3076 2752 beneliciis
3105 2696 3356 2753 absoluti.
3391 2697 3566 2753 Vivite
3597 2715 3730 2753 nunc

2152 2794 2397 2856 honeste,
2431 2791 2520 2863 qui
2568 2789 2829 2847 didicistis
2866 2791 3182 2862 superstites
3221 2791 3379 2845 mori.
3411 2790 3729 2859 Cognoscite

2154 2901 2312 2957 quam
2340 2882 2663 2940 benclicialis
2691 2884 2760 2939 sit
2781 2884 2922 2939 bona
2953 2883 3319 2948 conversatio;
3352 2884 3519 2939 altera
3545 2894 3733 2940 contu-

2153 2977 2215 3032 lit
2242 2977 2572 3033 teterrimum
2604 2991 2897 3045 carcerem,
2937 2975 3052 3030 hcce
3090 2974 3239 3030 novit
3277 2974 3617 3047 splendidam
3646 2976 3733 3030 tri-

2152 3070 2320 3126 buere
2370 3069 2703 3136 libertatem;
2755 3068 2854 3123 ista
2900 3067 3171 3139 praestabit
3218 3075 3277 3122 ut
3324 3068 3502 3123 velitis
3532 3070 3732 3136 vivere,

465 3168 573 3224 Sed
599 3169 727 3240 quid
758 3178 961 3224 tantum
990 3170 1057 3225 de
1088 3181 1298 3226 terrena
1330 3172 1739 3228 conversatione
1764 3173 2006 3229 dicamus
2029 3175 2051 3230 ‘?
2077 3161 2126 3226 α
2158 3164 2246 3219 illa
2272 3163 2415 3219 ded“
2445 3170 2503 3217 ιη
2530 3162 2798 3232 eligeretis
2831 3161 2940 3232 iam
2984 3163 3182 3233 Del‘irc-
3226 3161 3281 3216 Si
3340 3161 3488 3232 19305
3539 3164 3732 3215 35ml"

466 3256 647 3315 Pietas
689 3267 793 3325 est,
832 3274 949 3330 qua:
996 3260 1133 3329 regit
1160 3267 1213 3314 et
1242 3261 1428 3316 caelos.
1478 3259 1522 3314 Ο
1559 3261 1604 3316 si
1645 3270 1822 3317 tecum
1867 3262 2053 3320 liceret

468 3349 643 3419 longis
666 3350 995 3420 temporibus
1020 3351 1295 3407 habitare!
1342 3350 1509 3406 Totus
1533 3352 1905 3410 excluderetur
1933 3371 2053 3411 rea-

471 3450 556 3498 tus
570 3482 585 3509 ,
610 3451 663 3497 et
682 3442 955 3515 parcendo
973 3441 1126 3499 ﬁeret
1144 3452 1203 3498 ut
1218 3442 1397 3499 Parca:
1412 3443 1875 3517 tollerentur[alii,
1892 3460 2052 3518 parce

468 3532 794 3605 tolleretur].
821 3533 927 3589 Sed
940 3534 1401 3605 providentissime
1422 3542 1569 3588 tanta
1591 3549 1677 3589 res
1692 3535 1856 3590 sacris
1878 3535 2052 3592 solum

473 3626 803 3698 temporibus
830 3627 1039 3683 videtur
1061 3643 1178 3683 esse
1206 3642 1482 3696 concessa,
1512 3635 1571 3683 ut
1592 3629 1794 3700 gratius
1822 3629 2053 3685 mundus

468 3719 738 3791 acciperet
769 3719 910 3775 unde
948 3735 1044 3790 pro
1089 3735 1268 3774 rerum
1315 3719 1556 3775 novitate
1604 3719 1879 3789 gauderet.
1909 3720 2050 3787 Qua-

468 3818 692 3882 propter
737 3810 946 3867 abstine
991 3811 1232 3880 noxiam,
1282 3811 1461 3883 lictor,
1508 3814 1761 3881 securim,
1813 3813 1898 3868 cui
1927 3812 2054 3869 licet

473 3904 690 3973 impune
719 3900 896 3959 facere
921 3903 1067 3973 quod
1114 3903 1166 3958 iu
1214 3903 1331 3960 aliis
1373 3905 1713 3974 cognosceris
1752 3906 2051 3973 vindicare;

470 4008 588 4048 ama
633 3994 905 4064 paulisper
951 3994 1148 4049 ferrum
1197 3994 1566 4065 splendidum,
1612 4011 1721 4051 non
1751 4005 2051 4053 cruentum.

467 4083 700 4141 Catenas
727 4093 843 4141 tuas
873 4086 1123 4157 lacrymis
1150 4085 1392 4142 madidas
1421 4084 1627 4143 felicior
1658 4086 1848 4156 rubigo
1886 4087 2055 4143 susci-

468 4178 616 4248 piat’;
644 4177 773 4232 illud
821 4177 999 4248 potius
1025 4177 1295 4244 reconde,
1327 4178 1469 4249 quod
1507 4178 1715 4233 solebat
1755 4177 2050 4235 includere.

468 4269 746 4326 Auditoria
785 4268 1032 4325 feralium
1059 4285 1248 4327 vocum
1276 4271 1498 4327 meliore
1542 4277 1689 4327 sorte
1731 4278 2051 4327 mutescant.

469 4357 565 4415 Sic
591 4374 780 4416 revera
824 4376 1019 4417 nomen
1073 4361 1340 4428 custodis,
1372 4361 1489 4419 sine
1528 4361 1791 4419 mortibus
1843 4361 2052 4420 alienis.

543 4611 569 4640 α
608 4600 796 4672 Exstat
816 4600 946 4657 Cod.
980 4600 1185 4657 Theod.
1216 4601 1306 4658 tib.
1357 4617 1434 4672 ix,
1493 4603 1574 4658 tit.
1624 4602 1714 4669 39,
1763 4603 1831 4660 de
1882 4604 2051 4667 indul-

470 4671 683 4745 gentiis.
752 4670 1080 4745 Hic__autem
1126 4682 1351 4745 propter
1397 4670 1567 4745 sancti
1617 4671 1892 4745 Paschatis
1943 4676 2050 4735 diei

471 4744 733 4807 laetitiam,
762 4750 816 4797 et
841 4741 929 4795 lib.
975 4759 1050 4803 ιιι.
1098 4741 1171 4810 tv,
1199 4741 1274 4811 vi,
1321 4742 1452 4798 Cod.
1481 4743 1686 4799 Theod.
1721 4743 1929 4813 Religio
1961 4762 2050 4801 an-

468 4815 776 4869 niversaria:
823 4814 1211 4869 obsecrationis
1266 4824 1518 4880 vocatur,
1570 4815 1662 4869 lib.
1715 4831 1807 4870 vn.
1860 4816 1926 4871 Et
1979 4819 2048 4873 ob

468 4885 855 4955 rempublicam
907 4884 1185 4955 tyrannide
1222 4884 1526 4954 liberatam,
1567 4886 1657 4940 lib.
1711 4887 1804 4941 ult.
1834 4886 1941 4942 Sed
1996 4896 2049 4943 et

468 4958 537 5015 ob
556 4964 770 5081 pnituit}:
794 4954 967 5080 Chrispi
983 4955 1261 5012 etllelenze
1281 4955 1664 5013 Constantinus
1681 4955 1919 5026 indulsit,
1953 4958 2046 5017 lib.

468 5038 516 5081 ι.
547 5040 612 5081 eo
655 5070 668 5081 .
729 5045 739 5079 ι
775 5068 784 5077 .
860 5043 981 5081 onx.

467 5038 516 5096 ι,
547 5026 668 5083 éod.
704 5027 784 5080 tit.
819 5026 981 5082 Fonx.

541 5097 590 5170 ιζ
609 5097 697 5151 Ait
724 5096 1043 5153 Plutarchus
1082 5096 1343 5170 justitiam
1371 5097 1630 5167 virginem
1658 5096 2041 5170 incorruptam,

467 5169 717 5242 pudicam
764 5185 862 5224 seu
904 5167 1282 5242 verecundam,
1328 5176 1720 5242 temperantem
1767 5184 1836 5242 ac
1862 5167 2045 5242 utilem

469 5238 589 5297 esse
618 5248 887 5310 oportere.
921 5238 1184 5295 Prmterea
1211 5239 1430 5310 justitize
1446 5238 1709 5295 comitem
1734 5239 2043 5310 pudicitiam

468 5307 703 5380 assignat
728 5307 1043 5382 Juveu.lib.
1089 5327 1125 5365 ιι
1154 5307 1331 5382 Satyr.
1377 5309 1490 5382 lloc
1518 5318 1601 5382 est
1640 5307 2038 5378 verecundiam,

468 5379 619 5450 quasi
652 5382 839 5437 timere
868 5381 1062 5435 debeat
1097 5379 1364 5452 princeps,
1396 5381 1484 5450 qui
1508 5379 1681 5452 justus
1710 5393 1793 5435 est
1818 5392 1873 5452 et
1905 5383 2042 5452 poli-

468 5454 627 5515 ticus,
660 5468 765 5507 non
794 5460 853 5507 ut
881 5451 1127 5522 accipiat,
1167 5452 1262 5508 sed
1295 5459 1350 5506 ut
1396 5451 1831 5522 inferataliquod
1862 5451 2047 5507 subdi-

469 5524 541 5578 tis
564 5523 784 5589 malum,
819 5521 1236 5585 incommodum,
1271 5522 1536 5593 injuriam.
1567 5521 1895 5576 Verecundia
1945 5524 2048 5577 ita-

469 5609 578 5665 que
609 5594 829 5663 justitiae
857 5609 1040 5649 comes
1084 5595 1295 5665 dicitur,
1324 5594 1474 5665 quasi
1505 5593 1676 5647 vereri
1716 5608 1776 5647 ac
1806 5601 2047 5665 metuere

468 5662 766 5732 principem
797 5672 1061 5733 oporteat,
1091 5680 1157 5717 ne
1187 5664 1270 5718 cui
1292 5664 1622 5733 subditorum
1662 5670 1881 5729 temere,
1916 5662 2047 5720 falsa

470 5746 542 5787 ex
571 5749 729 5787 causa
774 5732 1039 5803 et’contra
1076 5734 1183 5803 jus,
1225 5750 1433 5802 pmuam
1482 5732 1684 5802 inlligat
1710 5750 1725 5799 ;
1756 5735 2047 5803 pnesertim

473 5816 601 5857 cum
621 5802 719 5857 sub
764 5802 1052 5859 securitate
1079 5802 1241 5858 etiam
1285 5806 1613 5873 ignoscatur,
1639 5812 1694 5860 et
1725 5803 1900 5874 justus
1926 5818 2045 5859 esse

2075 4553 2132 4614 D

2157 3264 2307 3327 gunt,
2347 3256 2569 3311 ulterius
2596 3271 2692 3310 vos
2722 3254 2897 3309 nullus
2926 3253 3165 3309 includit.
3194 3253 3413 3310 Secreta
3441 3257 3733 3325 pavescitc,

2156 3350 2223 3406 ad
2258 3350 2431 3406 forum
2470 3349 2585 3405 sine
2614 3347 2973 3421 trepidatione
3000 3347 3199 3403 venite.
3247 3346 3339 3401 Illa
3367 3345 3512 3417 justc
3541 3346 3734 3417 refugi-

2156 3446 2246 3515 tis,
2276 3461 2373 3518 per
2400 3460 2517 3518 qua:
2546 3443 2716 3513 tristia
2745 3441 3057 3514 pertulistis.
3106 3439 3362 3496 Mirentur
3390 3456 3489 3495 vos
3517 3440 3733 3507 liberos,

2156 3538 2247 3608 qui
2278 3536 2524 3591 viderunt
2560 3550 2701 3590 reos.
2728 3532 2915 3589 Odisse
2945 3533 3167 3600 debetis,
3212 3532 3353 3602 quod
3382 3548 3481 3588 vos
3521 3533 3738 3588 tradidit

2156 3630 2296 3687 neci.
2328 3627 2532 3683 Pecora
2578 3626 2691 3699 ipsa
2721 3626 2892 3682 vitare
2919 3633 3138 3691 norunt,
3181 3640 3298 3696 quzc
3328 3642 3386 3680 se
3416 3625 3622 3682 itCSlSSc
3650 3642 3737 3680 co-

2156 3731 2457 3795 gnoscunt;
2489 3723 2680 3778 itinera
2711 3721 2799 3775 illa
2837 3736 2945 3775 non
2992 3728 3261 3791 repetunt,
3307 3719 3396 3774 ubi
3442 3720 3495 3774 in
3526 3719 3734 3774 foveam

2156 3822 2493 3870 con-uerunt.
2549 3811 2788 3867 Tenaces
2834 3810 3057 3882 laqueos
3109 3809 3223 3865 avis
3268 3818 3423 3880 capta
3480 3809 3735 3876 declinat,

2155 3905 2446 3961 hmrentcm
2472 3904 2677 3960 viscum
2716 3903 2813 3958 alis
2840 3909 3085 3974 suspecta
3126 3917 3234 3957 non
3265 3901 3477 3957 insidet.
3521 3898 3737 3956 Pisceus

2157 3998 2314 4068 lupus
2362 3996 2537 4051 arenis
2584 4010 2642 4049 se
2687 3993 2959 4063 mollibus,
3006 4000 3066 4048 ut
3105 3990 3364 4064 plumbati
3394 3991 3488 4046 lini
3520 3991 3738 4045 insidias

2158 4088 2369 4155 evadat,
2399 4086 2701 4155 immergit:
2753 4085 2905 4155 cujus
2951 4091 3008 4139 ut
3063 4081 3387 4154 superducta
3440 4081 3580 4136 retia
3629 4081 3737 4153 ejus

2160 4192 2366 4252 tergum
2408 4179 2604 4236 frustra
2632 4178 2938 4243 diraserint,
2970 4177 3147 4232 alacer
3170 4176 3223 4232 iu
3255 4174 3424 4232 undas
3454 4175 3657 4239 exsilit,
3687 4181 3738 4229 et

2156 4276 2308 4333 vitati
2335 4274 2557 4348 periculi
2579 4272 2770 4343 gaudia
2798 4271 3055 4327 liberatus
3095 4269 3353 4341 agnoscit.
3389 4267 3592 4325 Scarus
3620 4283 3737 4324 esea

2156 4370 2436 4446 pellectus,
2464 4384 2586 4425 cum
2619 4366 2874 4438 junceum
2916 4380 3190 4423 carcerem
3236 4363 3463 4438 coeperit
3494 4364 3735 4437 introire,

2157 4608 2259 4665 nisi
2282 4606 2584 4679 periculose
2607 4617 2769 4679 nemo
2794 4602 2988 4679 possit.
3020 4601 3207 4679 Bnoss.

2231 4691 2251 4718 ο
2285 4666 2491 4735 Ὁποθι*
2517 4678 2569 4733 in
2603 4675 2779 4731 media
2796 4666 3049 4745 'primum
3096 4675 3248 4745 urbe,
3293 4666 3735 4745 foroimmincm

2152 4751 2445 4807 :cdilicatus
2473 4755 2571 4813 est,
2599 4755 2657 4802 ut
2697 4743 2926 4803 testatur
2957 4744 3171 4803 Livius:
3210 4743 3262 4798 in
3292 4754 3399 4811 quo
3422 4743 3735 4801 barathrum

2154 4820 2274 4887 fuit,
2305 4835 2414 4889 quo
2436 4818 2503 4873 ad
2542 4818 2785 4889 ultimutn
2808 4816 3134 4889 supplicium
3164 4823 3348 4889 sontes
3376 4813 3618 4870 damnati
3648 4819 3735 4889 de-

2153 4884 2526 4958 trudebantur,
2555 4888 2700 4958 quod
2722 4884 3024 4958 Tullianum
3073 4884 3514 4958 nuncupabatur;
3542 4903 3647 4955 qua
3674 4888 3736 4939 de

2152 4978 2214 5019 re
2251 4963 2373 5018 vide
2403 4956 2680 5016 Dionflib.
2714 4972 2856 5013 XLVI.
2888 4956 2979 5013 Est
3017 4958 3183 5022 locus,
3234 4956 3403 5024 inquit
3432 4958 3733 5023 Sallustius,

2163 5034 2218 5089 in
2268 5047 2503 5099 carcere,
2533 5031 2623 5101 qui
2653 5028 2927 5085 Tullianus
2954 5029 3301 5101 appellatur,_
3335 5027 3423 5081 ubi
3464 5029 3734 5101 paululum

2158 5097 2581 5166 ascenderis,'ad
2611 5101 2797 5156 laevam
2837 5097 3051 5155 circiter
3079 5097 3360 5153 duodecim
3391 5097 3556 5167 pedes
3589 5100 3730 5152 humi

2154 5176 2459 5245 depressus,
2508 5189 2630 5228 eum
2668 5171 3211 5245 _Inuniunt_uuc_liq_ue
3267 5167 3535 5245 parietes;
3577 5178 3734 5245 atque

2156 5239 2376 5315 insuper
2405 5239 2622 5301 camera
2666 5242 2909 5315 lapideis,
2942 5240 3233 5295 fornicibus
3271 5239 3479 5315 juncta,
3529 5241 3624 5315 sed
3655 5241 3734 5315 in-

2154 5310 2297 5373 culta
2329 5317 2581 5381 tenebris,
2612 5310 2781 5369 odore
2809 5310 2973 5379 fmda,
3019 5322 3181 5383 atque
3229 5310 3484 5367 terribilis
3510 5311 3626 5381 ejus
3653 5310 3730 5364 fa-

2150 5388 2259 5443 cies
2284 5397 2383 5442 cst.
2424 5386 2612 5441 Bnoss.

2225 5456 2250 5495 ἀ
2292 5457 2367 5511 De
2397 5459 2477 5512 his
2508 5459 2597 5511 lib.
2632 5471 2686 5511 ιιι
2715 5453 2775 5509 C.
2806 5452 3037 5521 Theod.;
3069 5453 3135 5508 de
3165 5453 3460 5508 exactorib.
3496 5452 3562 5507 Et
3592 5450 3729 5524 apud

2155 5527 2275 5583 Aul.
2300 5527 2548 5588 Gellium,
2583 5528 2677 5581 lih.
2712 5542 2801 5593 xx,
2826 5541 2944 5594 cap.
2983 5525 3031 5580 l.
3067 5524 3182 5578 Alia
3212 5540 3369 5578 erant
3395 5527 3631 5593 pondera
3655 5527 3729 5577 la—

2193 5601 2374 5663 idum,
2444 5600 2636 5668 quibus
2682 5596 2951 5668 aggravati
3000 5605 3272 5668 martyres
3300 5604 3608 5668 erant,_ut
3656 5595 3732 5648 ait

2193 5616 2374 5663 ltllﬂll,
2444 5616 2636 5668 QUIBUS
2682 5616 2951 5667 a'gravau
3000 5616 3262 5668 Illal'lyres
3300 5616 3493 5661 erant,
3552 5616 3608 5649 ιιι
3656 5616 3725 5648 au

2154 5616 2348 5793 Enimn.
2384 5671 2434 5725 in
2485 5669 2627 5725 diem
2678 5616 2745 5722 ιδ
2795 5665 3069 5738 Septemb.
3121 5666 3175 5723 in
3225 5664 3446 5739 Martyr.
3501 5665 3725 5724 Roman.

2188 5756 2344 5795 l'liil'l‘.
