3998 6344
1519 302 1880 364 VARIARUM
1919 295 2120 354 LIBER
2159 296 2271 354 Xli.

3441 304 3553 380 85‘

271 442 403 486 mox
428 432 488 482 ut
515 423 582 480 ad
609 435 668 478 se
695 421 916 478 exitium
945 431 1099 480 suum
1139 420 1424 478 invitatum
1455 421 1621 480 fuisse
1657 435 1860 492 cogno-
1887 431 1935 491 Α
1961 433 2166 476 camus.
2195 417 2389 476 Patere
2428 419 2646 491 pmnale
2680 419 3036 484 secretarium
3058 429 3205 478 tuum
3235 420 3552 484 innocenter

271 519 432 584 verit,
461 517 516 572 in
566 512 798 570 caudam
847 511 1064 579 labitur,
1123 512 1383 582 paulatim
1422 527 1484 569 se
1512 512 1582 570 ab
1625 519 1856 582 angusto

269 609 595 669 subducens.
643 605 813 674 Quem
844 605 888 660 si
914 605 1051 661 alter
1077 603 1316 675 ejusdem
1341 605 1557 676 generis
1581 621 1854 677 cognove-

268 703 342 759 rit
369 699 655 766 irretitum,
705 706 948 752 extrema
977 695 1094 766 ejus
1134 696 1405 753 mordicus
1445 697 1644 764 trahit;
1676 705 1737 753 ut
1761 697 1854 767 qui

267 792 369 850 sibi
397 799 587 860 captus
645 805 752 844 non
807 795 988 860 potest
1037 788 1343 852 subvenire,
1391 788 1614 844 alterius
1661 787 1856 845 solatio

269 885 527 958 probetur
553 881 800 940 evadere.
831 884 920 938 Sic
960 893 1015 938 et
1041 882 1186 937 sauri
1215 890 1462 952 argutum
1501 881 1732 953 piscium
1770 895 1858 951 ge-

271 994 393 1046 nus,
417 993 447 1032 a
475 975 761 1033 velocitate
788 974 1071 1043 nominati,
1103 989 1224 1029 cum
1249 989 1307 1030 se
1335 975 1387 1028 in
1409 973 1628 1031 insidias
1656 989 1862 1030 neruo—

271 1086 355 1127 sas
383 1067 709 1140 impulerint,
754 1065 905 1138 quasi
934 1065 1252 1136 quibusdam
1282 1063 1495 1122 funibus
1524 1065 1862 1136 mquabiliter

268 1161 476 1230 illigati,
503 1160 630 1214 totis
661 1158 864 1213 nisibus
897 1159 1170 1213 trahentes
1201 1165 1518 1225 retrorsum,
1551 1157 1733 1214 socios
1763 1173 1861 1213 co-

269 1260 469 1307 nantur
498 1251 728 1306 liberare
757 1251 1017 1320 captivos.
1047 1248 1208 1304 Plura
1235 1256 1382 1315 sunt,
1413 1249 1458 1304 si
1491 1248 1616 1303 talia
1644 1249 1857 1320 perqui-

266 1357 476 1404 rantur.
506 1346 695 1404 Omnia
726 1346 869 1402 enim
899 1360 1015 1417 quae
1060 1353 1285 1417 possunt
1323 1344 1524 1399 habere
1563 1347 1856 1412 contraria,

268 1441 442 1496 facilis
472 1456 627 1496 casus
648 1439 973 1504 absumeret,
1005 1437 1050 1491 si
1073 1451 1256 1492 curam
1279 1434 1474 1492 salutis
1495 1434 1727 1506 propria:
1751 1447 1858 1489 non

266 1534 550 1590 haberent.
579 1531 660 1587 Ad
691 1539 743 1588 te
777 1531 1135 1587 claustrorum
1164 1528 1476 1600 magistrum
1507 1527 1671 1583 verba
1700 1541 1861 1584 revo-

1959 527 2082 570 esse
2108 520 2398 572 secretum.
2433 512 2726 584 Torqueris
2753 515 2990 586 quidem,
3019 515 3166 586 quod
3205 515 3387 578 nullus
3414 516 3553 576 amt-

1959 605 2130 676 gitur;
2153 619 2185 662 a
2211 606 2587 664 communibus
2614 606 2820 675 gaudiis
2849 615 3073 670 moestus
3101 608 3386 680 exciperis,
3420 607 3546 664 dum

1959 699 2058 756 tibi
2084 700 2184 757 soli
2214 714 2324 756 non
2351 700 2592 771 parcitur
2618 699 2775 758 venia
2805 701 3064 770 generali,
3116 702 3292 760 livida:
3334 702 3552 762 invidia:

1960 790 2370 862 comparandus.
2414 791 2634 848 Sustine
2671 789 2740 850 de
2768 791 3010 848 omnium
3044 793 3334 856 securitate
3371 792 3548 864 jactu-

1964 896 2100 951 ram,
2133 885 2227 955 qui
2255 885 2489 944 habuisti
2517 884 2586 944 de
2623 884 2914 948 multorum
2942 883 3235 942 afﬂictione
3283 887 3548 954 laetitiam.

1965 977 2076 1034 Sed
2105 985 2163 1034 ut
2191 985 2314 1038 tuos
2341 992 2560 1049 quoque
2597 977 2828 1048 gemitus
2856 977 3221 1044 consolemur,
3276 978 3400 1039 illos
3453 979 3552 1046 tibi

1966 1069 2335 1130 tantummodo
2358 1070 2572 1126 vindica
2597 1107 2612 1136 ,
2662 1085 2798 1140 quos
2843 1069 2929 1125 lex
2970 1069 3188 1140 pietatis
3231 1069 3402 1138 gratia
3447 1085 3556 1126 non

1964 1161 2209 1220 relaxat:
2237 1177 2303 1217 ne
2329 1177 2452 1236 eum
2483 1161 2799 1218 truculentis
2843 1168 3110 1231 parceret,
3142 1159 3440 1231 asperrima
3473 1159 3558 1214 fa-

1965 1252 2150 1308 cinora
2179 1253 2454 1324 levigaret.
2481 1252 2766 1314 Solvamus
2803 1265 2932 1321 ergo
2973 1259 3183 1319 cuncta,
3211 1249 3560 1308 saecularibus

1964 1345 2170 1402 actibus
2200 1345 2478 1416 implicati.
2533 1345 2740 1404 Patitur
2786 1347 2962 1404 omnis
3010 1346 3175 1410 homo
3219 1343 3560 1426 periculosos

1965 1451 2156 1504 nexus,
2189 1452 2324 1508 quos
2348 1437 2566 1494 festinet
2579 1437 2830 1493 evadere.
2850 1437 3095 1500 Claustra
3123 1429 3248 1492 reos
3265 1435 3556 1506 dimittant,

1966 1542 2070 1588 nos
2096 1530 2309 1592 vincula
2337 1530 2598 1602 improbae
2625 1530 2972 1603 cogitationis
3000 1530 3305 1598 absolvant.

1302 1769 1650 1855 LIBER
1703 1769 2548 1874 DUODECIMUS.

659 2027 819 2102 133
853 2005 1189 2088 EPISTOLA
1226 2017 1462 2076 PRIMA.

261 2158 502 2203 οινειιδιε
531 2153 910 2200 οΑιωιςιιΑιιιιε
948 2147 1336 2193 PROVINCIABUM
1387 2143 1720 2194 SINGULABUI
1765 2143 1856 2198 SE-

619 2228 796 2270 κΑτοιι
835 2223 1156 2272 PREFECTUS
1195 2218 1524 2260 ΡΒᾸΕΤΟΒΙΟ.-

261 2310 460 2368 Etesiis
485 2327 516 2364 a
536 2305 1044 2380 prwfeetoprwtorio
1073 2296 1418 2380 cancelldﬁis,
1456 2303 1504 2380 et
1539 2295 1593 2349 in
1627 2293 1857 2380 diversas

329 2365 624 2445 provincias
648 2365 840 2443 missis,
872 2373 1124 2442 salutaria
1153 2369 1366 2445 monita
1386 2365 1470 2445 _ad
1515 2381 1694 2445 manus
1733 2365 1858 2445 bene

333 2436 633 2578 Eget-simum,
691 2459 740 2504 et
795 2436 1052 2520 praecipue
1095 2441 1164 2496 ad
1210 2439 1483 2495 avaritiam
1526 2436 1853 2509 fugiendam,

333 2536 416 2578 ινα
458 2533 634 2578 untur.

333 2533 634 2581 truduntur.

327 2616 526 2672 Nescio
553 2614 672 2684 quis
701 2623 925 2680 magnus
953 2623 1075 2666 esse
1096 2604 1359 2670 creditur,
1388 2602 1481 2672 qui
1508 2600 1576 2656 de
1603 2605 1857 2670 penetra-

262 2708 404 2764 libus
445 2705 641 2777 judicis
687 2702 1033 2758 destinatur:
1075 2695 1334 2768 quoniam
1377 2699 1528 2748 tanto
1559 2690 1682 2760 plus
1709 2685 1856 2741 aesti-

263 2809 447 2857 matur
472 2799 593 2870 quis
633 2809 816 2853 amarc
854 2792 1136 2864 justitiam,
1170 2793 1372 2857 quanto
1397 2785 1464 2840 ab
1493 2783 1584 2838 illo
1615 2781 1863 2850 frequen-

263 2895 373 2951 tius
400 2897 615 2950 constat
651 2888 906 2944 auditam.
940 2886 1041 2940 Per
1075 2881 1275 2938 milites
1302 2892 1430 2932 suos
1467 2875 1633 2946 judex
1662 2872 1860 2928 intelli-

262 2976 444 3056 gitur,
475 2991 529 3039 et
547 2983 688 3038 sicut
707 2975 951 3048 discipuli
978 2971 1217 3042 magistri
1245 2967 1523 3024 scientiam
1544 2963 1780 3036 produnt
1812 2974 1860 3028 α,

263 3054 349 3133 sic
377 3089 476 3129 nos
504 3069 915 3140 obsequentium
943 3078 1125 3120 mores
1161 3059 1431 3132 aperiunt.
1465 3054 1716 3124 Prteceps
1751 3069 1859 3108 nou

266 3173 491 3238 putatur
517 3163 832 3218 observasse
878 3155 1189 3220 moderato,
1238 3163 1433 3206 avarus
1473 3145 1722 3218 paruisse
1751 3159 1858 3200 non

267 3236 566 3314 advertitur
599 3249 928 3318 continenti;
981 3245 1174 3303 stultus
1214 3240 1566 3314 prudentibus
1615 3236 1866 3292 serviisse

267 3365 380 3407 non
406 3348 661 3406 creditur.
705 3342 1098 3404 Periclitemur,
1119 3337 1309 3402 fateor,
1347 3334 1402 3389 iu
1442 3330 1745 3387 actionibus
1775 3345 1866 3386 ve-

265 3442 414 3509 stris,
457 3439 503 3494 si
535 3451 632 3492 vos
659 3434 800 3490 mala
831 3432 1128 3489 intentione
1157 3426 1434 3493 tractetis;
1466 3433 1541 3494 et,
1563 3421 1705 3494 quod
1734 3421 1866 3476 nulli

267 3529 468 3587 accidit
498 3534 755 3590 vestrum,
780 3523 1011 3578 alienum
1048 3519 1240 3576 vitium
1290 3523 1534 3572 nostrum
1563 3512 1868 3570 celebratur

268 3619 642 3694 opprobrium.
674 3616 1012 3672 Sustinemus
1041 3612 1176 3668 tales
1204 3624 1383 3676 casus,
1428 3605 1615 3676 quales
1666 3621 1766 3660 nos
1813 3603 1868 3658 in

269 3715 408 3771 alios
425 3711 668 3782 judicare
699 3724 806 3765 non
865 3718 1182 3778 possumus;
1240 3709 1296 3756 et
1338 3700 1426 3756 lex
1477 3713 1583 3768 qua
1617 3695 1868 3752 fruuntur

270 3806 456 3865 cuncti
495 3806 549 3860 in
580 3803 734 3859 nobis
789 3816 898 3856 non
933 3806 1116 3870 potest
1143 3793 1424 3853 custodiri.
1455 3791 1563 3848 Sed
1607 3791 1867 3848 habemus

269 3901 469 3956 lterum
499 3913 566 3954 ex
597 3897 699 3952 alia
727 3901 881 3966 parte
909 3891 1181 3958 solatium,
1211 3886 1357 3958 quod
1381 3893 1562 3942 vestra
1587 3883 1730 3942 bona
1760 3897 1862 3937 no-

267 3999 390 4048 stra
419 3990 712 4046 creduntur
740 4001 862 4044 esse
883 3983 1170 4046 mandata;
1202 3988 1258 4036 et
1286 3975 1441 4036 nobis
1469 3975 1656 4032 otiosis
1688 3972 1871 4044 acqui-
1903 3999 1905 4001 ι

268 4084 432 4149 ritur,
462 4077 720 4150 quidquid
771 4077 956 4148 gloriae
995 4071 1190 4130 vestris
1239 4069 1517 4125 laboribus
1564 4063 1864 4136 erpeditur.

268 4174 327 4232 Si
358 4182 410 4230 te
438 4174 581 4234 enim
605 4172 795 4240 aliquis
817 4169 1088 4240 sapienter
1115 4178 1274 4234 agere
1319 4160 1518 4225 videat,
1565 4157 1748 4212 statim
1786 4155 1867 4208 fa-

273 4283 420 4324 mam
449 4267 526 4321 tui
573 4263 920 4336 prmceptoris
968 4258 1213 4316 exaltat:
1259 4254 1384 4308 dum
1410 4251 1516 4308 tale
1565 4249 1869 4305 institutmu

276 4359 446 4415 fuisse
469 4356 731 4423 creditur,
762 4353 939 4423 qualia
969 4358 1119 4420 gesta
1158 4344 1505 4404 nihilominus
1545 4340 1866 4400 sentiuntur.

278 4449 400 4506 Una
429 4456 512 4504 est
540 4447 804 4503 sententia
828 4443 1022 4514 plebis,
1071 4440 1208 4494 tales
1257 4450 1376 4494 esse
1421 4433 1631 4502 judices
1685 4429 1871 4502 quales

276 4555 383 4598 nos
415 4539 696 4610 contigerit
723 4534 1028 4608 approbari.
1062 4531 1129 4586 Et
1158 4529 1282 4584 ideo
1320 4537 1649 4596 magnopere
1677 4535 1871 4578 caven-

276 4638 409 4692 dum
437 4637 540 4703 est,
573 4649 641 4688 ne
670 4632 760 4688 ille
789 4631 857 4686 de
881 4628 1034 4685 vobis
1053 4623 1275 4694 incipiat
1295 4619 1560 4692 judicare,
1589 4614 1743 4686 cujus
1772 4627 1872 4680 vos

279 4727 590 4798 Opinionem
634 4721 922 4790 contigerit
961 4727 1088 4776 ante
1125 4715 1412 4771 lacerasse.
1447 4707 1734 4766 Ulciscitur
1762 4719 1873 4777 pte-

1887 2017 1936 2079 B
1959 2017 2129 2075 sentis
2153 2018 2436 2090 pudorem.
2469 2019 2604 2076 Nam
2631 2020 2761 2094 quid
2789 2019 2989 2078 debeas
3019 2028 3234 2077 tentare
3252 2020 3360 2077 vile
3385 2018 3557 2094 [ϐοτη

1960 2107 2084 2178 6a.,
2115 2107 2308 2183 vides],
2340 2111 2432 2181 qui
2456 2107 2655 2167 militas
2675 2111 2773 2168 sub
2793 2111 3042 2167 honore?
3063 2111 3264 2167 Fasces
3285 2111 3381 2165 tibi
3405 2109 3554 2180 judi-

1958 2214 2081 2256 cum
2122 2209 2345 2271 parent;
2377 2210 2435 2258 et
2464 2202 2590 2258 dum
2627 2202 2776 2272 jussa
2806 2203 3149 2273 praetorianae
3173 2201 3317 2256 sedis
3344 2209 3558 2272 portare

1958 2291 2218 2357 crederis,
2261 2291 2434 2363 ipsam
2483 2293 2883 2364 quodammodo
2931 2301 3256 2364 potestatein
3301 2307 3556 2347 reveren-

1958 2383 2059 2441 dus
2087 2386 2335 2446 assumis.
2379 2385 2568 2442 Edicta
2615 2395 2802 2442 nostra
2852 2392 2910 2441 tu
2959 2385 3166 2456 primus
3198 2383 3325 2456 [ed.,
3377 2382 3548 2454 impri-

1957 2473 2082 2546 mis]
2113 2475 2360 2543 observa,
2389 2477 2617 2533 ostende
2645 2477 2844 2532 bonam
2875 2483 2930 2532 te
2958 2475 3365 2532 intendentibus
3385 2475 3554 2529 viam.

1958 2567 2092 2624 Nam
2123 2568 2276 2638 cujus
2303 2577 2389 2624 est
2423 2569 2621 2640 judicis
2645 2568 2930 2630 custodire
2961 2568 3242 2634 mandata,
3291 2567 3335 2623 si
3365 2567 3560 2622 milites

1960 2669 2148 2717 nostra
2184 2661 2467 2717 videantur
2494 2662 2769 2730 negligere
2819 2661 3157 2717 constituta?
3206 2659 3468 2728 Reginam
3497 2658 3536 2712 il

1962 2753 2067 2808 lam
2107 2751 2418 2822 procacium
2447 2751 2706 2807 vitiorum
2748 2751 3036 2806 avaritiam
3077 2749 3221 2817 fuge,
3254 2749 3339 2803 cui
3370 2755 3562 2803 cuncta

1961 2841 2188 2925 erimina
2214 2839 2516 2896 detestabili
2558 2839 2850 2896 devotione
2877 2838 3210 2894 famulantur
3241 2855 3255 2892 :
3286 2852 3408 2906 quae
3438 2835 3561 2894 dum

1962 2940 2152 3006 pectus
2174 2932 2404 2988 hominis
2434 2933 2672 3001 ingressa
2701 2932 2880 2996 fuerit,
2905 2930 3168 3001 gregatim
3196 2943 3418 3000 quoque
3445 2944 3562 3004 ma-

1965 3024 2152 3082 lefidas
2173 3025 2444 3082 cohortes
2483 3024 2740 3080 admittit.
2774 3024 2928 3082 Ferri
2970 3039 3078 3082 non
3110 3031 3292 3094 potest
3319 3029 3562 3092 recepta,

1965 3120 2090 3191 quia
2120 3119 2293 3176 nescit
2336 3134 2456 3175 esse
2499 3119 2760 3178 solitaria.
2811 3117 3016 3186 Agmen
3073 3115 3237 3172 habet
3275 3115 3561 3173 blandissi-

1895 3244 1904 3252 -
1966 3229 2133 3281 mum,
2167 3228 2318 3269 arma
2361 3213 2585 3284 suscipit
2614 3227 2682 3268 ex
2729 3211 2966 3277 talentis,
2999 3217 3055 3266 et
3099 3224 3199 3281 per
3225 3208 3562 3264 dulcedinem

1965 3315 2187 3378 superat
2213 3322 2350 3378 quos
2377 3321 2562 3362 amara
2589 3306 2914 3378 deceptione
2943 3305 3206 3376 captivat.
3233 3301 3468 3358 Proinde
3494 3301 3562 3356 ad

1891 3397 1937 3458 0
1971 3401 2231 3456 utilitates
2258 3400 2501 3471 publicas
2552 3407 2672 3454 esto
2725 3397 3014 3466 sollicitus,
3071 3395 3312 3466 injuncta
3369 3395 3563 3450 morali

1969 3491 2337 3564 compulsione
2363 3507 2614 3564 procura.
2653 3491 2781 3546 Plus
2811 3491 2921 3560 agit
2970 3491 3272 3546 inculcator
3317 3487 3563 3555 rationis,

1968 3599 2130 3654 quam
2161 3584 2332 3655 possit
2357 3599 2616 3640 exercere
2667 3583 2940 3639 terribilis.
2995 3581 3233 3638 Persona
3276 3589 3368 3638 tua
3415 3580 3563 3636 refu-

1968 3676 2114 3745 gium
2142 3677 2212 3732 sit
2239 3691 2520 3747 oppresso,
2569 3673 2767 3730 infirmi
2811 3673 3074 3740 defensio,
3123 3671 3432 3744 praesidium
3463 3671 3562 3730 ali-

1969 3781 2074 3836 qua
2100 3765 2406 3822 calamitate
2434 3767 2711 3823 concluso.
2765 3765 2856 3823 Sic
2883 3765 3028 3821 enim
3079 3765 3298 3835 proprie
3347 3772 3563 3819 nostros

1969 3862 2239 3919 cancellos
2265 3863 2439 3932 agitis,
2465 3861 2510 3918 si
2533 3861 2782 3918 laesorum
2803 3860 2967 3930 impia
2987 3858 3220 3914 claustra
3249 3855 3490 3912 solvatis.

2446 3974 2604 4046 189
2637 3969 2969 4028 EPISTOLA
3027 3967 3090 4022 Il.

1973 4083 2242 4126 UNIVERSIS
2269 4083 2530 4125 JUDICIBUS
2560 4079 2950 4122 PROVINCIARUH
2979 4077 3223 4117 SENATOR
3245 4075 3564 4117 PREFECTU?

2610 4151 2913 4192 PRETOIIIO.

1975 4231 2168 4288 Invitat
2190 4232 2394 4304 judice:
2418 4230 2488 4286 ad
2515 4229 2760 4304 miipsius
2804 4225 3167 4304 imitationem.
3211 4223 3562 4304 Tum-prtem:

2042 4291 2554 4377 pitet'possessorcm
2585 4291 2900 4377 admoneant
2949 4306 3003 4350 ut
3035 4297 3226 4377 tributa
3268 4291 3564 4377 iudi‘ctiouis

2137 4353 2326 4450 aridi};
2336 4353 2512 4428 ruente
2524 4353 2938 4450 temporibusque
2958 4363 3163 4450 statutis
3188 4353 3566 4450 persalvantiir,

2042 4455 2091 4501 et
2119 4445 2324 4516 ﬁdelem
2365 4433 2708 4509 expettsaruttt
2755 4433 2992 4494 notitiam
3026 4439 3095 4492 ad
3135 4433 3325 4493 scrinia
3376 4433 3566 4508 prdato-

2044 4515 2197 4572 riana
2235 4515 2488 4586 dirigant.

2043 4611 2256 4670 Gratias
2282 4609 2558 4666 Divinitati
2587 4608 2784 4677 refero,
2817 4607 2943 4679 quia
2986 4613 3042 4663 et
3089 4604 3446 4678 provinciales
3487 4601 3566 4660 fe-

1975 4716 2165 4765 cerunt
2194 4722 2312 4776 quae
2336 4704 2540 4769 monui,
2569 4711 2624 4758 et
2645 4715 2746 4773 ego
2773 4701 3044 4773 complevi
3091 4700 3271 4756 omnia
3301 4713 3420 4770 qua:
3443 4712 3566 4770 pro-

282 4789 365 4874 nis
419 4815 561 4887 quod
618 4789 836 4869 misistis
892 4811 946 4870 in
993 4808 1212 4874 fabulis;
1263 4812 1319 4861 et
1365 4799 1649 4858 tormentis
1686 4796 1880 4852 vestris
1908 4791 1956 4852 Β
1981 4801 2122 4860 misi.
2153 4800 2284 4856 Nam
2315 4814 2415 4855 nec
2443 4813 2530 4854 me
2556 4797 2726 4854 sensit
2761 4797 3045 4868 quisquam
3075 4793 3254 4864 aliqua
3279 4789 3570 4846 venalium

283 4919 600 4984 compensat
649 4909 762 4983 [Ασ.
785 4949 800 4972 ,
853 4916 914 4963 ut
959 4902 1241 4966 tormentis
1294 4897 1496 4964 nostris
1537 4890 1871 4968 compescat]

283 5007 428 5078 quod
458 5005 686 5077 populus
714 5002 1026 5058 vulneratus
1057 5002 1364 5067 exaggerat.
1401 4991 1573 5060 Quam
1603 4989 1874 5061 periculo-

282 5111 401 5156 sum
429 5107 511 5154 est
549 5098 658 5172 pati
685 5096 921 5168 judicem
949 5089 1344 5148 rationabiliter
1372 5088 1569 5142 iratum
1591 5123 1608 5149 ,
1639 5089 1695 5138 et
1722 5079 1871 5137 illum

283 5194 349 5248 de
377 5191 605 5248 fortunis
645 5189 750 5244 tuis
777 5187 1090 5252 decernere,
1119 5197 1281 5254 quem
1311 5189 1364 5236 te
1385 5183 1600 5236 constat
1635 5173 1874 5244 graviter

287 5284 560 5341 irritassc!
589 5283 929 5353 Quapmpter
966 5275 1122 5332 stude
1176 5273 1347 5343 magis
1390 5279 1450 5327 ut
1481 5275 1664 5325 nostra
1689 5264 1870 5336 potius

286 5395 418 5435 voce
447 5375 718 5433 lauderis:
745 5373 872 5445 quia
897 5371 1037 5427 sicut
1067 5377 1121 5424 te
1144 5373 1324 5439 potest
1359 5363 1556 5435 judicis
1583 5359 1668 5415 vel
1693 5372 1876 5414 sermo

290 5469 630 5541 deprimere,
680 5467 755 5520 ita
795 5460 1158 5536 prosperrima
1238 5453 1510 5512 sententia
1569 5449 1873 5506 sublevare.

290 5535 462 5632 Perge
492 5559 650 5632 igitur
675 5572 772 5629 per
800 5535 945 5610 illam
973 5547 1346 5614 indictionem,
1389 5545 1611 5617 juvante
1642 5537 1774 5605 Deo,
1807 5535 1876 5592 ad

291 5665 432 5722 illam
456 5659 787 5735 provinciam
805 5694 820 5720 ,
843 5649 1203 5707 cancellorum
1230 5659 1426 5716 pompa
1468 5642 1752 5697 decoratus
1769 5679 1784 5705 ,
1817 5645 1876 5692 et

295 5759 524 5831 gloriosa
573 5751 836 5826 gravitate
884 5745 1225 5818 praecinctus.
1269 5738 1479 5794 Absens
1516 5735 1690 5806 cogita
1726 5747 1866 5804 pne-

1982 4895 2267 4967 pollutum,
2301 4907 2400 4948 uec
2427 4905 2528 4962 ego
2550 4889 2748 4962 pertuli
2778 4889 3093 4945 tributarios
3123 4887 3426 4942 indevotos.
3458 4880 3570 4936 Ila-

1981 4987 2168 5043 bemns
2197 4985 2411 5056 utrique
2438 4981 2582 5054 quod
2611 4983 2664 5038 in
2709 4981 2866 5040 nobis
2894 4981 3114 5050 diligere
3140 4977 3467 5042 debeamus;
3489 4974 3568 5032 illi

1978 5085 2298 5152 repererunt
2319 5076 2644 5132 aifectuosos
2667 5073 2896 5144 judices,
2937 5087 3036 5127 nos
3074 5066 3456 5138 acquisivimus
3485 5064 3568 5122 in-

1976 5143 2294 5242 tegerrimos
2309 5182 2607 5240 praecones.
2637 5143 2870 5236 Agamus
2893 5166 3094 5233 itaque,
3122 5161 3233 5216 Deo
3253 5162 3568 5230 ρι’ωεαιηιθ,

1978 5236 2122 5337 (ιιῖοᾱ
2167 5236 2446 5333 coepimus.
2494 5259 2782 5315 Posscssor
2835 5256 2966 5312 mihi
3017 5251 3261 5325 publicas
3311 5247 3568 5322 pecunias
3595 5236 3612 5252 “

1978 5357 2152 5412 libens
2180 5352 2414 5409 inferat:
2447 5365 2548 5422 ego
2586 5351 2659 5406 illi
2692 5351 2747 5406 in
2777 5355 3075 5405 conventus
3114 5344 3336 5416 justitia:
3367 5342 3568 5397 tributa

1977 5448 2298 5521 persolvatn.
2333 5444 2496 5500 Vobis
2541 5451 2720 5499 autem
2765 5437 3049 5497 commode
3088 5436 3372 5508 repetitur,
3420 5433 3568 5506 quod

1977 5541 2241 5598 veraciter
2269 5547 2448 5594 actum
2478 5549 2596 5593 esse
2620 5533 2868 5599 sentitur,
2895 5530 3109 5602 quando
3131 5529 3198 5586 de
3223 5529 3383 5585 rebus
3421 5543 3566 5600 prte-

1980 5635 2151 5692 teritis
2173 5649 2296 5705 spes
2321 5645 2512 5700 magna
2539 5627 2784 5685 redditur
2804 5627 2857 5683 in
2883 5623 3094 5681 futuris.
3125 5621 3402 5679 Probastis
3420 5620 3569 5678 enim

1979 5729 2104 5798 quia
2135 5726 2336 5784 nullum
2367 5723 2641 5797 coegimus
2671 5722 2800 5778 dare
2843 5716 2988 5791 quod
3025 5733 3136 5775 non
3161 5713 3437 5774 debuisset
3481 5709 3566 5772 of-

374 5925 400 5956 ιι
427 5911 486 5968 lu
533 5911 674 5968 hanc
717 5922 832 5964 rem
875 5903 1009 5962 belle
1061 5900 1365 5963 Salvianus,
1397 5893 1464 5953 de
1497 5889 1713 5950 Provid.
1759 5887 1879 5956 Dei,
1910 5903 2032 5965 pag.
2063 5891 2153 5949 97.
2184 5889 2479 5961 Ennodius,
2503 5901 2628 5964 pes.
2658 5889 2787 5952 5S7.
2815 5887 3008 5950 Jun".
