4006 6462
495 329 598 387 855

489 534 697 590 damnis
735 534 963 589 aﬁlictus
1011 545 1108 590 est.
1156 535 1524 591 Discussorum
1572 540 1807 587 terrores
1858 531 2076 585 fecimus

488 626 741 696 ignorari.
776 623 883 682 Nec
906 626 1335 681 extraordinaria
1365 627 1727 695 quaesivimus,
1757 624 1848 695 qui
1882 630 2074 679 cuncta

486 718 598 789 geri
630 718 836 787 legibus
859 720 1197 789 optabamus.
1228 718 1333 773 Sed
1364 733 1463 772 nec
1493 733 1586 772 vos
1616 717 1732 771 sitis
1762 717 1813 770 in
1837 731 1898 770 ea
1922 725 2073 786 parte

486 811 793 866 dissimiles.
831 810 1090 865 Prmsules
1117 810 1415 865 imitatores
1435 825 1554 864 esse
1579 808 1854 877 dignitatis
1874 816 2072 863 nostra:

479 903 603 972 jura
659 904 962 970 voluerunt,
1004 904 1197 973 quibus
1232 918 1369 972 pene
1417 902 1661 957 eamdem
1705 916 1865 969 quam
1918 900 2073 954 nobis

479 996 910 1065 jurisdictionem
957 1011 1057 1067 per
1100 996 1406 1066 provincias
1451 994 1812 1050 contulerunt.
1860 992 2070 1047 Nullum

484 1089 735 1159 repudiat
758 1090 1027 1159 sequenda
1049 1088 1276 1157 justitia,
1301 1103 1487 1143 omnes
1517 1086 1793 1149 clariﬁcat,
1827 1102 1963 1156 quos
1992 1085 2072 1139 sui

485 1181 901 1251 participatione
929 1180 1220 1235 sublimat:
1260 1180 1522 1234 minorem
1552 1194 1609 1234 se
1642 1178 1729 1239 ille
1754 1178 1899 1232 solus
1923 1176 2069 1244 facit,

485 1273 578 1341 qui
604 1273 671 1327 ab
701 1273 814 1342 ipsa
845 1272 1107 1327 discessit.
1135 1272 1243 1327 Cur
1270 1272 1565 1342 accipiendi
1596 1280 1719 1325 vota
1759 1272 2071 1325 sectemur?

482 1362 697 1419 Nullam
747 1366 970 1436 gloriam
1016 1366 1222 1435 recipit,
1264 1366 1353 1434 qui
1393 1364 1542 1419 dives
1590 1372 1849 1419 vocatur:
1878 1372 2071 1417 contra

487 1456 636 1510 omni
666 1456 821 1511 laude
851 1456 1154 1521 decoratur,
1181 1456 1271 1525 qui
1297 1455 1473 1523 justus
1513 1454 1757 1509 edicitur.
1790 1454 2071 1509 Desidere-

485 1564 608 1604 mus
635 1549 814 1618 potius
842 1549 983 1618 quod
1007 1564 1106 1603 nos
1132 1548 1485 1618 pretiosiores
1526 1547 1879 1617 locupletibus
1923 1545 2067 1601 facit.

488 1640 685 1697 Fasces
713 1642 1025 1711 accipimus,
1052 1650 1109 1695 ut
1137 1654 1330 1709 graves
1358 1656 1478 1696 esse
1512 1639 1824 1695 debeamus.
1876 1637 2069 1693 Tribu-

483 1736 627 1791 nalia
658 1735 1094 1803 conscendimus,
1124 1745 1183 1789 ut
1211 1750 1421 1789 morum
1464 1735 1715 1803 gradibus
1757 1733 2068 1790 evebamur.

481 1826 567 1883 Nil
597 1828 721 1893 vile,
754 1829 825 1883 nil
848 1830 1099 1900 cupidum
1125 1829 1330 1898 judices
1360 1828 1533 1885 decet.
1569 1829 1752 1883 Claras
1776 1828 1920 1883 enim
1946 1843 2071 1882 suas
2101 1826 2149 1885 B

483 1920 725 1975 maculas
749 1920 996 1985 reddunt,
1030 1921 1075 1975 si
1106 1921 1177 1974 illi
1201 1921 1267 1975 ad
1296 1937 1431 1991 quos
1460 1922 1615 1975 multi
1656 1921 1952 1991 respiciunt
1980 1920 2071 1975 ali-

478 2026 587 2082 qua
618 2012 1036 2081 reprehensione
1065 2012 1405 2068 sordescunt.
1448 2013 1663 2083 Alioqui
1703 2013 1919 2083 expedit
1959 2028 2069 2067 non

479 2104 680 2171 videri,
738 2122 898 2175 quam
949 2113 1264 2161 cunctorum
1310 2107 1556 2161 irrisione
1602 2106 1818 2174 signari.
1873 2103 2071 2161 Omnes

480 2212 631 2267 ergo,
656 2199 747 2267 qui
770 2200 1095 2269 gremiorum
1121 2200 1245 2271 [ed.,
1270 2198 1633 2271 praemiorum]
1650 2202 1793 2256 celsa
1816 2201 2065 2271 petimus,

481 2289 735 2343 vitiorum
756 2290 975 2345 humilia
998 2290 1327 2345 deseramus.
1353 2292 1433 2345 Sit
1456 2293 1507 2346 in
1533 2293 1687 2347 nobis
1709 2292 1856 2347 frons
1878 2293 2068 2361 libera,

480 2385 543 2433 ut
567 2378 793 2433 aliorum
824 2381 1089 2449 possimus
1118 2380 1407 2436 emendare
1438 2390 1680 2451 peccata.
1717 2382 1920 2451 xEquat
1960 2384 2069 2438 cri-

478 2486 606 2526 men
636 2488 795 2527 omne
824 2490 958 2543 quos
988 2475 1250 2545 inquinat,
1281 2484 1337 2531 et
1365 2474 1485 2530 ideo
1514 2476 1787 2534 dissimilis
1814 2478 1882 2531 ab
1904 2493 2067 2532 accu—

480 2571 602 2616 salo
632 2562 792 2618 debet
824 2580 943 2621 esse
971 2568 1060 2635 qui
1087 2566 1310 2636 judicat.
1344 2566 1468 2623 Hice
1499 2584 1596 2622 nos
1617 2583 1797 2623 annuo
1818 2584 2070 2624 sermone

478 2636 942 2725 convenit'loqui,
981 2656 1103 2725 quia
1134 2657 1396 2712 bonarum
1428 2672 1608 2712 rerum
1658 2658 1799 2712 nulla
1849 2659 2069 2714 satietas

479 2754 582 2801 est.
614 2746 813 2803 Fateor
837 2748 1147 2803 aviditatem
1191 2750 1443 2805 desiderii
1486 2752 1614 2818 mei,
1664 2752 1823 2820 cupio
1854 2768 1945 2806 me
1970 2767 2068 2807 vo-

476 2840 686 2896 biscum
706 2844 845 2898 velle
865 2844 1145 2914 praedicari
1162 2852 1210 2899 α.
1234 2844 1527 2900 Veniamus
1544 2861 1684 2899 nunc
1707 2844 1773 2898 ad
1787 2852 2065 2899 consueta:

476 2952 597 3007 qum
620 2936 743 2994 ideo
773 2938 969 2993 debent
998 2940 1195 3010 suscipi
1231 2948 1403 3009 grata,
1436 2940 1561 3007 quia
1602 2940 1900 3010 probantur
1950 2953 2070 2992 esse

474 3030 758 3086 solemnia.
790 3031 1159 3103 Quapropter,
1192 3034 1336 3102 quod
1368 3034 1595 3088 feliciter
1638 3032 1839 3087 dictum
1886 3032 1976 3097 sit,
2018 3040 2071 3086 te

476 3119 821 3191 ofﬁciumque
868 3132 1038 3191 tuum,
1088 3140 1208 3184 cum
1239 3125 1333 3179 Dei
1374 3125 1668 3194 juvamine,
1700 3139 2069 3194 possessorem

473 3214 820 3285 prmeipimus
860 3215 1169 3281 admonere,
1205 3225 1263 3271 ttt
1302 3218 1498 3273 tributa
1547 3218 1853 3274 indietionis
1896 3219 2065 3274 tertiae
2096 3218 2141 3281 C

476 3308 698 3364 decima:
728 3309 897 3379 (Anno
922 3311 1110 3365 Christi
1142 3309 1264 3379 555)
1296 3311 1491 3367 devota
1520 3322 1699 3368 mente
1728 3314 2068 3383 persolvant,

476 3409 763 3469 quatenus,
801 3402 952 3454 trina.-
984 3402 1236 3456 illationis
1262 3403 1628 3459 moderamine
1652 3405 1946 3472 custodito,
1972 3405 2068 3460 de~

476 3489 647 3545 bitam
721 3492 1024 3562 reipublicae
1090 3493 1322 3548 inferant
1389 3495 1741 3550 functionem.
1802 3496 2067 3566 Tempora

479 3582 825 3637 exactionqu
870 3592 1069 3637 statuta
1117 3595 1430 3652 serventur;
1468 3589 1539 3640 ita
1574 3596 1772 3651 tamen,
1806 3597 1865 3642 ut
1894 3589 2070 3642 nullus

476 3674 580 3732 sub
630 3675 929 3730 immaturm
984 3678 1367 3747 compulsionis
1412 3680 1602 3748 injuria
1650 3695 1708 3734 se
1756 3681 2071 3749 ingemiscat

477 3773 759 3835 exactum,
791 3784 892 3823 nec
916 3769 1106 3824 iterum
1130 3770 1228 3824 sub
1253 3771 1391 3840 turpi
1416 3772 1705 3827 venalitate
1736 3773 2068 3828 induciarum

475 3858 703 3931 largitas
758 3860 1017 3918 damnosa
1067 3863 1387 3933 praebeatur.
1445 3865 1641 3920 Dilatio
1690 3867 1831 3921 enim
1886 3868 2069 3921 tributi

475 3951 654 4022 major
682 3953 741 4007 fit
770 3969 933 4011 causa
961 3954 1246 4026 dispendii,
1285 3957 1500 4027 quando
1528 3959 1679 4014 iri-ite
1727 3960 2072 4031 suspenditur

479 4045 629 4116 quod
678 4047 839 4102 nullis
896 4048 1355 4117 protractionibus
1401 4050 1651 4105 evitatur.
1700 4050 2069 4121 Expensarum

477 4151 695 4209 quoque
724 4136 933 4193 ﬁdelem
973 4140 1241 4207 notitiam,
1275 4140 1552 4208 quaternis
1604 4143 1875 4196 mensibus
1922 4159 2071 4196 com-

474 4231 861 4303 prehensamb,
879 4234 1268 4289 consuetudine
1290 4235 1574 4301 custodita,
1589 4236 1654 4290 ad
1670 4237 1861 4292 scrinia
1887 4245 2070 4292 nostra

478 4320 710 4392 dirigere
736 4326 1063 4393 maturabis;
1096 4334 1154 4379 ut
1176 4326 1339 4382 totius
1367 4328 1566 4382 erroris
1588 4327 1799 4383 detersa
1821 4328 2068 4397 caligine,

476 4414 680 4485 publici
721 4417 988 4471 ratiocinii
1038 4419 1209 4489 possit
1248 4420 1465 4475 claritas
1513 4436 1792 4491 apparere.
1846 4422 1978 4476 Nam
2026 4422 2071 4475 si

477 4503 639 4560 aliter
666 4506 848 4575 facias,
878 4516 931 4563 te
952 4509 1146 4565 damna
1169 4511 1479 4580 respiciunt,
1507 4528 1626 4582 qua:
1648 4528 1742 4582 per
1766 4513 2068 4583 neglectum

476 4602 633 4651 tuum
662 4599 889 4669 publicis
919 4601 1238 4657 utilitatibus
1286 4603 1619 4674 ingeruntur.
1652 4603 1715 4659 Et
1754 4612 1811 4660 ut
1861 4605 2069 4661 facilius
2097 4622 2149 4680 ι)

476 4692 674 4763 possis,
712 4691 823 4747 Deo
866 4693 1179 4758 auxiliante,
1209 4711 1328 4765 quae
1375 4704 1501 4751 sunt
1547 4705 1746 4751 statuta
1789 4698 2068 4767 perficere,

472 4789 629 4846 illum
657 4796 821 4858 atque
850 4787 998 4843 illum
1025 4789 1168 4847 sedis
1200 4799 1398 4846 nostrae
1428 4791 1625 4845 milites
1654 4792 1748 4845 tibi
1787 4790 2071 4860 ofﬁcioque

473 4895 658 4942 vestro
687 4886 1158 4943 consuetudinarie
1188 4888 1523 4958 przecipimus
1550 4887 1857 4955 imminere,
1882 4895 2071 4956 quate-

473 4994 577 5034 nus
599 4980 866 5035 ordinatio
888 4987 1073 5035 nostra
1095 4980 1492 5052 inculpabiliter
1516 4980 1773 5034 sortiatur
1795 4978 2066 5035 efiectum.

474 5072 620 5129 Cave
646 5089 773 5144 ergo
800 5090 870 5131 ne
896 5082 952 5130 te
976 5076 1239 5145 imparem
1260 5075 1458 5130 nostris
1486 5083 1709 5144 pnestes
1739 5073 2027 5128 admonitis
2053 5090 2065 5126 :

472 5168 600 5239 quia
631 5170 789 5226 nimis
834 5169 1039 5226 ftedum
1071 5178 1154 5225 est
1196 5177 1255 5224 ut
1300 5184 1329 5223 a
1370 5184 1477 5238 quo
1518 5168 1781 5225 laudanda
1832 5170 2069 5240 reposci-

471 5276 613 5333 mus,
640 5260 934 5321 resecanda
964 5264 1145 5335 potius
1166 5263 1545 5334 approbemus.

544 5540 573 5570 ι
602 5530 735 5587 Vide
790 5531 1044 5597 Plinium,
1095 5532 1148 5588 in
1199 5530 1639 5602 Panegyr.,pag.
1678 5526 1781 5584 557
1817 5548 1830 5585 :
1888 5530 2063 5596 Vota,

470 5617 593 5673 qua:
608 5617 849 5673 semper,
874 5613 982 5659 etc.
1005 5603 1126 5658 Jun.

546 5674 571 5711 ί»
604 5672 751 5726 llinc
797 5675 1251 5743 quadrimenstrui
1301 5675 1523 5737 breves,
1576 5672 1666 5742 qui
1724 5673 1791 5727 de
1845 5672 2067 5740 singulis

469 5744 822 5815 pensionibus
863 5746 1223 5799 conficiuntur
1262 5762 1291 5799 a
1324 5744 1687 5806 cbartulariis,
1747 5752 1801 5797 ct
1843 5746 1906 5797 ad
1950 5744 2070 5796 oﬂi-

471 5814 612 5870 cium
636 5815 925 5883 palatinum
955 5826 1043 5868 aut
1072 5816 1380 5882 praefectum
1407 5818 1659 5883 praetorio
1691 5817 2066 5869 transmittun-

474 5892 587 5940 tur.
609 5886 837 5941 Constat
863 5884 1009 5942 enim
1040 5887 1211 5946 tribus
1244 5888 1591 5957 pensionibus
1633 5886 1760 5941 anni
1808 5885 2070 5957 cujusque

1707 326 1777 381 Μ.
1823 322 2094 381 ΛυιὶΕΙᾸι
2133 317 2527 377 CASSIUDURI

489 444 649 500 ferre.
700 442 816 499 Non
862 441 1104 514 publicis,
1159 457 1265 497 non
1314 440 1535 512 privatis
1583 456 1611 495 a
1664 456 1751 496 me
1790 441 2071 512 quisquam
2099 440 2157 505 Ag

2752 435 3079 493 EPISTOLA
3111 438 3196 493 lll.

2180 544 2449 584 UNIVERSIS
2477 544 2746 583 SAJONIBUS
2777 547 2863 592 QlIl
2916 546 3047 584 SUN'I‘
3079 548 3454 587 CANCELLABIIS
3474 548 3758 601 DEPUTATI,

2518 617 2759 656 εεαλτυη
2787 618 3105 658 l'R/EFEC'I’US
3136 619 3436 657 ῐιῐιίῐτοιιιο.

2179 693 2451 760 Quomodo
2500 697 2707 767 sajones
2762 696 3085 750 cancellariia
3127 697 3399 767 deputatas
3458 697 3626 767 oﬂicio
3673 714 3761 751 suo

2603 768 2748 838 fungi
2777 776 3031 836 oporteat,
3071 769 3329 821 admouet.

2245 860 2473 931 Oportet
2502 860 2715 931 quidem
2742 868 2936 913 cuncta
2980 860 3077 913 sub
3126 860 3513 929 tranquillitate
3557 859 3759 930 peragi,

2176 951 2633 1022 quemadmodum
2665 951 2832 1021 possit
2862 952 3018 1006 bonis
3049 952 3295 1007 moribus
3320 954 3630 1007 convenire.
3663 953 3762 1007 Sed

2176 1051 2322 1097 tanta
2356 1052 2436 1099 est
2459 1044 2513 1097 in
2543 1043 2851 1113 reipublicae
2878 1044 2943 1098 de
2982 1060 3191 1097 morum
3226 1044 3489 1098 varietate
3538 1046 3763 1100 diversi-

2174 1141 2277 1198 tas,
2326 1144 2384 1188 ut
2432 1149 2592 1189 nemo
2645 1136 2817 1189 valeat
2864 1135 3009 1204 leges
3066 1135 3377 1205 defendere,
3434 1138 3535 1193 nisi
3596 1147 3765 1193 terror

2173 1223 2417 1278 videatur
2445 1224 2620 1293 aliqua
2648 1233 2966 1295 temperare.
3002 1224 3182 1296 ngris
3214 1243 3319 1281 non
3352 1244 3456 1282 una
3487 1244 3649 1283 causa
3684 1247 3769 1285 sa-

2172 1314 2299 1369 lutis
2326 1324 2447 1369 est:
2480 1316 2615 1369 alter
2662 1316 2793 1371 cibis
2836 1316 3091 1382 reficitur,
3140 1318 3276 1372 alter
3302 1333 3399 1387 per
3429 1320 3768 1375 abstinentie

2174 1406 2433 1461 beneﬁcia
2466 1415 2747 1473 tenuatur;
2778 1407 2868 1463 liic
2919 1409 3129 1464 lavacra
3180 1410 3385 1475 mollia,
3429 1412 3517 1466 ille
3570 1412 3765 1467 ferrum

2174 1499 2365 1567 qumrit
2401 1498 2465 1552 ad
2503 1500 2753 1566 vulnera;
2791 1508 2844 1556 et
2874 1501 3078 1556 varium
3121 1503 3298 1572 poscit
3346 1506 3643 1559 remedium
3693 1507 3766 1561 di-

2177 1607 2328 1647 versa
2379 1593 2607 1661 qualitas
2637 1595 2987 1664 passionum:
3022 1596 3099 1652 sic
3145 1598 3234 1667 qui
3279 1600 3491 1667 populis
3534 1617 3765 1669 prmesse

2176 1686 2535 1753 cognoscitur,
2584 1704 2694 1742 non
2724 1705 2831 1742 uno
2860 1689 3083 1743 consilio
3112 1690 3366 1759 praeditus
3397 1692 3540 1765 [ms.,
3574 1693 3764 1763 prveli—

2176 1780 2347 1851 turus]
2372 1781 2660 1837 invenitur.
2687 1781 2918 1838 Feroces
2946 1782 3282 1837 districtione
3312 1785 3590 1854 premendi
3620 1796 3760 1851 sunt,

2175 1874 2440 1928 mansueti
2464 1874 2693 1929 civiliter
2716 1874 3071 1940 admonendi;
3097 1873 3270 1929 dolosi
3293 1884 3471 1941 caute,
3496 1878 3764 1947 simplices

2175 1968 2273 2023 sub
2301 1968 2523 2023 lenitate
2550 1968 2812 2023 tractandi
2840 1977 2983 2024 sunt.
3016 1967 3085 2021 Et
3124 1969 3245 2023 ideo
3276 1970 3473 2039 ubique
3506 1971 3763 2040 probatur

2174 2076 2293 2117 esse
2322 2063 2627 2118 necessaria
2676 2063 2983 2132 prudentia,
3025 2064 3279 2132 quoniam
3319 2064 3484 2119 rebus
3515 2067 3762 2120 omnibus

2174 2155 2432 2210 adhibere
2472 2155 2687 2209 videtur
2732 2155 3099 2209 accommoda.
3129 2154 3478 2225 Quapropter
3518 2157 3764 2214 devotio-

2174 2262 2296 2300 nem
2327 2236 2471 2300 tuam
2519 2244 2724 2300 solatiis
2778 2245 2919 2300 illius
2968 2245 3069 2299 viri
3118 2245 3402 2301 clarissimi
3454 2249 3759 2303 cancellarii

2174 2338 2343 2391 nostri
2385 2337 2614 2392 solemni
2661 2353 2813 2392 more
2854 2338 3205 2407 deputamus;
3242 2347 3523 2394 utcontra
3565 2342 3759 2395 nullum

2174 2429 2333 2481 alium
2364 2428 2607 2498 erigaris,
2642 2430 2739 2483 nisi
2763 2430 2853 2499 qui
2882 2429 3088 2496 legibus
3110 2445 3301 2499 parere
3328 2430 3654 2501 despexerit.
3682 2432 3756 2485 Ad

2174 2522 2348 2577 forum
2388 2521 2539 2576 trahe
2570 2523 2658 2593 qui
2686 2524 2829 2591 justa
2864 2538 2969 2576 non
3011 2524 3238 2595 recipit;
3284 2525 3382 2578 sub
3433 2526 3763 2579 continentia

2174 2616 2426 2678 irascere,
2460 2616 2559 2671 sub
2586 2617 2899 2671 maturitate
2924 2616 3204 2684 distringe.
3231 2616 3430 2671 Timeri
3460 2627 3513 2671 te
3541 2619 3765 2688 amplius

2172 2710 2419 2764 volumus
2446 2724 2606 2779 quam
2638 2709 2873 2779 probari,
2900 2710 3024 2779 quia
3058 2710 3293 2763 maxime
3314 2709 3445 2763 illud
3472 2710 3644 2779 vigori
3677 2719 3764 2765 tuo

2172 2804 2527 2873 reputabitur,
2556 2802 2599 2857 si
2632 2802 2828 2856 nullius
2858 2803 3279 2871 pnesumptione
3308 2810 3583 2871 peccetur.
3612 2801 3767 2870 Cogi-

2173 2906 2317 2952 tetur
2358 2912 2467 2968 prie
2497 2896 2747 2951 omnibus
2791 2896 3031 2965 pecunia:
3059 2894 3287 2964 publica:
3332 2893 3505 2947 ﬁdelis
3534 2895 3761 2948 exactio.

2173 2989 2255 3045 Sit
2283 2999 2428 3044 tuum
2482 2988 2827 3043 commodum
2869 2996 3213 3057 contemptus
3255 2987 3484 3041 alienus.
3534 2986 3765 3041 Coactus

2174 3086 2351 3150 faciat,
2386 3086 2476 3156 qui
2502 3085 2645 3154 justa
2692 3092 2889 3153 sponte
2929 3082 3202 3151 complere
3231 3082 3547 3149 neglexerit.
3582 3081 3764 3137 Causis

2178 3187 2384 3233 tantum
2418 3187 2471 3233 te
2499 3177 2761 3246 delcgatis
2798 3176 3067 3246 impende.
3102 3174 3156 3230 Si
3188 3184 3457 3246 przecepta
3504 3175 3760 3244 sequeris,

2177 3268 2331 3323 devia
2364 3284 2469 3323 non
2500 3267 2748 3336 requiris.
2790 3266 2953 3320 Caret
2977 3266 3158 3335 culpa,
3201 3266 3293 3334 qui
3338 3265 3603 3335 imperata
3647 3280 3763 3335 per-

2176 3361 2380 3415 fecerit.
2414 3360 2471 3412 ln
2502 3367 2823 3413 exsecutore
2848 3357 2977 3411 illud
3008 3365 3090 3412 est
3133 3357 3449 3426 pessimum,
3491 3356 3535 3411 si
3575 3354 3763 3423 judicis

2182 3457 2338 3526 190
2367 3454 2636 3523 relinquat
2681 3452 2981 3506 arbitrium.
3030 3450 3146 3505 Non
3190 3449 3312 3504 inde
3347 3448 3595 3517 jacteris,
3625 3449 3764 3519 quod

2174 3548 2271 3601 tibi
2314 3564 2419 3602 non
2466 3554 2644 3616 potest
2688 3544 2934 3599 obviari:
2986 3558 3088 3597 nec
3136 3557 3411 3596 assumere
3458 3541 3759 3611 superbiam

2173 3639 2326 3701 velis,
2378 3639 2503 3707 quia
2554 3646 2605 3691 te
2648 3635 2938 3690 multorum
2970 3634 3245 3687 humilitas
3274 3634 3626 3703 pertimescit.
3656 3632 3762 3687 Viri

2176 3730 2343 3786 fortes
2371 3745 2584 3800 semper
2614 3730 2666 3784 in
2693 3745 2825 3800 pace
2870 3728 3098 3783 modesti
3128 3736 3282 3793 sunt,
3314 3734 3367 3781 et
3388 3726 3651 3796 justitiam
3682 3728 3760 3781 ni-

2173 3823 2275 3876 mis
2322 3821 2579 3889 diligunt,
2636 3819 2727 3889 qui
2781 3817 3091 3887 frequenter
3138 3818 3319 3887 prmlia
3379 3826 3757 3871 tractaverunt.

2174 3912 2346 3979 Quam
2378 3921 2587 3981 gratum
2610 3921 2711 3975 est,
2742 3911 2787 3967 si
2820 3912 2962 3965 inter
2991 3919 3243 3980 parentes
3270 3924 3539 3974 reversus,
3570 3924 3760 3978 quere-

2174 4006 2344 4060 larum
2376 4022 2485 4060 non
2526 4012 2772 4075 reportes
2803 4004 3173 4075 opprobrium,
3230 4003 3324 4057 sed
3372 4004 3445 4057 ita
3480 4012 3531 4058 te
3568 4018 3762 4071 cogno-

2172 4108 2328 4153 scant
2381 4097 2577 4165 egisse,
2621 4095 3075 4165 quemadmodum
3128 4094 3411 4163 diligentes
3469 4094 3763 4164 probantur

2174 4188 2389 4259 Optare!
2437 4187 2545 4243 Nos
2586 4187 2747 4241 etiam
2788 4194 3062 4255 gratanter
3103 4186 3402 4255 excipimus
3450 4202 3571 4241 cum
3610 4185 3761 4240 laude

2172 4280 2478 4335 venientem
2498 4320 2512 4345 ,
2537 4288 2593 4335 et
2621 4280 2732 4335 otio
2752 4294 2947 4334 vacare
2976 4294 3084 4333 non
3112 4278 3357 4343 sinimus,
3388 4294 3547 4348 quem
3575 4281 3759 4347 proba-

2172 4373 2352 4428 biliter
2379 4374 2552 4442 egisse
2598 4373 2879 4428 sentimus.
2906 4370 2998 4425 llis
3040 4371 3202 4426 etiam
3234 4380 3287 4426 et
3314 4386 3492 4425 rerum
3524 4371 3761 4425 dominus

2174 4465 2380 4535 majora
2410 4465 2599 4529 credit,
2630 4479 2768 4533 quos
2798 4464 2938 4518 bona
2980 4462 3312 4519 conscientia
3358 4462 3618 4517 utilitates
3647 4476 3763 4515 suas

2176 4560 2349 4629 egisse
2380 4559 2709 4629 probaverit.
2758 4557 2967 4625 Quanta
3005 4567 3130 4613 sunt
3158 4573 3275 4626 qnze
3323 4566 3549 4627 possunt
3584 4560 3762 4612 tollere

2177 4652 2474 4723 sapientes!
2511 4651 2679 4706 Nemo
2705 4652 2936 4721 amplius
2966 4650 3197 4721 acquirit
3227 4665 3387 4721 quam
3415 4650 3508 4721 qui
3546 4665 3609 4707 se
3632 4651 3761 4706 bona

2180 4745 2590 4800 conversatione
2620 4744 2953 4798 tractaverit.

2756 4834 3091 4892 EPISTOLA
3120 4835 3205 4890 IV.

2287 4946 2637 4987 CANONICARIO
2667 4946 3011 4986 VENETIARUH
3052 4944 3292 4984 SENATOR
3322 4944 3644 4984 PR£PECTUS

2824 5017 3125 5057 PRIETORIO.

2178 5095 2330 5151 lubet
2361 5106 2415 5149 ut
2443 5098 2607 5166 pisces
2645 5098 2926 5167 exquisitos
2957 5105 3005 5148 et
3027 5097 3198 5149 riuum
3244 5096 3600 5167 acinatirium,
3641 5090 3763 5166 quod

2357 5168 2588 5238 pluribus
2619 5166 2886 5231 laudatur,
2918 5184 3107 5221 mensa:
3142 5169 3277 5239 regis
3305 5166 3593 5237 provideat.

2248 5260 2447 5319 Mensa:
2498 5262 2691 5332 regalis
2741 5269 3031 5333 apparatus
3060 5261 3377 5324 ditissimus,
3430 5276 3539 5315 non
3581 5271 3763 5331 parvus

2174 5530 2494 5585 indictiones
2527 5529 2684 5595 solvi,
2715 5528 2807 5583 lib.
2842 5529 2964 5595 ult.,
2992 5528 3052 5583 C.
3088 5527 3168 5583 De
3189 5546 3385 5582 annon.
3419 5536 3468 5583 et
3509 5525 3650 5593 trib.;
3675 5525 3758 5580 lib.

2175 5619 2242 5656 xv
2288 5610 2343 5655 et
2382 5618 2467 5655 xvi
2513 5600 2574 5655 C.
2609 5600 2840 5665 Tlieod.,
2873 5600 2993 5653 eod.
3045 5600 3150 5663 tit.;
3192 5608 3247 5655 et
3277 5600 3401 5654 inde
3444 5600 3759 5665 singularum

2174 5673 2719 5743 pensimunnlireves
2758 5672 3207 5741 quadrimenstrui
3239 5680 3383 5743 sunt,
3418 5680 3475 5724 ut
3516 5671 3615 5743 lioc
3648 5668 3761 5721 loco

2176 5742 2356 5797 videre
2389 5753 2491 5798 est.
2510 5742 2631 5796 llaec
2656 5754 2833 5795 autem
2854 5742 3091 5795 auctoris
3116 5743 3275 5797 verba
3306 5742 3593 5795 Accnrsius
3620 5754 3761 5791 usur-

2177 5818 2322 5884 pavit
2355 5816 2403 5866 in
2440 5815 2527 5867 ΞΗ).
2566 5832 2603 5877 l,
2631 5816 2689 5867 t2.
2721 5813 3036 5885 Dehupoc/iis
3058 5814 3308 5885 publicis;
3339 5819 3392 5867 ct
3421 5811 3546 5881 Mujt
3569 5810 3757 5871 riauus,

2177 5883 2387 5942 novella
2420 5885 2484 5940 de
2512 5885 2623 5939 ind.
2659 5884 2757 5940 rel.
2792 5883 2982 5940 Bnoss.
