4006 6498
259 360 390 424 85Ἱ

1565 355 1920 415 VARIARUM
1960 360 2161 419 LIBER
2199 364 2310 422 XII.

3457 367 3566 428 αδδ

261 486 599 556 reipublicae
637 488 897 558 probatur
941 499 1162 546 ornatus
1185 531 1202 556 ,
1251 489 1378 558 quia
1435 493 1585 542 tanta
1626 481 1874 540 dominus
1905 480 1953 542 Α
1979 482 2172 538 decora
2204 493 2306 551 est,
2338 493 2393 541 et
2421 502 2612 542 serena
2641 488 2880 558 puritas;
2912 498 2972 544 ut
3013 488 3140 546 illud
3164 489 3235 546 de
3270 490 3427 556 rosis,
3457 490 3562 548 hoc

262 581 566 650 possidere
594 581 850 650 creditur,
874 585 1090 652 quantis
1111 584 1441 639 novitatibus
1471 581 1734 652 epulatur.
1770 577 1879 632 Pri-

263 675 394 729 vati
445 683 527 729 est
567 675 768 732 habere
818 679 969 746 quod
1003 677 1150 732 locus
1181 677 1454 741 continet;
1500 675 1554 729 in
1592 671 1876 744 principali

264 767 536 822 convivio
567 768 670 824 hoc
699 768 942 838 profecto
972 769 1125 824 decet
1153 769 1379 840 exquiri,
1413 767 1553 838 quod
1584 767 1754 820 visum
1779 764 1876 818 de-

266 857 415 913 beat
441 859 712 916 admirari.
756 861 997 918 Destinet
1023 877 1239 932 carpam
1290 861 1579 926 Danubius,
1623 875 1652 914 a
1684 857 1876 913 Rheno

265 953 474 1006 veniat
500 953 830 1023 anehorago,
863 957 1193 1010 exormiston
1220 953 1399 1009 Sicula
1441 951 1768 1023 quibuslibet
1799 950 1879 1003 la-

265 1043 510 1100 boribus
555 1046 844 1114 oil'eratur,
900 1047 1205 1104 Brutiorum
1262 1063 1412 1103 mare
1455 1047 1640 1101 dulces
1696 1044 1878 1098 mittat

267 1140 554 1208 acernias,
581 1140 760 1210 sapori
792 1141 965 1211 pisces
991 1140 1058 1196 de
1087 1141 1310 1196 diversis
1341 1140 1534 1194 tinibus
1563 1137 1874 1192 afferantur.

267 1227 373 1286 Sic
405 1231 566 1288 decet
607 1248 788 1302 regem
835 1249 1077 1304 pascere,
1110 1243 1168 1288 ut
1197 1249 1227 1288 a
1273 1233 1459 1304 legatis
1486 1232 1724 1303 gentium
1755 1245 1876 1285 cre-

267 1323 450 1378 datur
490 1341 626 1396 pene
675 1326 855 1381 omnia
899 1327 1196 1398 possidere.
1248 1325 1316 1379 Et
1362 1325 1484 1380 ideo
1539 1323 1876 1395 procuranda

266 1425 415 1471 sunt
441 1419 584 1483 vina,
615 1435 734 1490 qua:
758 1421 1101 1491 singulariter
1131 1421 1354 1477 fecunda
1399 1421 1569 1475 nutrit
1604 1419 1776 1484 Italia,
1809 1433 1880 1474 ne

267 1510 374 1578 qui
428 1520 653 1567 externa
701 1512 959 1568 debemus
1007 1523 1286 1586 appetere,
1336 1512 1615 1569 videamur
1660 1511 1879 1582 propria

266 1617 392 1657 non
445 1605 743 1672 quaesiisse.
777 1605 1001 1664 Comitis
1030 1608 1212 1678 itaque
1259 1606 1568 1679 patrimonii
1615 1605 1879 1660 relatione

266 1692 621 1750 declaratum
653 1707 756 1764 est,
780 1700 1144 1766 acinaticium,
1167 1702 1252 1755 cui
1275 1715 1478 1775 nomen.
1501 1714 1567 1754 ex
1593 1699 1749 1753 acino
1773 1705 1876 1762 est,

267 1787 535 1843 enthecis
581 1789 770 1845 aulicis
814 1790 976 1846 fuisse
1033 1800 1330 1846 tenuatum.
1384 1791 1448 1845 Et
1499 1791 1623 1860 quia
1671 1797 1879 1845 cuncta),

267 1877 577 1948 dignitates
605 1882 743 1956 [Ac.,
772 1881 1040 1954 civitates]
1065 1885 1293 1957 invicem
1322 1882 1423 1938 sibi
1467 1882 1666 1937 debent
1694 1896 1883 1936 neces-

267 1972 430 2026 saria
460 1972 790 2044 ministrare,
828 1989 948 2044 qua:
972 1976 1268 2045 probantur
1297 1976 1365 2030 ad
1410 1991 1591 2031 rerum
1634 1974 1882 2031 dominos

269 2064 584 2133 pertinere,
623 2065 689 2121 ad
719 2083 1059 2137 possessores
1089 2068 1449 2136 Yeronenses,
1499 2069 1589 2124 ubi
1638 2067 1756 2138 ejus
1804 2067 1881 2124 rei

271 2170 420 2209 cura
450 2158 718 2228 praecipua
741 2167 844 2226 est,
868 2160 1236 2230 vosjubemus
1265 2161 1524 2216 accedere
1551 2178 1564 2227 ;
1594 2167 1880 2230 quatenus,

269 2256 518 2317 accepto
566 2253 743 2319 pretio
793 2253 1142 2323 competenti,
1195 2253 1372 2308 nullus
1412 2252 1596 2308 tardet
1648 2251 1885 2307 vendere

271 2341 437 2410 quod
479 2343 758 2413 principali
805 2345 990 2413 gratiae
1019 2345 1242 2400 deberet
1282 2345 1498 2400 oil‘crre.
1526 2344 1694 2414 Digna
1725 2344 1886 2412 plane

277 2433 525 2503 species,
553 2434 620 2488 de
648 2451 753 2504 qua
784 2451 842 2491 se
866 2436 1034 2506 jactet
1075 2437 1246 2491 Italia.
1283 2437 1417 2492 Nam
1448 2438 1575 2492 licet
1608 2437 1884 2505 ingeniosa

277 2523 499 2581 Graecia
531 2527 820 2582 multifaria
849 2544 908 2582 se
944 2528 1235 2598 diligentiae
1279 2529 1580 2584 subtilitate
1609 2544 1885 2584 commen-

275 2619 400 2684 det,
433 2626 487 2672 et
508 2619 631 2674 vina
659 2636 755 2674 sua
782 2629 874 2675 aut
909 2621 1164 2677 odoribus
1194 2622 1410 2677 condiat
1449 2633 1498 2688 ³,
1531 2630 1623 2676 aut
1663 2622 1886 2678 marinis

278 2709 741 2780 permixtionibus
766 2712 1076 2782 insaporet:
1107 2713 1206 2767 sub
1241 2721 1390 2767 tanta
1437 2720 1618 2766 tamen
1649 2712 1888 2782 exquisi-

285 2803 442 2858 tione
471 2804 740 2873 reperitur
770 2804 944 2860 simile
975 2806 1046 2858 nil
1076 2805 1298 2859 habere.
1341 2804 1455 2860 l‘Ioc
1483 2812 1563 2859 est
1595 2806 1738 2860 enim
1768 2821 1886 2859 me-

286 2909 415 2950 rum
459 2902 513 2949 et
565 2896 750 2952 colore
798 2897 1036 2965 regium,
1096 2905 1149 2951 et
1192 2911 1388 2966 sapore
1431 2897 1785 2967 przecipunm,
1830 2904 1890 2950 ιιι

284 2988 523 3043 blattam
553 2997 646 3042 aut
689 2988 856 3057 ipsius
905 2997 1058 3058 putes
1085 2986 1322 3043 fontibus
1353 2987 1502 3056 tingi,
1530 2995 1624 3041 aut
1650 2988 1889 3056 liquores

286 3081 415 3150 ejus
451 3097 480 3134 a
534 3096 770 3150 purpura
820 3081 1109 3137 credantur
1169 3083 1431 3152 expressi.
1489 3082 1727 3137 Dulcedo
1780 3082 1887 3137 illic

288 3170 552 3225 incil‘abili
583 3172 848 3227 suavitate
876 3173 1107 3227 sentitur
1132 3191 1144 3226 :
1171 3173 1352 3242 stipsis
1381 3173 1564 3228 nescio
1584 3188 1687 3242 qua
1722 3172 1887 3227 ﬁrmi-

287 3268 410 3315 tate
450 3261 756 3329 roboratur,
801 3270 973 3317 tactus
1001 3264 1119 3332 ejus
1165 3262 1431 3317 densitate
1473 3263 1791 3333 pinguescit,
1824 3270 1884 3318 ut

289 3353 447 3409 dit-as
477 3369 596 3409 esse
625 3362 717 3408 aut
739 3370 993 3410 carneum
1025 3355 1311 3424 liquorem,
1357 3363 1449 3410 aut
1487 3355 1737 3411 edibilem
1789 3371 1887 3425 po-

290 3446 521 3499 tionem.
555 3444 706 3500 Libet
737 3445 936 3502 refcrre
962 3462 1122 3516 quam
1157 3447 1442 3516 singularis
1473 3463 1592 3502 esse
1641 3449 1888 3504 videatur

291 3536 417 3607 ejus
446 3537 718 3592 collectio.
763 3538 1036 3593 Autumno
1062 3538 1198 3593 lecta
1226 3537 1293 3593 de
1342 3539 1511 3594 vineis
1556 3539 1609 3594 in
1655 3541 1890 3610 pergulis

291 3627 610 3684 domesticis
658 3645 759 3684 uva
816 3630 1067 3699 resupina
1115 3630 1494 3700 suspenditur,
1537 3620 1784 3688 servatur
1836 3634 1890 3689 in

290 3721 442 3777 vasis
483 3721 616 3791 suis,
659 3723 832 3778 thecis
880 3724 1216 3780 naturalibus
1265 3726 1581 3782 custoditur.
1633 3727 1890 3800 Rigescit,

300 3831 418 3870 non
449 3816 697 3884 liquescit
735 3831 804 3872 ex
847 3819 1040 3873 senio:
1074 3827 1199 3874 tunc
1221 3819 1398 3875 fatuos
1433 3822 1687 3879 humores
1733 3840 1894 3881 exsu-

294 3904 456 3973 dans,
487 3918 680 3971 magna
725 3905 989 3961 suavitate
1029 3907 1308 3964 dulcescit.
1339 3909 1591 3967 Trahitur
1635 3913 1702 3968 ad
1743 3930 1895 3970 men-

293 4013 416 4055 sem
448 3997 822 4065 Decembrem,
851 3999 1026 4056 donec
1068 3998 1268 4057 ﬂuxum
1314 4003 1435 4071 ejus
1462 4005 1656 4062 hiemis
1686 4015 1896 4078 tempus

301 4091 554 4162 aperiat;
585 4091 832 4161 miroque
859 4092 1021 4149 modo
1048 4094 1237 4165 incipit
1266 4111 1386 4152 esse
1428 4113 1648 4164 novum,
1681 4101 1897 4170 quando

300 4181 460 4238 cellis
487 4183 737 4238 omnibus
759 4185 1026 4254 reperitur
1046 4187 1342 4258 antiquum.
1372 4187 1617 4246 Iliemale
1639 4201 1894 4261 mustum,

301 4290 533 4331 uvarum
562 4275 786 4347 frigidus
814 4280 1051 4348 sanguis,
1084 4282 1134 4335 in
1165 4282 1342 4350 rigore
1381 4283 1669 4352 vindemia,
1702 4302 1899 4343 cruen-

300 4377 396 4425 tus
420 4371 615 4441 liquor,
648 4388 883 4443 purpura
918 4375 1186 4444 potabilis,
1211 4377 1445 4432 violeum
1473 4388 1698 4434 nectar:
1731 4381 1902 4437 defer-

302 4473 400 4519 vet
427 4465 659 4534 primum
700 4465 752 4519 in
793 4466 1000 4534 origine
1040 4483 1167 4534 sua;
1217 4477 1273 4523 et
1317 4485 1438 4524 cum
1489 4471 1728 4540 potuerit
1773 4472 1902 4528 ado-

300 4554 533 4622 lescere,
582 4565 898 4626 perpetuam
949 4557 1136 4628 incipit
1179 4559 1383 4615 habere
1425 4563 1744 4619 novitatem.
1782 4564 1899 4621 Non

1980 577 2230 632 credatur
2255 587 2436 633 natum
2467 595 2586 634 esse
2609 580 2674 635 de
2704 582 2843 636 liliis.
2878 581 3073 638 Colore
3120 584 3334 654 quidem
3377 592 3562 640 extra«

1980 684 2160 735 neum,
2195 671 2287 725 sed
2316 687 2512 742 sapore
2543 686 2858 740 germanum
2906 684 2986 730 est
3022 695 3033 729 :
3077 687 3323 748 aspectus
3360 677 3560 749 dispar,

1981 769 2035 818 et
2064 765 2252 820 similis
2275 765 2325 819 in
2353 776 2582 836 utroque
2605 768 2862 822 suavitas.
2894 767 3028 824 Nam
3057 769 3200 838 quod
3224 779 3379 826 acute
3399 772 3562 843 sapit,

1981 857 2124 926 quod
2180 859 2288 913 cito
2341 859 2531 924 reiicit,
2582 875 2870 916 commune
2915 862 3018 916 illis
3058 863 3416 932 intelligitur:
3466 865 3564 922 sed

1979 967 2172 1020 magna
2203 962 2284 1009 est
2302 955 2554 1010 distantia
2585 971 2703 1026 quae
2747 957 2974 1012 videtur.
3007 957 3152 1012 Istud
3203 959 3427 1014 intueris
3475 978 3566 1015 rn-

1979 1043 2111 1100 bore
2133 1045 2331 1109 lmtum,
2365 1047 2492 1102 illud
2517 1049 2786 1118 conspicis
2807 1048 3041 1104 candore
3064 1049 3330 1104 festivum.
3358 1049 3423 1104 Et
3445 1051 3566 1106 ideo

1980 1139 2289 1207 procuratio
2332 1154 2519 1194 eorum
2553 1139 2719 1196 debet
2756 1155 2874 1195 esse
2917 1141 3217 1206 celerrima,
3251 1141 3464 1208 quando
3515 1143 3566 1196 in

1980 1234 2242 1288 ambobus
2271 1249 2390 1289 esse
2415 1236 2762 1304 cognoscitur
2803 1235 2951 1306 quod
2993 1235 3196 1306 pariter
3223 1240 3570 1305 exspectatur

1983 1323 2110 1397 [ed.,
2138 1323 2460 1397 expetatur].

2553 1459 2888 1518 EPISTOLA
2927 1461 2992 1516 V.

1979 1590 2280 1632 VALERIANO
2329 1574 2566 1649 [ms.A.,
2616 1573 2868 1646 νΑιειιιο]
2911 1591 3032 1631 vmo
3079 1589 3286 1630 senum
3332 1589 3570 1631 senuon

2448 1684 2767 1724 PR.£FECTUS
2805 1682 3104 1722 PR/ETOIIIO.

1988 1784 2267 1857 Signiﬁcat
2295 1802 2468 1857 regem
2492 1785 2660 1852 pretia
2685 1799 2852 1857 rerum
2874 1783 2928 1857 in
2961 1780 3213 1857 Lucqnia,
3249 1779 3572 1857 Brutiorum-

2061 1850 2156 1925 que
2175 1859 2314 1925 agris
2345 1850 2406 1909 ὁὸ
2430 1850 2630 1909 illatam
2671 1854 2737 1906 ab
2757 1855 2982 1925 exercitu
3011 1854 3263 1925 injuriunt
3303 1850 3570 1925 minuisse.

2060 1921 2188 1980 Tum
2205 1921 2350 1996 jubet
2378 1937 2432 1979 ut
2461 1926 2637 1995 populi
2675 1942 2706 1977 a
2740 1923 3022 1996 iudicibus,
3057 1921 3088 1976 ὰ
3127 1921 3337 1996 ducibus
3382 1921 3574 1996 milites

2056 1999 2111 2052 in
2133 1990 2300 2067 o/[icio
2330 1990 2710 2067 contineantur.
2740 1990 3137 2067 Deniquervetat
3165 1995 3433 2067 quominus
3464 1990 3573 2067 ulta

1987 2144 1989 2146 η
2060 2061 2264 2152 donius,
2297 2086 2358 2124 ne
2387 2085 2481 2122 sua
2511 2066 2734 2139 quidem,
2764 2075 2853 2119 aut
2882 2061 3046 2138 regia,
3079 2063 3142 2118 ab
3166 2061 3367 2118 alendis
3409 2061 3573 2133 copiis

2055 2149 2332 2194 eximatur.

2058 2253 2396 2310 Generaliter
2415 2253 2632 2322 quidem
2651 2251 3040 2323 amplissimum
3061 2251 3396 2321 cognitorem
3421 2248 3576 2304 decet

1985 2344 2248 2402 benelieia
2279 2345 2505 2400 dilatare
2543 2363 2556 2398 :
2607 2343 2863 2416 quoniam
2912 2343 3002 2414 qui
3050 2342 3298 2398 omnibus
3346 2355 3578 2412 pnnesse

1987 2438 2351 2508 cognoscitur,
2387 2437 2596 2492 cunctis
2625 2435 2937 2506 impendere
2987 2434 3269 2506 profutura
3299 2442 3574 2489 censetur.

1987 2531 2094 2588 Sed
2124 2530 2456 2602 gratiﬁcante
2485 2537 2676 2584 natura
2725 2528 2830 2583 illis
2875 2528 3107 2599 amplius
3160 2527 3440 2594 debemus,
3484 2523 3576 2595 qui

1987 2626 2144 2680 nobis
2175 2625 2352 2694 aliqua
2384 2622 2727 2692 proximitate
2767 2621 3095 2690 junguntur;
3138 2619 3263 2674 dum
3304 2616 3578 2688 quoddam

1987 2731 2157 2786 genus
2184 2715 2316 2771 recti
2364 2713 2607 2768 videatur
2652 2727 2772 2768 esse
2813 2711 3097 2783 propositi,
3149 2712 3216 2766 ab
3267 2709 3578 2780 mqualitate

1988 2809 2208 2864 discedi.
2241 2807 2372 2860 Nam
2398 2805 2717 2860 modestiam
2747 2804 2967 2873 collegis
2996 2801 3373 2873 impendimus,
3423 2815 3579 2855 reve-

1989 2900 2221 2956 rentiam
2244 2896 2488 2967 patribus
2512 2895 2828 2951 exhibemus
2859 2913 2870 2948 :
2900 2894 3107 2948 civibus
3137 2892 3396 2947 debemus
3425 2905 3576 2946 com-

1971 3006 2206 3048 munem
2247 2989 2496 3058 gratiam,
2530 2986 2625 3042 sed
2666 2987 2915 3042 aliectum
2961 2985 3085 3040 ﬁliis
3133 2984 3494 3053 singularem;
3526 2998 3581 3038 et

1991 3092 2139 3139 tanta
2169 3081 2625 3139 necessitudinum
2656 3080 2738 3136 vis
2779 3087 2879 3146 est,
2920 3087 2982 3134 ut
3019 3078 3199 3134 nullus
3246 3091 3304 3132 se
3333 3083 3580 3131 contem-

1990 3186 2142 3249 ptum
2172 3175 2445 3246 dijudicct,
2489 3175 2534 3229 si
2580 3174 2682 3230 sibi
2730 3173 2904 3228 aliena
2947 3173 3174 3242 pignora
3201 3169 3422 3242 przelata
3462 3183 3582 3225 esse

1993 3269 2292 3338 cognoscit.
2323 3266 2388 3321 Et
2417 3266 2540 3321 ideo
2570 3280 2680 3320 non
2709 3273 2792 3320 est
2831 3263 3034 3333 aliquid
3080 3261 3356 3332 injustum,
3392 3258 3460 3314 de
3486 3274 3585 3330 pa-

1969 3366 2095 3432 ,tria
2125 3363 2244 3434 plus
2264 3376 2383 3418 esse
2405 3359 2712 3423 sollicitum,
2743 3373 2808 3412 eo
2831 3355 3128 3428 pmsertim
3163 3362 3428 3424 tempore,
3460 3367 3584 3406 cum

1995 3457 2110 3527 ejus
2138 3455 2419 3511 videamur
2444 3451 2697 3523 periculis
2725 3449 3032 3505 subvenire.
3067 3445 3194 3502 Plus
3220 3445 3363 3500 enim
3391 3459 3485 3499 eos
3505 3442 3587 3498 di-

1996 3552 2164 3621 ligere
2192 3549 2479 3612 credimur,
2525 3560 2662 3616 quos
2711 3544 2924 3613 eripere
2963 3541 3302 3597 festinamus.
3351 3537 3589 3593 Veniens

1997 3647 2180 3713 itaque
2239 3655 2559 3697 numerosus
2606 3637 2904 3700 exercitus,
2955 3635 3046 3706 qui
3100 3633 3169 3688 ad
3214 3631 3582 3686 defensionem

2005 3739 2158 3810 191
2188 3734 2496 3806 reipublicae
2527 3731 2770 3788 noscitur
2810 3729 3134 3794 destinatus,
3170 3724 3420 3780 Lucania:
3457 3722 3592 3776 Bru-

2000 3831 2304 3896 tiorumqne
2359 3825 2554 3880 dicitur
2597 3822 2742 3878 culta
2788 3827 3053 3884 vastasse,
3096 3825 3152 3873 et
3207 3813 3590 3870 abundantiam

2000 3920 2279 3990 regionum
2307 3914 2484 3970 studio
2513 3921 2764 3968 tenuasse
2810 3909 3144 3979 rapinarum.
3180 3903 3284 3958 Sed
3335 3900 3592 3972 quoniam

2000 4022 2058 4070 et
2087 4012 2189 4068 illis
2217 4014 2347 4065 dare
2369 4013 2424 4062 et
2451 4006 2566 4062 istis
2619 4017 2835 4059 sumere
2884 4016 2983 4072 pro
3033 3995 3292 4066 temporis
3334 3992 3595 4064 qualitate

2001 4118 2226 4161 necesse
2253 4109 2358 4169 est,
2389 4097 2561 4169 pretia
2588 4111 2708 4166 qua:
2736 4093 2989 4162 antiquus
3032 4088 3166 4144 ordo
3211 4083 3491 4140 constituit
3527 4097 3596 4138 ex

1997 4198 2241 4268 jussionc
2294 4205 2480 4247 rerum
2533 4187 2734 4243 domini
2780 4181 3090 4254 cognoscite
3148 4182 3485 4247 temperata,
3537 4183 3598 4229 ut

2004 4290 2177 4346 multo
2207 4285 2408 4341 arctius
2438 4296 2597 4354 quam
2619 4278 2855 4334 vendere
2902 4272 3159 4330 solebatis
3189 4272 3240 4325 in
3272 4284 3449 4324 assem
3498 4283 3597 4338 pu-

2003 4384 2203 4439 blicum
2233 4377 2455 4449 praebita
2478 4374 2713 4430 debeant
2742 4367 3028 4440 imputari;
3061 4371 3327 4434 quatenus
3353 4376 3454 4416 nec
3481 4376 3600 4430 pos~

2004 4488 2184 4530 sessor
2223 4467 2525 4539 dispendia,
2569 4477 2670 4518 nec
2691 4459 2963 4517 exercitus
3009 4456 3262 4511 laborans
3331 4453 3598 4507 sustinere

2003 4565 2176 4638 possit
2220 4560 2481 4631 inepiam.
2511 4555 2691 4611 Nolite
2716 4553 2877 4621 igitur
2899 4564 3018 4605 esse
3066 4546 3302 4604 solliciti.
3345 4542 3600 4598 Evasistis

302 4647 545 4704 calcibus
576 4647 832 4716 injuriose
865 4648 1127 4717 tunditur,
1173 4665 1274 4704 nec
1303 4651 1483 4722 aliqua
1525 4653 1765 4709 sordium
1808 4657 1902 4712 ad-
1927 4629 1980 4690 Ῑ)
2008 4629 2337 4724 exigentium
2365 4664 2575 4711 manus,
2609 4646 2806 4701 tributa
2833 4641 2986 4698 vobis
3016 4653 3252 4711 prmsens
3287 4636 3476 4692 adimit
3506 4650 3604 4706 ap-

303 4738 571 4794 mixtione
597 4736 866 4804 fuscatur;
896 4739 1010 4805 sed,
1051 4741 1506 4809 quemadmodum
1536 4743 1710 4812 decet,
1743 4747 1900 4803 nobi-

306 4828 432 4884 litas
461 4839 605 4884 tanta
636 4839 981 4900 provocatur.
1026 4830 1238 4897 Deﬂuit,
1271 4833 1397 4888 dum
1439 4849 1574 4904 aqua
1627 4836 1900 4907 durescit;

307 4920 537 4976 fecunda
569 4929 669 4987 est,
702 4937 824 4978 cum
873 4922 1050 4977 omnis
1097 4938 1346 4993 agrorum
1385 4926 1590 4984 fructus
1638 4930 1900 4987 abscedit.

311 5013 545 5069 Distillat
605 5014 831 5082 gemmis
887 5030 1199 5085 comparem
1252 5017 1554 5088 liquorem,
1607 5020 1902 5090 jucundum

315 5109 499 5163 nescio
529 5107 657 5178 quid
686 5109 1022 5181 illacrymat;
1054 5119 1109 5165 et
1132 5119 1328 5182 przeter
1355 5113 1502 5183 quod
1530 5115 1646 5184 ejus
1675 5116 1906 5173 delectat

314 5198 646 5264 dulcedo,'in
685 5211 908 5272 aspectu
945 5203 1231 5274 singularis
1257 5205 1375 5274 ejus
1417 5213 1501 5262 est
1540 5207 1902 5278 pulchritudo.

317 5291 432 5358 lloc
460 5295 785 5364 quantocius
800 5296 1170 5366 perquisitum,
1196 5307 1252 5353 et
1270 5301 1703 5371 competentibus
1721 5303 1906 5373 pretiis

317 5401 686 5460 aggregatum,
738 5392 1022 5449 chartariis
1068 5394 1160 5464 qui
1191 5394 1243 5448 in
1273 5410 1388 5451 rem
1429 5395 1616 5452 directi
1646 5405 1772 5452 sunt
1799 5405 1908 5452 tra-

321 5485 433 5540 dite
481 5484 852 5542 det’erendum.
900 5486 1010 5541 Nec
1065 5486 1193 5542 illud
1240 5488 1614 5558 negligendum
1671 5492 1904 5562 putetis,

318 5577 464 5648 quod
493 5578 669 5635 lacteo
697 5580 895 5650 poculo
925 5579 1234 5645 relucescit,
1265 5581 1482 5650 quando
1527 5582 1646 5652 plus
1675 5591 1759 5638 est
1803 5583 1907 5638 mi-

319 5671 490 5729 rabile
519 5672 667 5743 quod
697 5673 984 5745 potueritis
1013 5673 1284 5730 diflicilius
1313 5674 1575 5730 invenire.
1610 5676 1814 5734 Albedo
1837 5678 1908 5734 ibi

395 5891 421 5920 ι
449 5881 752 5937 Notandum
775 5883 861 5937 hic
893 5891 976 5937 est
1005 5890 1218 5938 veteres
1253 5881 1562 5953 frequenter
1591 5900 1717 5939 usos
1743 5885 1907 5940 fuisse

318 5952 448 6014 Vino
470 5953 724 6010 odoribus
753 5954 992 6022 condito,
1025 5962 1162 6010 teste
1191 5952 1474 6023 Athenaeo,
1497 5955 1677 6034 liba",
1705 5973 1822 6027 cap.
1853 5956 1904 6018 i;

2007 4756 2244 4822 paratus.
2278 4743 2384 4800 Sed
2416 4757 2524 4812 quo
2552 4738 2762 4794 facilius
2794 4737 3150 4790 instrueretur
3176 4740 3356 4786 vestra
3385 4729 3596 4793 notitia,

2007 4818 2420 4910 imputationum
2451 4844 2688 4887 sunnnas
2715 4827 2855 4882 intra
2885 4823 3101 4894 scriptis
3141 4821 3395 4877 brevibus
3428 4818 3603 4874 credi-

2007 4928 2184 4984 dimus
2213 4921 2610 4996 exprimendus,
2655 4926 2712 4974 ut
2753 4933 2912 4972 nemo
2940 4916 3100 4972 vobis
3144 4913 3346 4969 vendat
3392 4910 3602 4966 beneli-

2007 5025 2146 5081 cium
2181 5023 2324 5094 quod
2362 5021 2575 5092 publica
2605 5017 2830 5073 nescitis
2860 5015 3107 5084 largitate
3139 5010 3417 5067 collatum.
3459 5005 3604 5062 Con-

2013 5117 2181 5171 tincte
2201 5128 2330 5182 ergo
2354 5124 2726 5184 possessorum
2749 5108 3174 5177 intemperantes
3191 5108 3389 5156 motus.
3409 5099 3606 5153 Ament

2013 5208 2216 5279 quieta,
2247 5221 2384 5277 quos
2422 5203 2600 5258 nullus
2622 5201 2689 5257 ad
2735 5201 2940 5256 incerta
2969 5194 3289 5267 pnecipitat.
3322 5189 3458 5244 Dum
3487 5188 3604 5244 bel-

2014 5304 2207 5372 ligerat
2234 5299 2535 5356 Gothorum
2587 5294 2882 5358 exercitus,
2912 5291 2983 5346 sit
3021 5289 3074 5344 in
3122 5300 3256 5357 pace
3304 5283 3600 5338 Romanus.

2016 5393 2274 5450 Felicium
2307 5399 2489 5447 votum
2519 5397 2602 5444 est
2621 5386 2766 5458 quod
2785 5385 3024 5456 jubetur.
3052 5379 3131 5436 Ne
3156 5378 3362 5444 rustici,
3396 5383 3607 5446 agreste

2017 5491 2294 5546 hominum
2324 5501 2513 5557 genus,
2545 5484 2672 5540 dum
2703 5477 2980 5538 laborandi
3009 5476 3167 5532 taedia
3193 5473 3423 5543 fugiunt,
3456 5471 3610 5529 illici-

2019 5586 2086 5640 tis
2107 5585 2323 5640 ausibus
2353 5581 2674 5645 eil‘erantur;
2707 5585 2762 5633 et
2790 5581 2982 5630 contra
3011 5587 3109 5628 vos
3147 5569 3407 5640 incipiant
3453 5565 3606 5636 erigi,

2018 5691 2155 5748 quos
2183 5676 2270 5731 vix
2302 5672 2564 5746 poteratis
2591 5671 2645 5725 in
2673 5682 2806 5740 pace
2835 5664 3127 5721 moderari.
3169 5662 3510 5733 Quapropter
3542 5669 3611 5714 ex

2017 5881 2239 5948 Alliam,
2274 5881 2366 5936 lib.
2399 5897 2470 5936 χιι
2504 5877 2640 5934 Hist.
2673 5875 2907 5946 Eunap.;
2933 5871 3212 5944 Sardian.,
3242 5867 3298 5927 in
3324 5863 3610 5935 Jamblico;

2015 5966 2070 6008 ct
2101 5955 2328 6018 Λιίι‹›1›.,
2354 5953 2444 6007 lib.
2477 5966 2529 6005 v.
2555 5950 2742 6007 Bnoss.
