4006 6456
505 254 620 320 359

1709 261 1780 320 Μ.
1819 265 2096 326 AURELII
2133 268 2531 330 CASSIODORI
2623 271 2628 280 ’

3675 279 3774 339 860

505 374 651 446 regia
669 374 908 448 jussionc
929 377 1167 448 singulos
1188 380 1546 438 conductores
1572 396 1867 438 massarum
1890 391 1944 438 et
1963 399 2085 454 pos-
2111 385 2160 448 Α
2189 385 2366 454 genita
2397 388 2601 458 pietate
2640 398 3046 460 praeceperunt,
3079 389 3550 450 interminationes
3597 403 3774 455 tamen

507 483 747 524 sessores
768 469 972 526 validos
1001 469 1304 540 admonete,
1337 481 1396 528 ut
1425 475 1626 528 nullam
1675 475 2000 530 contrahant
2029 475 2084 530 in

506 559 904 616 concertatione
942 559 1287 630 barbariem;
1333 581 1399 620 ne
1446 581 1552 620 non
1584 573 1786 619 tantum
1832 565 2087 620 festinent

502 647 656 702 bellis
687 649 960 720 prodesse,
1001 661 1260 722 quantum
1302 655 1481 726 quiete
1530 657 1878 714 confundere.
1935 657 2086 712 Atri-

501 737 653 810 piant
707 739 924 810 ferrum,
985 743 1080 799 scd
1135 745 1276 800 unde
1331 759 1490 814 agros
1534 749 1812 812 excolunt;
1871 757 2086 805 sumant

499 830 769 900 cuspides,
809 833 973 888 boum
1010 835 1275 902 stimulos,
1313 853 1420 892 non
1471 837 1684 894 furoris.
1729 839 2082 895 Defensorum

497 923 733 978 maxin'ia
755 923 871 979 laus
901 935 1002 992 est,
1048 929 1090 984 si
1123 944 1241 984 cum
1272 929 1345 984 illi
1377 931 1656 986 videantur
1683 933 1962 1004 prrcdictas
1991 949 2081 989 re-

497 1013 685 1080 giones
735 1025 1036 1086 protegere,
1079 1021 1165 1076 isti
1196 1037 1302 1077 non
1347 1021 1594 1079 desinant
1624 1026 1936 1096 patrioticas
1965 1041 2084 1096 pos-

497 1105 768 1160 sessiones
815 1109 1081 1165 excolere.
1116 1111 1196 1168 Sit
1230 1111 1499 1183 judicibus
1551 1115 1702 1186 vigor
1739 1133 1806 1172 ex
1853 1117 2077 1188 legibus,

497 1193 750 1251 subsellia
777 1215 882 1254 non
915 1201 1161 1258 desinant
1193 1205 1315 1276 jura
1347 1209 1501 1263 malis
1529 1211 1767 1265 moribus
1810 1213 2074 1269 intonare.

499 1289 710 1347 Timeat
731 1294 868 1350 latro
885 1295 1142 1366 judicium
1184 1303 1327 1370 quod
1365 1319 1580 1374 semper
1600 1305 1832 1376 expavit.
1859 1307 2082 1362 Adulter

493 1385 799 1453 gremium‘
820 1388 1014 1456 judicis
1045 1392 1398 1450 intremiscat.
1427 1396 1694 1452 Falsarius
1723 1415 1909 1454 vocem
1941 1416 2079 1470 pric-

495 1479 648 1535 conis
673 1481 979 1538 exborreat.
1012 1483 1122 1540 Fur
1147 1486 1263 1542 fora
1293 1504 1403 1544 non
1431 1490 1636 1558 rideat,
1666 1492 1791 1560 quia
1837 1501 1964 1548 tunc
2015 1494 2081 1548 li-

496 1569 681 1627 bertas
709 1573 930 1640 gaudet,
966 1574 1010 1628 si
1041 1577 1167 1632 talia
1197 1594 1304 1634 non
1334 1579 1600 1638 Ιωιοηιυτ.
1646 1582 1734 1638 Sic
1765 1585 1904 1638 enim
1955 1599 2081 1654 pro-

492 1666 754 1734 eperrime
779 1669 892 1738 geri
922 1685 1028 1725 non
1058 1671 1302 1726 sentietis
1333 1672 1551 1740 bellum,
1584 1675 1628 1729 si
1658 1675 1811 1730 vobis
1839 1676 1907 1730 sit
1928 1691 2077 1732 com—

2191 479 2510 550 importunis
2539 491 2592 538 et
2619 481 2776 538 fatuis
2805 484 3040 539 adhibita
3063 483 3393 544 districtione
3423 489 3772 560 geminamus,

2189 582 2246 630 ut
2274 575 2363 644 qui
2395 585 2666 647 nequeunt
2693 578 3244 648 erubescere,.saltem
3265 597 3325 638 se
3345 583 3661 639 contineant
3685 601 3773 656 per

2189 665 2452 722 timorem.
2475 667 2604 734 Quis
2633 669 2776 724 enim
2807 669 2872 724 de
2897 685 2994 724 sua
3018 673 3434 746 praesumptione.
3461 675 3770 744 gratuletur,

2185 759 2398 826 quando
2431 757 2623 814 famam
2645 761 2950 832 perditurus
2977 771 3078 832 est,
3111 765 3198 836 qui
3229 766 3513 822 interdicta
3537 775 3759 824 tentare-

2185 847 2288 902 rit‘!
2328 849 2665 906 Retundatur
2694 849 2831 926 [Ac.,
2865 853 3216 926 recondatur]
3247 855 3470 910 ambitio
3513 871 3656 912 caeca
3683 873 3770 914 cn.

2185 939 2471 1012 pientium;
2515 951 2766 1014 proterva
2810 943 3113 1002 refrenetur
3153 947 3414 1016 audacia;
3445 951 3538 1020 qui
3571 951 3770 1008 lucrum

2185 1031 2250 1087 de
2295 1035 2438 1090 maio
2467 1037 2674 1104 quaerit,
2707 1051 2866 1110 paena
2899 1039 3174 1109 proposita
3204 1048 3508 1108 terreatur;
3538 1043 3634 1113 qui
3679 1045 3771 1098 ho-

2185 1135 2368 1177 norem
2400 1139 2497 1194 per
2517 1125 2743 1182 nefanda
2772 1127 3060 1194 desiderat,
3087 1131 3280 1186 amissa
3309 1131 3492 1202 potius
3521 1133 3772 1203 opinione

2185 1213 2443 1271 turbetur.
2473 1217 2696 1274 Additur
2725 1219 2886 1275 etiam
2918 1221 3061 1294 quod
3091 1223 3288 1279 nostris
3315 1225 3650 1295 temporibus
3669 1241 3772 1280 see

2181 1303 2364 1361 leralzc
2393 1311 2630 1378 pecuniae
2660 1327 2766 1366 non
2795 1311 3079 1379 valebunt;
3105 1329 3206 1368 nec
3227 1313 3436 1384 culpam
3463 1331 3618 1368 suam
3635 1315 3770 1369 redi-

2181 1397 2296 1466 mit,
2329 1399 2420 1468 qui
2449 1415 2601 1455 reum
2649 1417 2710 1456 se
2757 1417 2876 1458 esse
2922 1405 3217 1472 cognoscit.
3269 1405 3468 1474 iniquis
3499 1403 3772 1461 fraudibus

2180 1503 2288 1544 non
2318 1489 2522 1560 patebit
2550 1493 2790 1560 occasio;
2817 1495 3212 1566 persequimur,
3239 1513 3344 1552 non
3372 1497 3658 1553 vendimus
3685 1515 3772 1553 ex-

2179 1577 2448 1638 aedentes.
2483 1581 2584 1638 Ubi
2633 1583 2744 1653 jam
2791 1587 2932 1642 male
2984 1587 3256 1656 capientes
3286 1603 3438 1658 spem
3485 1589 3767 1654 habebitis,

2179 1673 2395 1742 quando
2421 1673 2582 1730 vobis.
2601 1683 2656 1730 et
2681 1691 2860 1732 rerum
2891 1677 3096 1733 domini
3122 1687 3176 1734 et
3203 1680 3366 1735 vestri
3392 1679 3604 1749 judices
3629 1697 3772 1735 eone

493 1759 726 1816 muniter
775 1761 842 1818 de
895 1761 1156 1819 civilitate
1211 1766 1516 1822 consilium.
1568 1767 1754 1824 Nullus
1807 1771 2072 1842 opprimat

2180 1763 2482 1820 minantur?
2511 1765 2620 1821 Vos
2661 1773 2836 1823 tamen
2865 1783 3000 1839 quos
3041 1769 3110 1826 ad
3157 1769 3398 1840 publicas
3426 1771 3768 1827 administra-

494 1849 824 1920 indigentem
855 1873 869 1910 :
900 1855 1136 1912 invadite
1161 1873 1498 1928 pervaseres,
1523 1861 1864 1932 insequimini
1893 1879 2074 1934 persc-

490 1955 736 2016 qucntes.
767 1945 860 2003 Est
889 1949 1046 2005 vobis
1072 1961 1391 2022 competens
1423 1969 1602 2026 pugna
1649 1956 1840 2012 civilis.
1885 1956 2074 2015 Omnia

487 2047 682 2108 pacata
723 2057 818 2096 vos
849 2041 1092 2111 redditis,
1131 2044 1176 2098 si
1207 2043 1368 2099 duces
1396 2046 1658 2101 scelerum
1687 2049 2072 2119 comprimatis.

487 2128 549 2185 In
573 2134 799 2190 annonis
822 2149 952 2188 vero
977 2135 1292 2204 reputandis
1312 2145 1428 2195 esto
1449 2138 1730 2206 sollicitus,
1749 2156 1817 2194 ne
1841 2139 2074 2209 aliquem

490 2223 806 2294 cujusquam
853 2227 1022 2296 possit
1052 2226 1302 2282 fraudare
1337 2233 1593 2286 versutia.
1628 2231 1946 2287 Rectoribus
1978 2249 2076 2288 an-

493 2322 602 2368 tem
633 2315 903 2371 exercitus
933 2333 962 2372 a
992 2333 1172 2372 rerum
1203 2319 1433 2376 dominis
1479 2323 1578 2376 sub
1629 2337 1748 2378 mea
1797 2325 2076 2394 praesentia

493 2405 804 2469 cognoscite
832 2405 1170 2476 delegatum;
1220 2419 1280 2464 ut
1327 2411 1448 2466 dum
1491 2427 1522 2466 a
1570 2413 1724 2468 vobis
1775 2417 2075 2473 necessario

496 2491 698 2548 fuerint
752 2499 1095 2563 commoniti,
1152 2503 1385 2568 gravat-is
1439 2519 1536 2574 per
1588 2503 1834 2582 injuriam
1884 2505 2077 2564 debeat

493 2584 784 2640 subveniri.
815 2586 1134 2646 Custodiam
1163 2591 1511 2651 nihilominus
1537 2595 1903 2667 disciplinam,
1937 2599 2077 2654 unde

493 2676 768 2732 robustius
811 2687 1051 2735 armatur
1093 2697 1308 2756 semper
1355 2687 1640 2744 exercitus.
1688 2687 1938 2745 Additum
1994 2699 2078 2746 est

492 2768 658 2824 etiam
689 2769 934 2826 beneficii
959 2787 1126 2842 genus
1147 2818 1162 2842 ,
1195 2783 1252 2829 nt
1280 2791 1310 2830 a
1341 2779 1590 2846 praesenti
1617 2777 1907 2836 devotione
1935 2798 2075 2852 pra:-

493 2861 664 2930 ceptis
697 2862 836 2931 regis
892 2878 992 2918 nec
1043 2864 1220 2920 divina
1270 2865 1458 2923 domus
1508 2869 1751 2925 videatur
1800 2885 2074 2943 excepta:

493 2951 586 3007 sed
617 2959 788 3007 totum
828 2956 1189 3011 communiter
1227 2957 1572 3026 sustineatur,
1607 2961 1750 3032 quod
1779 2979 1879 3033 pro
1908 2978 2076 3034 gene-

492 3042 704 3100 ralitate
732 3055 1000 3101 censetur.
1049 3045 1201 3104 Nunc
1229 3063 1358 3120 ergo
1393 3065 1514 3105 cum
1543 3051 1790 3108 omnibus
1823 3053 2077 3112 fratribus

493 3139 688 3194 vestris
727 3141 966 3196 studiose
995 3143 1320 3212 consurgite,
1354 3151 1407 3198 et
1437 3145 1536 3200 sub
1564 3145 1710 3200 omni
1736 3148 1947 3202 cautela
1979 3165 2076 3205 nc-

497 3231 726 3286 cessaria
770 3233 1074 3302 providete,
1105 3243 1164 3289 ut
1195 3237 1362 3307 prosit
1391 3253 1578 3292 revera
1609 3239 1952 3294 nobilissinne
1982 3257 2076 3312 pa-

497 3323 613 3376 triae
639 3323 765 3378 talia
795 3325 1065 3380 volumina
1093 3329 1410 3398 praetulisse.
1442 3329 1630 3397 Quieta
1677 3333 1818 3388 enim
1865 3349 2071 3402 regere,

495 3421 550 3469 et
577 3429 647 3468 ex
675 3431 774 3470 usu
799 3415 1171 3478 administrare
1203 3415 1525 3498 provincias,
1556 3425 1798 3480 homines
1830 3427 1912 3482 vel
1956 3441 2072 3482 me-

496 3505 695 3566 diocris
737 3514 1102 3585 intelligentiae
1123 3529 1349 3588 possunt
1382 3539 1394 3575 :
1427 3523 1520 3576 sed
1547 3527 1646 3578 hoc
1675 3539 1827 3594 opus,
1861 3519 1946 3582 llic
1993 3531 2071 3582 la-

493 3601 594 3658 bor
633 3610 733 3670 est,
767 3603 894 3660 illud
938 3609 1109 3676 magis
1135 3625 1352 3681 regere,
1384 3615 1529 3682 quod
1570 3631 1626 3670 se
1669 3617 1913 3673 relictum
1963 3637 2070 3677 non

495 3703 671 3766 potest
699 3699 995 3756 continere.
1027 3699 1216 3758 Cessat
1256 3707 1396 3761 enim
1428 3717 1708 3764 nautarum
1737 3711 1788 3765 in
1813 3715 2071 3785 tranquil-

493 3785 642 3842 litate
673 3790 898 3862 peritia;
934 3809 1034 3848 nec
1076 3811 1270 3850 nomen
1299 3807 1511 3868 prmstat
1540 3797 1750 3870 artifici,
1780 3803 1880 3856 nisi
1911 3803 2070 3860 fuerit

493 3879 569 3936 vis
595 3897 785 3952 magna
813 3887 1053 3956 periculi.
1087 3889 1306 3947 iiabetis
1339 3905 1467 3962 ergo
1515 3903 1756 3966 tempus,
1791 3897 1876 3953 ubi
1907 3907 1962 3954 et
1991 3900 2070 3955 fa-

489 3989 630 4030 mam
654 3977 954 4047 sapientum
984 3985 1198 4052 possitis
1243 3987 1538 4058 acquirere,
1570 3997 1624 4044 ct
1654 3991 1708 4047 in
1744 3995 1886 4048 omni
1915 4003 2068 4066 parte

487 4081 583 4122 vos
615 4065 973 4138 laudabiliter,
1001 4073 1221 4143 juvante
1273 4079 1531 4148 Domino,
1584 4085 1874 4142 custodire.
1916 4065 2066 4147 Meos

485 4165 664 4211 autem
695 4159 832 4216 ultra
855 4172 1079 4221 caeteros
1108 4167 1327 4225 minime
1354 4173 1670 4231 commendo
1698 4196 1709 4230 :
1738 4179 1859 4248 quia
1892 4182 2066 4236 omni-

484 4247 582 4303 bus
605 4249 707 4305 hoc
734 4253 978 4324 cupimus
1007 4258 1270 4324 accidere,
1297 4261 1440 4330 quod
1471 4265 1668 4320 nostris
1699 4247 1898 4324 laribus
1930 4269 2060 4343 [ed.,

483 4335 775 4412 laboribus]
816 4343 1183 4405 desideramus
1230 4353 1464 4409 evenire.
1509 4353 1635 4411 Mihi
1667 4357 1808 4412 enim
1841 4335 2059 4430 propria

483 4445 610 4484 cura
635 4431 837 4502 dilapsa
875 4445 974 4504 est,
1007 4449 1292 4512 postquam
1323 4447 1625 4514 generalem
1651 4453 1790 4520 οωρί
1821 4453 2059 4522 cogitare

2179 1853 2353 1912 tiones
2403 1859 2682 1926 pervenire
2721 1867 2904 1914 nostra
2949 1859 3076 1916 fecit
3117 1861 3350 1929 electio,
3381 1861 3451 1918 de
3499 1864 3769 1918 actionum

2177 1947 2460 2005 honestate
2487 1949 2771 2007 conﬁdite:
2796 1953 2920 2022 quia
2941 1969 3038 2010 vos
3055 1955 3200 2010 nulla
3223 1955 3486 2012 venalitas
3513 1958 3766 2025 excludit,
3817 1977 3824 1984 ·

2176 2041 2220 2096 sl
2269 2041 2508 2113 probitas
2555 2045 3157 2102 continuerit-actionis.
3189 2045 3422 2104 Publicis
3450 2049 3768 2108 utilitatibus

2175 2131 2374 2187 servite
2410 2133 2520 2200 fixi,
2543 2136 2756 2204 quando
2785 2151 2881 2192 vos
2928 2137 3074 2192 nulla
3115 2137 3322 2208 privata
3347 2139 3540 2192 damna
3573 2155 3768 2194 concu-

2177 2221 2332 2276 tient.
2384 2222 2610 2281 Reddite
2649 2225 2788 2282 hanc
2835 2225 3256 2282 vicissitudinem
3299 2227 3504 2296 judicio
3533 2243 3686 2294 meo,
3713 2239 3766 2284 ut

2177 2315 2268 2382 qui
2303 2330 2400 2370 vos
2431 2315 2578 2372 nullo
2601 2320 2822 2390 proprio
2855 2318 3108 2390 suffragio
3135 2323 3344 2391 gravari
3373 2321 3496 2390 feci,
3511 2325 3766 2380 studentis

2180 2403 2231 2458 ln
2259 2405 2412 2460 vobis
2441 2422 2560 2462 mea
2607 2408 2747 2465 facta
2778 2411 3005 2466 laudari.
3039 2410 3322 2469 Prtelixum
3351 2415 3534 2486 itaque
3561 2425 3767 2490 tempus

2177 2507 2209 2547 a
2237 2509 2416 2550 rerum
2443 2498 2674 2556 dominis
2719 2503 2978 2559 noveritis
3025 2519 3146 2560 esse
3191 2506 3549 2576 servandum;
3581 2510 3654 2564 ita
3685 2521 3764 2564 ta-

2175 2599 2322 2655 men,
2353 2596 2412 2642 ut
2439 2603 2503 2643 ea
2533 2605 2652 2658 quae
2680 2593 2833 2648 vobis
2879 2609 2977 2664 pro
3025 2595 3239 2664 publica
3271 2597 3506 2654 utilitate
3551 2599 3764 2656 decreta

2175 2685 2320 2744 sunt,
2353 2679 2636 2750 providere
2656 2697 2720 2737 ac
2743 2685 2955 2742 solvere
2983 2685 3242 2744 debeatis.

2729 2803 3060 2861 EPISTOLA
3095 2805 3206 2863 VII.

2212 2905 2559 2949 CANONlCARlO
2589 2909 2931 2952 VENETIARUM
2967 2913 3204 2956 SENATOB
3235 2917 3556 2958 Pili-EFECTUS
3583 2919 3730 2959 PR5-

2877 2985 3058 3026 T0310.

2180 3055 2388 3112 Iudicat
2406 3059 2776 3134 regemjiscum
2793 3061 3088 3117 indictionis
3111 3062 3178 3116 15
3193 3065 3446 3134 aliquibus
3467 3066 3762 3122 incursione

2555 3129 2838 3186 Sueuorum
2861 3137 3070 3188 vastatis
3095 3129 3380 3192 relaxatae.

2247 3221 2359 3276 Sub
2387 3221 2672 3276 clementia
2702 3223 2828 3278 boni
2875 3225 3136 3295 principis
3165 3226 3298 3282 nihil
3341 3237 3556 3284 constat
3601 3228 3758 3286 licere

2175 3313 2440 3380 iortuitis;
2470 3315 2683 3384 quando
2713 3315 2960 3374 sinistros
2977 3333 3138 3374 casus.
3159 3319 3456 3388 corrigunt,
3487 3322 3640 3392 192
3669 3323 3756 3390 qui

2175 3416 2430 3479 praestare
2455 3411 2816 3480 prosperrime
2845 3421 3244 3468 consueverunt
3271 3412 3396 3484 [Με.
3427 3423 3478 3468 et
3495 3417 3612 3476 Αε..
3633 3431 3758 3470 cea-

2173 3501 2436 3581 sacrum].
2469 3501 2600 3565 Nam
2651 3505 3102 3582 quemadmodum
3159 3505 3319 3560 ferret
3365 3508 3534 3563 nudus
3563 3525 3754 3565 saivam

2172 3602 2562 3668 barbariem,et
2589 3603 2888 3658 distriCtum
2917 3606 3230 3676 principem,
3253 3607 3467 3676 quando
3495 3606 3754 3675 spoliatus

2166 3693 2290 3762 jure
2319 3693 2638 3762 negatquod
2661 3693 2887 3750 allluens
2915 3695 3112 3751 inferre
3133 3695 3610 3768 didiceratiAtque
3627 3697 3746 3753 ideo

2169 3783 2245 3837 illi
2267 3783 2350 3837 vel
2377 3784 2472 3851 illi,
2499 3783 2796 3839 Suevorum
2823 3780 3132 3842 incursione
3164 3787 3404 3854 vastatis,
3441 3787 3626 3843 fiscum
3655 3789 3750 3844 de-

2167 3875 2319 3931 cimm
2339 3875 2540 3945 quinta:
2571 3875 2876 3932 indictionis
2907 3877 3091 3948 (Anno
3115 3877 3306 3933 Christi
3326 3878 3430 3932 537
3453 3881 3472 3949 )
3499 3880 3754 3936 serenitas

2167 3967 2360 4036 regalis
2381 3967 2615 4032 indulsit,
2639 3969 2780 4024 sicut
2805 3976 2860 4024 te
2884 3970 3082 4040 poterit
3108 3971 3373 4025 instruere
3395 3969 3595 4026 reiecta
3621 3987 3754 4040 pra:-

2167 4058 2365 4126 ceptio.
2399 4055 2552 4113 Unde
2599 4059 2962 4115 obedientiam
3005 4059 3444 4116 commendantes
3488 4073 3518 4116 a
3563 4077 3750 4131 supra-

2165 4151 2322 4206 dictis
2351 4151 2750 4222 possessoribus
2785 4153 2854 4210 de
2884 4153 3112 4224 prtediis,
3137 4169 3256 4224 quas
3279 4161 3456 4208 tamen
3489 4169 3752 4224 cognove—

2163 4249 2239 4305 ris
2285 4263 2406 4304 esse
2447 4257 2656 4304 vastata
2685 4291 2700 4318 ,
2729 4251 3004 4320 prmsentis
3049 4249 3352 4305 indictionis
3405 4249 3601 4304 tributa
3645 4266 3748 4304 ιιυιι

2163 4339 2346 4409 exigas
2373 4357 2385 4394 :
2417 4340 2622 4411 reliqua
2671 4356 2803 4396 vero
2841 4341 3064 4396 solemni
3107 4341 3474 4411 compulsione
3507 4357 3748 4412 procura,

2165 4441 2222 4483 ut
2271 4431 2576 4487 constitutis
2632 4433 2962 4502 temporibus
2997 4431 3204 4488 arcario
3257 4441 3442 4488 nostro
3487 4434 3746 4490 residuam

482 4519 800 4577 custodiam.
843 4525 981 4596 Opto
1027 4532 1162 4584 meis
1209 4533 1365 4600 bene,
1412 4537 1506 4590 sed
1552 4539 1698 4606 quod
1729 4519 1913 4609 possit
1935 4557 2055 4602 esse
2084 4562 2135 4621 ι)
2161 4521 2410 4621 ξυβνίθξὶε
2431 4522 2805 4621 {inﬁnitatem-
2827 4522 2972 4621 C‘a‘f”
2991 4537 3118 4592 ergo
3140 4537 3206 4578 ne
3225 4525 3440 4621 εττίῩξον
3461 4523 3556 4621 θεῖε
3581 4525 3744 4582 h05l‘i‘

479 4623 766 4666 commune
798 4631 810 4666 :
843 4617 966 4684 quia
995 4633 1200 4690 magnas,
1229 4623 1499 4694 injustium
1545 4641 1710 4696 genus
1749 4641 1853 4699 est,
1907 4633 2054 4689 aliud
2084 4611 2130 4621 "
2159 4611 2290 4678 bus,
2317 4613 2362 4668 si
2391 4611 2568 4668 adhuc
2615 4613 2817 4668 nudare
2853 4613 2988 4669 velis
3033 4621 3260 4670 exutos:
3287 4614 3598 4686 chlamydes
3643 4633 3742 4670 non

479 4697 580 4753 sibi
614 4699 850 4769 judiccm
892 4707 1028 4763 velle
1075 4726 1236 4780 quam
1290 4723 1468 4784 potest
1517 4697 1845 4786 generalitas
1885 4723 2052 4779 susti-

481 4807 631 4850 nere.

1047 4932 1376 4994 EPISTOLA
1410 4938 1499 4996 Vl.

531 5049 799 5096 UNIVERSIS
827 5055 1202 5102 PREFECTUIE
1233 5063 1458 5104 TITULOS
1485 5067 1986 5114 ADIINISTBANTIBUS

805 5127 1046 5172 ΒΕΝΔΤΟΒ
1074 5134 1391 5175 PREFECTUS
1419 5138 1717 5184 PRETORIO.

471 5241 705 5299 Minatur
731 5263 908 5324 paruas
943 5247 1204 5324 judicium
1231 5253 1438 5324 iniquis,
1479 5263 1528 5309 et
1555 5256 1788 5312 hortatur
1808 5259 1967 5316 bonos
1997 5267 2054 5314 ut

682 5319 902 5388 publicis
927 5319 1230 5378 utilitatibus
1259 5319 1505 5396 mucroni
1541 5330 1834 5385 consulant.

539 5429 792 5499 Quamvis
817 5433 1030 5491 abunde
1067 5435 1334 5496 suiliciant
1369 5455 1490 5512 qua:
1519 5457 1698 5500 rerum
1725 5446 1926 5500 domini
1966 5447 2050 5500 in-

545 5590 774 5674 ﬁdus-et.
805 5601 958 5674 putat
1013 5595 1568 5674 legendum,genium,
1605 5609 1661 5654 ut
1691 5599 1781 5674 lib.
1815 5602 2042 5674 tLepist.

467 5661 520 5726 4,
539 5661 898 5739 _i_icet_dixerit
925 5661 1182 5739 grcrtniutii
1217 5661 1377 5723 curia:
1408 5671 1494 5722 lib.
1530 5661 1598 5734 XVI,
1628 5671 1781 5739 epist.
1811 5661 1894 5727 i3.

539 5729 652 5786 Hac
669 5733 895 5788 formula
926 5729 1178 5796 iributum
1205 5740 1494 5794 remittitur
1533 5729 1601 5794 ob
1633 5729 1908 5796 transitum
1939 5744 2035 5798 mi-

471 5799 660 5870 litum,
691 5816 848 5870 quem
893 5807 1232 5862 innocentem
1273 5821 1392 5868 esse
1443 5809 1639 5868 debere
1685 5815 2041 5882 constituitur,

2159 4712 2466 4774 pavescant,
2498 4705 2588 4774 qui
2616 4719 2766 4759 arma
2795 4705 3106 4774 timuerunt,
3137 4706 3350 4775 rapinas
3379 4721 3487 4762 non
3515 4711 3744 4764 sentiant

2161 4805 2282 4866 post
2305 4797 2600 4866 prasdones.
2625 4797 2842 4854 Validas
2867 4807 3052 4854 contra
3079 4807 3130 4855 te
3150 4800 3386 4870 apochas
3407 4801 3740 4871 inveneram;

2161 4889 2385 4944 invictas
2412 4891 2723 4946 securitates
2761 4891 2866 4946 illis
2901 4891 3047 4946 dedit
3075 4893 3352 4948 calamitas
3379 4911 3510 4961 sua;
3541 4897 3744 4951 violen-

2161 4989 2249 5036 tus
2293 4981 2512 5036 abstulit
2556 4983 2700 5051 quod
2727 4984 3024 5052 quaerebas.
3057 4984 3154 5039 Cui
3183 4985 3316 5040 nihil
3347 4985 3559 5042 videtur
3591 4989 3718 5043 relic

2161 5079 2294 5138 tum,
2322 5087 2354 5127 a
2383 5073 2593 5130 tributis
2623 5083 2836 5130 constat
2859 5091 2978 5131 esse
3006 5075 3309 5132 liberatum.

2695 5195 3028 5255 EPISTOLA
3071 5201 3204 5257 Vill.

2215 5301 2504 5344 CONSULMU
2531 5303 2820 5346 PROVIXCIIE
2851 5307 3077 5347 LIGURIE
3103 5307 3344 5348 SENATOR
3371 5311 3694 5353 PREFECTUS

2789 5379 3095 5419 PRETOBIO.

2155 5445 2356 5506 Eximit
2389 5467 2539 5507 casas
2587 5455 2928 5524 quorumdam
2964 5471 2996 5509 a
3021 5456 3151 5526 fisco
3179 5455 3381 5526 publica
3419 5459 3738 5515 exactoribus

2153 5606 2350 5688 novali.
2388 5607 2504 5688 lSQ,
2532 5615 2589 5662 ut
2613 5609 2682 5688 ob
2707 5611 2947 5666 eamdem
2971 5629 3186 5674 causam
3208 5619 3428 5688 privatis
3449 5619 3738 5678 conductu-

2156 5675 2303 5758 ribus
2335 5678 2612 5758 cetisioncs
2636 5677 2765 5758 jure
2787 5691 2970 5758 nostro
2997 5675 3372 5758 remittuntur,
3403 5675 3528 5758 legi
3549 5689 3628 5750 i5,
3663 5675 3737 5742 Et

2155 5747 2426 5821 conducto,
2453 5749 2479 5819 ᾗ
2515 5747 2573 5803 Si
2605 5751 2695 5821 uis,
2741 5751 2768 5821 §
2797 5752 2856 5806 Si
2879 5757 3130 5810 exercitus
3153 5747 3484 5821 pra’terieus‘.’
3500 5747 3736 5816 D.Locat

2156 5827 2205 5870 et
2233 5817 2408 5888 cond.,
2443 5817 2584 5890 sup.,
2621 5820 2710 5878 lib.
2744 5817 2798 5890 v,
2829 5825 2990 5896 epist.
3024 5826 3114 5890 26.
3145 5817 3312 5888 Fons.
