4006 6452
241 287 334 370 ssi

1486 275 1845 340 VARIARUM
1887 274 2086 329 Llliliii
2128 272 2239 326 ΧΗ.

3416 284 3521 350 862

312 405 619 476 tributorum
638 401 1292 476 persolvendo,«tummodo
1321 401 1428 476 suis
1456 399 1553 476 ipsi
1581 395 1818 476 manibus
1846 396 1898 456 Α
1927 409 2048 448 nem
2072 401 2380 447 memorata:
2399 393 2475 448 rei
2501 393 2734 449 ofﬁcium
2747 403 2980 458 vestrum
2999 396 3237 452 celebret
3257 412 3322 452 ex
3346 413 3514 466 more,

309 471 460 531 illum
486 469 656 547 regias
677 473 728 528 in
761 470 906 528 arcas
937 483 1162 542 teMpore
1186 473 1485 540 prwscripto
1508 469 1762 540 deferant.

309 571 518 626 Novum
547 583 716 639 genus
745 568 952 623 videtur
979 581 1100 621 esse
1137 561 1463 634 compendii,
1495 559 1827 631 postulantes

236 662 608 732 acquirere,et
627 667 942 730 prmstantes
969 658 1111 712 nulla
1131 655 1323 712 damna
1351 653 1573 709 sentire.
1603 649 1735 705 Nam
1750 649 1827 704 sic

235 753 501 823 accipitur
529 754 596 807 ab
626 768 750 816 uno,
778 759 834 806 ut
865 751 1039 821 perire
1067 765 1173 804 non
1200 747 1368 818 possit
1394 747 1462 800 ab
1493 745 1664 800 altero
1691 761 1702 796 :
1727 742 1825 797 do-

236 856 400 903 natur
420 846 534 901 sine
557 844 835 916 dispendio
855 862 868 910 ;
886 844 1095 898 ceditur
1121 843 1237 899 sine
1259 840 1649 902 imminutione,
1667 845 1719 891 et
1735 851 1828 892 no-

236 955 359 995 men
392 940 556 994 habet
576 934 951 992 muniﬁcentiae
978 935 1123 1006 quod
1153 930 1585 1008 [Ac.,qui]jura
1614 929 1828 984 Domini

234 1033 411 1089 nescit
439 1032 607 1088 exire.
638 1030 978 1100 Quapropter
998 1029 1088 1083 ille
1117 1041 1360 1084 casarum
1389 1039 1606 1080 suarum
1638 1023 1826 1078 iiscum

235 1127 286 1182 in
318 1125 408 1180 illa
455 1124 729 1195 provincia
767 1122 1213 1187 constitutarum,
1244 1133 1378 1190 quas
1423 1116 1602 1173 brevis
1640 1115 1828 1170 subter

233 1219 572 1287 conscriptus
601 1215 870 1285 eloquitur
894 1222 1206 1269 exactorum
1246 1211 1482 1281 suggerit
1507 1209 1828 1265 enormitate

231 1310 443 1376 vexari,
491 1309 803 1364 desiderans
841 1307 956 1363 sine
995 1307 1173 1378 aliqua
1203 1305 1574 1361 imminutione
1603 1302 1827 1372 publica:

231 1403 515 1468 utilitatis,
548 1402 744 1456 inferre
781 1416 838 1455 se
859 1399 1057 1459 debere
1094 1398 1292 1454 nostris
1320 1395 1540 1452 areariis
1588 1394 1824 1448 debitam

230 1494 586 1549 functioncm.
632 1493 787 1560 Quod
825 1508 922 1548 nos
948 1492 1040 1562 qui
1066 1491 1336 1546 nullorum
1366 1487 1571 1543 damnis
1609 1484 1827 1540 studere

226 1586 628 1653 cognoscimur,
655 1584 945 1639 dummodo
977 1583 1108 1638 ﬁsco
1131 1580 1490 1651 competentia
1519 1576 1826 1633 rationabili

228 1676 603 1732 satisfactione
628 1676 923 1742 solvantur,
955 1675 1185 1731 libenter
1208 1673 1492 1728 annuimus
1523 1689 1536 1724 :
1570 1669 1692 1742 quia
1725 1669 1828 1724 hoc

1929 495 2194 556 quatenus
2223 487 2439 556 antiqua
2471 486 2645 556 pictas
2693 489 3026 557 regnantium
3057 491 3400 560 prmscntinm
3443 508 3522 546 re-

1929 587 2082 650 paret
2109 576 2368 632 beneﬁcia
2392 575 2760 642 dominorum;
2785 586 2839 632 et
2862 580 3027 649 possit
3051 596 3150 651 pro
3183 579 3286 634 illis
3314 582 3519 650 suppli-

1929 685 2072 736 care,
2103 670 2201 724 sub
2224 669 2418 738 quibus
2457 683 2515 722 se
2555 669 2726 738 magis
2755 669 3002 737 intelligit
3031 670 3210 725 votiva
3239 671 3517 725 meruisse.

1930 763 2190 818 Bcsumat
2227 762 2556 828 facultatem,
2580 777 2743 833 quam
2785 778 2841 816 se
2864 763 3228 835 suspiraverat
3255 766 3516 821 amisisse.

1930 859 2277 927 Peregrinum
2321 872 2379 912 se
2407 857 2543 911 ultra
2589 856 2770 912 dicere
2818 873 2926 912 non
2955 857 3159 928 potuit,
3193 859 3282 930 qui
3335 868 3516 930 optata

1929 968 2053 1008 rura
2079 952 2218 1026 [Ac.,
2246 947 2389 1020 jura]
2420 948 2708 1018 conquirit.
2743 947 2951 1003 Habeat
2979 963 3349 1019 possessorum
3373 950 3521 1004 simi-

1931 1045 2036 1100 lem
2069 1044 2408 1113 dignitatem,
2443 1048 2498 1096 et
2521 1040 2630 1110 jam
2657 1041 2853 1096 tributa
2882 1048 3165 1111 reparatus
3188 1039 3400 1108 inferat,
3431 1041 3518 1110 qui

1931 1154 2091 1209 opem
2135 1137 2201 1191 ab
2231 1136 2422 1190 alienis
2448 1135 2698 1190 manibus
2730 1133 3040 1205 expetebat.
3094 1132 3337 1187 Gaudeat
3366 1149 3424 1186 se
3455 1134 3519 1186 ad

1930 1233 2033 1288 boc
2061 1231 2377 1302 perductum
2403 1272 2417 1297 ,
2451 1236 2510 1283 ut
2550 1227 2704 1282 daret
2749 1227 2894 1298 quod
2933 1226 3119 1295 utique
3160 1225 3263 1280 nisi
3304 1224 3521 1280 babenti

1932 1339 2038 1377 non
2069 1322 2330 1393 probatur
2359 1331 2634 1388 emergere
2661 1334 2674 1383 ;
2709 1317 2917 1372 caeteris
2947 1314 3177 1371 dominis
3198 1316 3252 1370 in
3280 1316 3380 1371 hac
3409 1323 3524 1368 tan-

1933 1424 2043 1468 tum
2074 1420 2217 1468 sorte
2265 1410 2536 1475 deterior,
2569 1408 2824 1478 quoniam
2871 1409 3106 1464 alienare
3150 1405 3338 1478 nequit
3381 1409 3521 1477 quod

1931 1504 2207 1580 possidere
2237 1501 2533 1574 pnevaluit.
2565 1499 2672 1556 Sed
2702 1511 2757 1556 et
2793 1500 2899 1555 hoc
2939 1515 3154 1569 quoque
3185 1515 3376 1569 magna
3407 1516 3524 1553 crc-

1930 1599 2104 1654 dimus
2132 1596 2385 1667 aequitate
2413 1602 2706 1665 repertum,
2724 1602 2781 1648 ut
2809 1591 2897 1664 qui
2925 1593 3044 1648 ineo
3074 1593 3311 1648 succedit
3337 1593 3524 1662 pigno-

1931 1693 2006 1748 ris
2027 1735 2041 1760 ,
2073 1665 2425 1746 substantiam
2456 1702 2606 1742 suam
2657 1685 2852 1740 aii'ectu
2899 1681 3114 1758 [Crut.,
3147 1683 3286 1754 Cuj.,
3322 1682 3445 1736 Nic.
3477 1692 3524 1736 ct
3587 1665 3599 1672 ’

226 1773 312 1823 ⁸⁸⁸
352 1767 497 1823 bona
541 1767 804 1823 deSide'ia
832 1767 1162 1837 suspendere
1184 1803 1198 1829 ’
1231 1763 1374 1834 quoa
1417 1762 1596 1854 “ne”?
1634 1775 1828 1854 Pert‘c‘
1861 1791 1905 1850 Β
1933 1784 2055 1851 6a.,
2089 1779 2358 1853 eﬁ‘ectam]
2401 1779 2568 1854 patris
2592 1777 2715 1849 jure
2757 1785 2936 1832 servet
2978 1775 3267 1831 extraneis.
3300 1773 3524 1829 Misera-

226 1867 395 1913 trare.
432 1859 546 1925 Qua
573 1859 640 1914 de
667 1873 725 1912 re
755 1857 1122 1928 spectabilitas
1152 1863 1237 1909 tua
1281 1852 1624 1910 communitis
1646 1852 1826 1908 curia-

227 1949 388 2015 libus,
415 1949 503 2004 vel
551 1949 1014 2020 compulsoribus,
1046 1962 1257 2002 necuon
1287 1954 1342 2001 et
1370 1946 1453 2000 his
1481 1960 1710 2016 quorum
1741 1945 1826 1998 in-

228 2049 439 2097 teresse
470 2043 774 2110 cognoscit,
805 2041 871 2096 ab
901 2041 990 2095 illa
1036 2039 1332 2095 indictione
1374 2037 1644 2108 prmdictis
1690 2039 1829 2093 casis

225 2131 574 2187 exactionem
615 2131 778 2186 faciet
811 2131 911 2185 sub
949 2130 1053 2184 hac
1091 2128 1400 2184 conditione
1438 2127 1737 2192 removeri;
1771 2136 1830 2181 ut

229 2220 280 2274 si
311 2221 458 2274 intra
489 2219 608 2274 illas
629 2219 878 2276 calendas
906 2233 1112 2274 summa
1141 2233 1261 2288 qua:
1285 2217 1546 2287 competit
1572 2232 1678 2271 non
1708 2216 1827 2272 fue-

224 2313 300 2368 rit
327 2312 544 2368 areario
583 2313 882 2382 persoluta,
909 2312 1046 2365 intra
1091 2309 1420 2380 provinciam
1450 2306 1706 2362 solemnis
1735 2321 1830 2360 ex-

227 2405 376 2462 actio
409 2414 713 2476 peragatur.
743 2405 984 2459 Minusve
1009 2403 1165 2457 ﬁdem
1195 2417 1305 2457 sua:
1334 2400 1710 2472 promissionis
1742 2415 1828 2454 ar-

224 2496 502 2550 cariorum
545 2495 764 2566 apocbis
811 2494 1122 2566 probaverit
1169 2508 1288 2549 esse
1342 2492 1706 2562 completam,
1760 2493 1828 2548 ab

226 2589 381 2643 omni
429 2588 795 2657 inquietudine
841 2587 1242 2658 compulsorum
1286 2584 1564 2654 designata
1621 2585 1828 2655 praedia

228 2679 724 2750 liberenturzquia
771 2680 862 2735 illa
909 2680 1079 2748 magis
1127 2678 1326 2733 debent
1369 2676 1514 2744 eligi,
1547 2689 1667 2744 quae
1714 2675 1830 2730 sine

227 2771 538 2844 suspicione
591 2772 772 2827 damni
819 2770 1001 2826 libenti
1050 2769 1230 2824 animo
1276 2767 1575 2836 probantur
1623 2763 1826 2820 offerri.

230 2863 402 2922 Grata
424 2865 564 2920 enim
596 2864 751 2920 nobis
779 2873 862 2919 est
907 2863 1026 2918 sine
1067 2859 1320 2917 instantia
1346 2857 1706 2930 compulsoris
1731 2872 1828 2914 ex-

231 2960 382 3016 actio
406 2975 421 3025 ;
451 2958 637 3013 ethoc
659 2956 912 3011 devotum
939 2953 1138 3019 facere,
1166 2952 1311 3021 quod
1339 2952 1425 3007 vix
1454 2957 1670 3021 poterat
1697 2965 1829 3006 coa-

227 3059 354 3106 ctus
396 3049 636 3118 inplere.
687 3047 860 3115 Atque
902 3044 1105 3100 utinam
1142 3058 1425 3114 possessor
1470 3042 1748 3098 ultroneus
1776 3050 1832 3109 et

228 3142 394 3198 nobis
426 3141 801 3196 necessitatem
841 3153 1110 3194 morarum
1143 3136 1393 3201 tolleret,
1427 3142 1482 3190 et
1509 3134 1610 3189 sibi
1637 3135 1831 3190 damna

229 3233 666 3303 competentibus
714 3231 1039 3287 illationibus
1071 3228 1393 3298 abrogaret!
1426 3227 1545 3298 ipse
1572 3226 1714 3282 enim
1737 3215 1836 3288 im—

229 3323 531 3382 minentem
576 3323 939 3380 necessarium
986 3319 1143 3389 facit,
1167 3319 1260 3391 qui
1306 3317 1568 3378 solemnia
1596 3319 1840 3390 pmbere

229 3417 523 3478 distulerit.

799 3575 1131 3634 EPISTOLA
1187 3573 1278 3631 lX.

291 3707 576 3767 PASCHAQSIO
606 3707 898 3749 PREFECTO
926 3705 1149 3746 ΛΝΝΟΝΕ
1181 3703 1420 3748 SENATOR
1449 3703 1776 3746 PBEFECTUS

880 3778 1180 3817 ΡΒᾹΞΤΟΙΠΟ.

236 3854 519 3927 Signiﬁcat
537 3857 722 3928 Afrum
746 3855 967 3928 aliquem
998 3853 1238 3928 umbiisse
1269 3853 1542 3928 facultates
1564 3853 1781 3928 relictas
1804 3870 1838 3907 a

304 3923 530 3996 iluodam
561 3923 715 3980 nullis
743 3923 868 3995 ﬁliis
890 3934 978 3981 aut
1002 3923 1292 3980 heredibus
1313 3923 1669 3996 superstitibus
1697 3941 1836 3978 mor-

309 3995 417 4066 tuo,
451 4015 597 4068 quem
619 3998 764 4070 jubet
787 4013 926 4052 more
948 3997 1165 4052 solemni
1189 3995 1241 4049 in
1264 3995 1383 4048 illas
1409 3995 1688 4048 introduci.

305 4110 520 4170 Pietate
567 4111 782 4182 plenum
829 4119 929 4178 est,
964 4109 1302 4181 peregrinam
1342 4115 1556 4178 gentem
1609 4106 1837 4176 publicis

235 4202 517 4260 beneﬁciis
541 4202 779 4272 obligare
806 4244 822 4270 ,
851 4209 1036 4258 etnon
1067 4196 1273 4254 tantum
1304 4197 1738 4265 consanguineos
1767 4195 1834 4250 ad

236 4295 553 4354 substantia:
574 4295 721 4351 lucra
742 4295 956 4350 mittere
978 4292 1105 4366 [Με.
1127 4291 1241 4362 Cuj.
1265 4299 1312 4344 et
1342 4289 1458 4358 Gr.,
1473 4286 1831 4358 permittere],

237 4397 499 4459 quantum
545 4387 690 4458 ipsos
719 4399 934 4460 quoque
978 4382 1214 4438 advenas
1258 4378 1506 4435 invitare.
1537 4375 1834 4434 l-lrereditas

237 4494 354 4551 qua:
381 4488 471 4535 est
517 4479 632 4534 sine
677 4476 968 4548 proximis,
998 4473 1200 4542 absque
1230 4469 1503 4541 parentela
1527 4466 1830 4533 successio;

1937 1879 2082 1934 tione
2109 1884 2310 1942 pastus,
2342 1890 2484 1929 nunc
2526 1879 2712 1944 pascat
2741 1878 2794 1925 et
2824 1871 2956 1924 alius
2991 1887 3003 1923 :
3036 1867 3161 1923 felix
3199 1866 3271 1920 illi
3305 1864 3527 1935 contigit

1933 1982 1988 2029 et
2014 1967 2352 2045 praedicanda
2383 1966 2685 2040 captivitas,
2715 1964 2955 2018 Romana
2983 1961 3196 2018 civitate
3227 1957 3447 2030 perfrui,
3472 1966 3526 2014 et

1933 2067 2183 2124 Afrorum
2207 2061 2498 2137 privilegiis
2527 2059 2766 2132 potuisse
2795 2056 3030 2113 misceri.

2487 2198 2819 2256 EPISTOLA
2856 2196 2924 2252 X.

1931 2310 2167 2353 DIVERSIB
2191 2307 2568 2350 CANCELLARIIS
2599 2304 2989 2346 PBOVINCIARUI!
3028 2297 3270 2344 SENATOR
3311 2299 3526 2342 ΡΒᾸΞΙἚ·

2477 2377 2610 2418 C'I'US
2640 2376 2938 2417 ΡΒᾹΞΤΟΗΙΟ.

1931 2477 2185 2550 Praecipit
2233 2484 2289 2532 ut
2325 2491 2580 2550 summam
2623 2475 2828 2550 [μείνω-
2865 2471 3169 2550 indictionis
3217 2472 3329 2525 sine
3381 2487 3527 2550 mora

2003 2543 2119 2605 ulla'
2140 2551 2374 2620 erigant.
2405 2548 2466 2602 Si
2497 2543 2643 2600 secus
2673 2545 2909 2617 fecerint,
2942 2543 3172 2600 minatur
3200 2559 3255 2598 se
3280 2558 3366 2598 eos
3395 2544 3525 2615 rigi-

2009 2621 2122 2675 dius
2155 2628 2513 2673 tractalmum.

2004 2713 2297 2768 Rationum
2334 2709 2663 2782 publicarum
2695 2707 2931 2777 reliquiae
2961 2707 3203 2760 infausta:
3225 2715 3350 2760 sunt
3374 2707 3528 2776 :cgri-

1936 2804 2104 2862 tudini
2154 2801 2558 2874 comparanda,
2586 2816 2705 2872 qum
2735 2808 2959 2868 gravant
2986 2807 3041 2852 et
3081 2797 3363 2854 debilitant
3393 2798 3521 2872 [ed.,

1935 2905 2216 2970 gravatum
2265 2889 2590 2964 debilitant],
2625 2891 2724 2946 nisi
2772 2889 2869 2945 sub
2916 2890 3194 2944 celeritate
3224 2888 3524 2943 discedant.

1936 2991 2136 3047 Beatus
2161 2989 2378 3060 quidam
2423 2994 2506 3041 est
2552 2999 2671 3040 esse
2700 2984 2798 3038 sub
2827 2982 3026 3049 debito,
3060 2997 3160 3037 nec
3188 2982 3322 3036 liber
3351 2989 3531 3050 potest

1936 3082 2200 3140 veraciter
2235 3079 2389 3154 193
2435 3075 2562 3146 dici,
2593 3076 2682 3147 qui
2713 3076 2968 3147 probatur
2992 3073 3255 3130 obnoxius
3282 3072 3524 3143 reperiri.

1863 3181 1907 3242 C
1942 3175 2187 3236 Prudens
2209 3191 2266 3231 se
2292 3175 2404 3244 ipse
2433 3169 2709 3242 compellit
2737 3189 2748 3222 :
2782 3170 2956 3224 minus
2981 3175 3169 3224 cantus
3195 3175 3294 3236 est,
3325 3167 3414 3237 qui
3441 3181 3532 3221 ur-

1941 3281 2100 3344 getur
2124 3271 2192 3325 ab
2218 3269 2410 3324 altero.
2441 3265 2574 3320 Nam
2613 3259 2744 3334 quid
2782 3262 2891 3330 egit
2922 3260 3086 3316 totius
3125 3259 3249 3316 anni
3278 3266 3528 3328 suscepta

1942 3363 2273 3438 compulsio?
2300 3360 2520 3416 Summa
2568 3356 2760 3412 futurae
2807 3353 3112 3410 indictionis
3157 3359 3213 3405 et
3259 3350 3530 3418 quantitas

1941 3459 2205 3528 exigatur.
2237 3451 2516 3509 Parcendo
2560 3464 2670 3506 non
2717 3446 2934 3522 parcitis
2958 3488 2974 3514 ,
3006 3444 3350 3500 exonerando
3390 3456 3530 3512 pra:-

1939 3549 2209 3622 gravatis;
2263 3552 2318 3600 et
2371 3542 2498 3598 dum
2542 3539 2762 3596 venales
2813 3553 2992 3592 moras
3041 3534 3304 3610 queritis,
3351 3532 3534 3590 tributi

1940 3656 2106 3697 onera
2133 3635 2435 3708 duplicatis.
2466 3632 2774 3704 Relinquite
2805 3629 3019 3684 tandem
3049 3627 3321 3684 crudelem
3367 3626 3531 3682 mise-

1939 3725 2247 3792 ricordiam,
2274 3724 2534 3782 beneﬁcia
2565 3732 2678 3779 tota
2706 3720 3066 3776 detestatione
3095 3718 3278 3773 fellita.
3305 3715 3533 3770 Gravius

1937 3821 2189 3894 percutit,
2221 3818 2314 3889 qui
2335 3816 2660 3872 blandiendo
2690 3820 3002 3882 grassatur;
3042 3820 3097 3864 et
3125 3809 3224 3862 sub
3250 3807 3530 3875 indulgen-

1939 3919 2012 3973 tia
2047 3916 2211 3980 ltedlt,
2245 3914 2338 3985 qui
2383 3910 2658 3968 consuetis
2688 3907 3020 3977 temporibus
3067 3902 3282 3970 exigere
3331 3899 3531 3954 tributa

1938 4010 2223 4068 distulerit.
2269 4006 2335 4061 Et
2381 4004 2502 4061 ideo
2549 4002 2778 4058 desinite
2821 3995 3108 4067 aliquando
3157 4008 3529 4064 possessorum

1937 4103 2132 4160 dam‘na
2158 4097 2405 4161 mercari,
2423 4097 2548 4168 quia
2570 4101 2741 4149 totum
2764 4087 3037 4146 constricti
3068 4100 3164 4156 per
3190 4082 3532 4140 incommoda

1935 4194 2160 4252 redditis
2185 4191 2329 4262 quod
2350 4189 2546 4257 iniquis
2570 4181 2918 4240 dilationibus
2934 4178 3250 4236 abstulistis.
3277 4174 3407 4232 Post
3428 4175 3530 4231 ista

1937 4288 2082 4345 enim
2112 4300 2219 4340 non
2267 4297 2364 4338 vos
2412 4277 2649 4334 credatis
2696 4273 2875 4330 verbis
2922 4271 3115 4326 iterum
3168 4268 3530 4330 commoneri,

1935 4379 2030 4442 sed
2059 4373 2413 4433 irremissibili
2463 4367 2746 4426 exactione
2791 4362 3065 4435 compelli.
3122 4361 3462 4432 Quapropter
3487 4345 3531 4420 si

1935 4470 2004 4530 ad
2052 4468 2201 4524 illum
2253 4463 2398 4535 diem
2454 4458 2662 4515 arcario
2723 4463 2930 4518 nostro,
2961 4469 3079 4526 quae
3132 4453 3200 4507 de
3241 4452 3534 4526 provinciis

237 4573 463 4644 δοιδίίυθ
493 4569 623 4626 ﬁdes
646 4546 861 4640 Βέηθΐίε
889 4577 992 4636 θεῖν
1035 4565 1239 4636 Patrios
1286 4575 1481 4618 sonare
1534 4574 1830 4616 Sermones.
1863 4566 1912 4626 Ι)
1937 4560 2252 4620 solemniter
2302 4554 2642 4628 postulantur
2665 4594 2680 4620 ,
2712 4550 3006 4620 dispunctis
3052 4546 3352 4609 rationibus
3373 4586 3388 4612 ,
3419 4560 3530 4600 non

235 4668 362 4726 Afer
393 4668 539 4723 enim
587 4667 665 4722 sic
707 4663 913 4734 expetit
936 4658 1198 4718 beneﬁcia
1217 4698 1232 4724 ,
1267 4665 1326 4711 ut
1352 4655 1452 4712 sibi
1481 4653 1608 4709 olim
1636 4652 1831 4709 doceat

240 4758 406 4815 fuisse
433 4771 686 4814 concessa
711 4774 724 4809 :
746 4754 944 4809 donum
973 4751 1090 4806 sine
1112 4745 1424 4817 accipientis
1452 4743 1666 4800 nomine
1694 4759 1831 4814 prae-

242 4860 323 4908 ter
365 4865 659 4926 personam
707 4848 962 4917 largitas,
993 4843 1120 4916 quia
1172 4841 1406 4912 primum
1445 4837 1699 4894 collatum
1749 4843 1834 4892 est

243 4946 410 5014 genti,
435 4953 494 5000 ut
515 4950 701 5014 postea
723 4939 1020 5012 petentium
1043 4935 1364 4996 vocabulum
1384 4930 1646 5004 potuisset
1667 4927 1828 4998 aﬁigi.

244 5033 377 5092 Hinc
421 5042 503 5094 est
543 5031 687 5104 quod
723 5031 844 5100 jure
889 5027 1124 5099 quodam
1171 5024 1444 5096 postulant
1490 5021 1835 5084 limreditates

246 5125 476 5194 alienas,
505 5133 562 5181 et
583 5123 685 5179 illis
713 5129 919 5178 tantum
947 5117 1159 5176 videtur
1187 5121 1516 5185 competere,
1548 5111 1690 5181 quod
1723 5109 1835 5164 Ro-

248 5231 437 5274 manus
464 5231 571 5272 non
599 5220 781 5284 potest
801 5211 857 5268 in
881 5209 1058 5266 causis
1077 5205 1339 5263 similibus
1368 5203 1635 5260 obtinere.
1665 5199 1839 5256 Bene-

250 5305 428 5366 ﬁcium
451 5307 558 5363 tale
579 5321 688 5362 non
727 5303 1032 5359 habuerunt
1060 5299 1114 5356 in
1144 5296 1316 5370 patria
1357 5310 1474 5364 sua,
1497 5292 1591 5350 sed
1611 5291 1700 5348 hic
1721 5307 1839 5348 om-

253 5414 344 5456 nes
367 5400 466 5456 sub
506 5399 607 5454 hac
633 5395 945 5453 conditione
970 5384 1246 5463 parentes'
1264 5394 1388 5442 sunt
1420 5403 1433 5440 :
1466 5383 1713 5440 universa
1742 5397 1840 5438 na-

253 5489 347 5556 tio,
377 5497 636 5562 quantum
665 5487 732 5542 ad
759 5482 1115 5543 successionis
1143 5477 1485 5542 beneﬁcium,
1510 5491 1616 5531 una
1639 5475 1839 5530 familia

255 5592 352 5638 est.
385 5583 642 5650 Quocirca
674 5576 1004 5650 experientia
1055 5581 1142 5629 tua
1193 5584 1383 5642 preces
1421 5567 1564 5623 illius
1600 5565 1844 5636 diligenti

257 5676 650 5731 examinatione
678 5671 926 5729 discutiat
948 5710 964 5735 ,
997 5675 1052 5724 et
1091 5666 1137 5722 si
1183 5677 1370 5720 revera
1398 5660 1486 5716 ille
1516 5673 1675 5729 quem
1715 5670 1842 5726 sug-

255 5769 389 5838 gerit
416 5769 481 5824 de
509 5769 609 5824 hac
657 5767 775 5823 luce
827 5761 1099 5823 transiisse
1141 5757 1278 5814 ﬁlios
1317 5770 1425 5810 non
1477 5751 1710 5822 reliquit,
1743 5765 1845 5836 nec

252 5833 322 5914 λι)
344 5861 460 5920 alio
494 5867 710 5922 constat
741 5853 1132 5924 rationabiliter
1177 5846 1463 5923 possideri.
1491 5833 1842 5912 introductio-

1941 4663 2033 4713 aut
2073 4670 2169 4727 per
2219 4661 2271 4708 te
2322 4647 2588 4720 intuleris,
2618 4653 2710 4702 aut
2757 4642 3109 4700 destinaveris
3155 4640 3529 4714 quantitatem,

1940 4747 2250 4818 degeniatus
2271 4744 2323 4800 in
2346 4741 2621 4814 provincia
2651 4738 2908 4796 velociter
2925 4733 3138 4801 reddes,
3162 4747 3281 4803 qua:
3309 4739 3364 4787 te
3393 4731 3533 4785 male

1939 4839 2207 4897 distulisse
2231 4835 2513 4907 cognoscis
2547 4849 2558 4886 :
2592 4831 2716 4905 quia
2745 4829 2903 4886 nimis
2934 4827 3173 4896 iniquum
3205 4832 3288 4880 est
3313 4830 3371 4878 ut
3398 4822 3532 4876 assis

1941 4931 2183 5006 publicus
2205 4930 2306 4986 sub
2347 4937 2436 4984 tua
2463 4925 2787 4995 negligentia
2811 4921 3018 4992 jaceat,
3059 4927 3114 4974 et
3147 4915 3367 4972 arcariis
3398 4911 3532 4986 [ed.,

1941 5005 2204 5098 arcarius]
2247 5029 2547 5079 mutuatam
2594 5017 2877 5093 pecuniam
2925 5012 3155 5088 publicis
3207 5005 3528 5066 utilitatibus

1939 5119 2274 5182 incessanter
2299 5112 2593 5186 expendas.

2518 5286 2847 5352 EPISTOLA
2873 5283 2966 5343 XI.

1942 5408 2116 5452 PETRO
2142 5405 2265 5448 V130
2293 5403 2621 5452 CLARISSIMO,
2653 5395 2950 5439 EROGATORI
2981 5387 3332 5442 OBSONIORUI,
3371 5387 3530 5428 SENA-

2345 5477 2450 5517 TOR
2481 5473 2735 5515 PREFECT
2744 5469 2803 5509 US
2833 5463 3129 5507 ΡΒλΕΤΟΙὶΙΟ.

1942 5557 2095 5616 lubet
2119 5561 2176 5612 ut
2199 5552 2412 5612 obsonia
2444 5551 2632 5625 populo
2664 5549 2963 5625 Romanae
2989 5560 3107 5625 rege
3135 5555 3378 5597 concessa
3410 5537 3532 5594 abs-

2423 5617 2522 5697 que
2546 5620 2729 5694 fraude
2753 5617 3046 5672 distribuat.

2022 5742 2264 5798 Probata:
2305 5737 2466 5793 debet
2509 5745 2627 5788 esse
2674 5727 3037 5791 conscientim,
3082 5724 3172 5798 qui
3214 5719 3531 5806 principalia

1946 5835 2209 5894 beneﬁcia
2238 5828 2570 5904 praeponitur
2595 5837 2843 5893 erogare,
2889 5828 2960 5880 ne
2999 5819 3178 5892 aliqua
3224 5816 3534 5890 cupiditatis
