4006 6508
468 347 577 407 865

1715 345 1787 401 M.
1830 340 2107 400 AURELII
2148 333 2551 395 CASSIODORI

3651 339 3759 399 861

466 469 618 519 sorte
646 462 945 520 desiecetur
971 462 1115 534 quod
1157 478 1187 517 a
1226 470 1375 519 tanta
1414 462 1739 518 liberalitate
1778 460 2058 534 profundi-
2089 474 2136 531 Α
2166 456 2398 529 ﬂagrans
2438 461 2639 516 virtute
2665 459 2896 527 diversa,
2928 461 3102 518 thuris
3127 460 3359 518 sentitur
3394 458 3663 532 inspirare
3687 460 3757 517 si-

469 561 575 609 tur.
628 553 838 609 Mutant
893 555 1034 610 enim
1093 558 1360 625 quaslibet
1414 556 1688 626 largitates
1740 554 2059 625 rapientium

469 658 682 700 manus.
714 643 781 701 Et
811 646 947 701 sicut
974 646 1137 703 fontis
1167 650 1374 719 puritas
1419 664 1513 718 per
1542 648 1731 702 limosa
1760 645 2061 715 corrumpi-

470 744 579 800 tur,
624 734 703 791 sic
749 735 1021 793 allluentia
1062 740 1187 794 boni
1228 741 1368 808 regis
1396 741 1569 794 avaris
1598 739 2062 794 distributionibus

471 824 802 882 immutatur.
838 828 1040 883 Aurum
1068 832 1263 901 ipsum,
1290 847 1410 885 cum
1438 830 1664 886 solvitur
1694 830 1747 884 in
1778 830 2061 900 liquorem,

472 917 576 973 nisi
606 920 957 976 mundissimo
985 923 1210 977 calicnlo
1236 924 1580 993 suscipiatur,
1609 922 1866 989 inficitur,
1893 937 2065 993 quan-

470 1010 540 1066 do
570 1011 857 1080 puritatem
888 1016 967 1069 sui
998 1015 1083 1068 illa
1115 1015 1229 1069 sola
1262 1015 1589 1082 custodiunt,
1623 1032 1742 1087 qua:
1773 1016 1917 1070 nulla
1947 1031 2064 1071 sor-

472 1103 620 1159 dium
652 1105 983 1163 admixtione
1012 1107 1306 1163 fuscantur.
1333 1109 1501 1176 Quam
1525 1118 1733 1178 gratum
1758 1125 1854 1180 per
1881 1110 2066 1163 niveos

473 1200 732 1258 caliculos
760 1203 962 1259 rivulos
993 1203 1172 1259 videre
1203 1214 1496 1271 currentes,
1530 1213 1586 1261 et
1617 1205 1785 1275 ipsam
1812 1204 2067 1273 quodam-

474 1290 639 1347 modo
670 1300 872 1348 naturae
897 1294 1118 1349 liberam
1142 1294 1315 1349 ridere
1339 1296 1647 1365 puritatem,
1671 1293 1886 1364 quando
1910 1293 2067 1347 nullis

475 1385 704 1439 maculis
754 1385 1002 1454 injuriata
1049 1387 1321 1456 turpatur!
1366 1385 1457 1441 Sic
1486 1387 1624 1441 dona
1656 1402 1835 1440 rerum
1865 1384 2068 1439 domini

479 1476 622 1530 nulla
668 1476 865 1532 debent
909 1478 1204 1547 pollutione
1246 1478 1443 1534 fuscari
1480 1496 1491 1531 :
1525 1478 1618 1533 sed
1658 1478 1797 1532 sicut
1841 1477 1907 1531 ab
1952 1477 2069 1547 ipso

478 1577 679 1622 exeunt
728 1569 966 1639 copiosa,
1016 1569 1090 1623 ita
1140 1568 1340 1624 debent
1376 1569 1444 1623 ad
1476 1569 1748 1624 Romanos
1790 1568 2070 1639 pervenire

477 1660 782 1729 purissima.
816 1659 949 1714 Nam
986 1660 1111 1715 licet
1137 1662 1312 1715 omnis
1343 1660 1486 1715 fraus
1515 1661 1691 1729 gravis
1732 1676 1848 1716 esse
1889 1660 2071 1713 videa-

480 1757 585 1819 tur,
617 1750 702 1804 illa
734 1758 911 1806 tamen
943 1752 1301 1822 importabilis
1338 1752 1598 1816 redditur,
1636 1768 1755 1823 quze
1786 1752 1839 1806 in
1869 1751 2071 1807 Romu-

478 1840 561 1896 lea
589 1843 744 1913 plebe
770 1854 1045 1913 grassatur
1073 1863 1085 1898 :
1117 1846 1271 1900 turba
1299 1860 1418 1917 qua:
1449 1846 1576 1900 vivit
1602 1847 1812 1914 quieta;
1844 1844 2073 1916 populus

2169 552 2336 606 milia.
2378 551 2514 607 Huic
2556 560 2704 607 tanta
2749 554 3018 622 pinguedo
3065 554 3324 621 sociatur,
3370 561 3433 607 ut
3480 552 3758 608 arbitreris

2169 643 2328 697 simul
2357 642 2642 698 decurrere
2690 643 2986 699 Palladium
3035 644 3329 713 liquorem;
3374 643 3478 699 nisi
3516 643 3663 713 quod
3692 644 3759 699 ab

2168 734 2257 789 illa
2279 735 2493 806 prasina
2512 734 2781 790 viriditate
2803 736 2962 789 niveo
2984 734 3220 789 candore
3245 733 3584 789 discernitur.
3612 733 3657 787 Τ
3660 751 3759 789 unc

2169 826 2318 882 cadis
2346 826 2453 881 late
2478 826 2785 896 patentibus
2813 826 2970 895 cepia
2993 825 3080 880 illa
3103 826 3361 881 mirabilis
3388 826 3513 881 laeto
3541 826 3757 880 nimium

2172 920 2308 992 [alii,
2359 918 2630 990 nimirum]
2681 926 2899 989 pastore
2932 927 3216 991 suscepta,
3262 933 3384 973 cum
3432 919 3760 974 admixtione

2172 1016 2381 1084 coaguli
2406 1016 2459 1069 in
2482 1015 2738 1071 callosam
2763 1014 2988 1085 coeperit
3010 1013 3424 1069 teneritudinem
3453 1013 3756 1075 condurari,

2173 1107 2239 1162 ad
2266 1107 2686 1176 pulcherrimum
2712 1107 2898 1163 orbem
2927 1106 3097 1162 forma
3126 1106 3468 1178 perducitur;
3495 1122 3617 1174 qua:
3645 1108 3762 1160 sub-

2174 1202 2440 1257 terraneis
2476 1201 2687 1256 horreis
2723 1199 3113 1272 aliquantulum
3161 1209 3511 1267 congregata,
3555 1198 3762 1251 diutur-

2175 1309 2302 1348 nam
2339 1294 2484 1349 casei
2522 1292 2649 1348 facit
2695 1308 2814 1348 esse
2860 1292 3234 1348 substantiam.
3285 1291 3403 1346 Hoc
3445 1292 3764 1361 quantocius

2175 1385 2651 1455 superimpositum
2677 1385 2902 1454 navigiis
2935 1383 3249 1452 destinabis,
3281 1392 3339 1437 ut
3367 1382 3650 1438 desideriis
3683 1398 3763 1437 re-

2177 1478 2386 1547 galibus
2428 1493 2595 1548 parvo
2622 1492 2845 1533 munere
2888 1476 3213 1532 satisfecisse
3243 1475 3542 1530 videamur.
3579 1475 3765 1530 Vinum

2178 1584 2414 1641 quoque,
2439 1568 2583 1638 quod
2619 1569 2838 1624 laudare
2882 1568 3130 1639 cupiens,
3159 1566 3550 1622 Palmatianum
3578 1566 3763 1641 [Form

2177 1673 2226 1718 et
2249 1663 2395 1731 Cor.,
2426 1660 2550 1728 6a.,
2584 1662 2963 1730 Palmatinum,
2995 1662 3072 1716 vel
3099 1660 3444 1733 Palmariumj
3474 1662 3769 1717 nominavit

2181 1756 2474 1827 antiquitas
2488 1754 2536 1821 δ,
2560 1771 2667 1810 non
2690 1756 2841 1826 stipsi
2867 1770 3139 1825 asperum,
3155 1754 3245 1810 sed
3268 1762 3478 1823 gratum
3507 1755 3769 1808 suavitate

2182 1850 2452 1921 perquire.
2504 1849 2637 1903 Nam
2683 1850 2808 1904 licet
2848 1849 2993 1904 inter
3020 1849 3145 1903 vina
3183 1848 3367 1902 Brutia
3398 1847 3649 1902 videatur
3674 1863 3769 1902 ex-

478 1933 569 2002 qui
596 1935 852 1998 nescitur,
889 1936 990 1993 nisi
1028 1951 1147 1990 cum
1192 1938 1344 1991 Iratus
1383 1946 1492 2003 est;
1526 1937 1729 1991 clamor
1772 1937 1888 1991 sine
1934 1936 2076 1991 sedi-
2105 1913 2154 1973 Β
2184 1952 2430 2008 tremum,
2467 1943 2665 1999 factum
2714 1952 2892 1999 tamen
2940 1950 3024 1999 est
3073 1958 3211 2012 pene
3250 1940 3487 2010 generali
3519 1941 3769 2012 opinione

480 2025 662 2089 tione;
697 2027 951 2097 strepitus
980 2027 1176 2083 furoris
1209 2031 1450 2097 nescius;
1483 2031 1675 2101 quibus
1703 2030 1818 2085 sola
1849 2039 2074 2085 conten~

479 2120 557 2173 tio
605 2128 687 2174 est
730 2129 1100 2191 paupertatem
1139 2124 1324 2191 fugere
1370 2133 1424 2179 et
1468 2122 1680 2178 divitias
1724 2138 1832 2176 non
1873 2136 2077 2176 amare.

480 2209 739 2265 Nesciunt
762 2213 904 2267 enim
935 2228 1054 2268 esse
1081 2214 1390 2284 lucripetes,
1420 2230 1522 2270 nec
1548 2214 1725 2285 aliqua
1748 2229 1807 2269 se
1837 2213 2080 2281 negatio-

483 2302 567 2358 nis
589 2303 883 2360 calliditate
902 2306 1263 2363 discruciant:
1287 2309 1473 2363 vivunt
1495 2308 1708 2363 fortuna
1729 2308 2080 2363 mediocrium

487 2402 545 2449 et
589 2397 917 2451 conscientia
960 2398 1205 2453 divitum.
1256 2398 1444 2454 Nonne
1478 2399 1748 2469 piaculum
1779 2406 1862 2454 est
1891 2398 2083 2452 talibus

486 2501 709 2557 rapere,
761 2488 852 2558 qui
900 2490 1146 2544 nesciunt
1190 2491 1363 2546 aliena
1414 2492 1701 2546 fraudare?
1742 2490 2085 2561 Quapropter

488 2578 715 2633 obsonia
763 2578 1007 2636 Romano
1058 2584 1257 2654 populo
1304 2584 1667 2640 distribuenda
1706 2586 1774 2639 ab
1814 2585 1903 2639 illa
1946 2583 2085 2639 indi-

486 2671 684 2737 ctione,
718 2674 951 2743 propitia
1000 2675 1094 2731 tibi
1142 2677 1453 2743 Divinitate,
1493 2676 1859 2741 concedimus,
1884 2685 1943 2731 ut
1969 2678 2085 2732 sine

488 2763 667 2832 aliqua
697 2764 1053 2821 diminutione
1082 2770 1362 2839 percipere
1408 2768 1579 2840 possit
1617 2766 1763 2839 quod
1807 2766 1951 2836 regia
1979 2766 2085 2821 lar-

488 2856 651 2925 gitate
679 2859 998 2927 promeruit.
1028 2858 1172 2916 Cave
1201 2876 1267 2915 ne
1295 2861 1438 2930 quod
1466 2860 1542 2915 illi
1581 2870 1914 2920 meruerunt,
1949 2858 2086 2914 alter

489 2947 749 3017 accipiat;
774 2957 828 3003 et
855 2958 911 3005 tu
940 2966 969 3004 a
1000 2952 1169 3021 gratia
1200 2963 1384 3006 nostra
1415 2952 1729 3025 peregrinus
1752 2950 2017 3015 reddaris,
2040 2950 2085 3004 si

487 3051 516 3091 a
546 3038 717 3094 civico
748 3055 934 3096 amore
962 3042 1292 3099 discesseris.
1322 3042 1441 3098 Non
1484 3040 1577 3097 fiat
1621 3041 1841 3097 Latialis
1887 3041 2084 3111 pretio,

488 3130 580 3199 qui
609 3131 842 3190 civitatis
873 3135 1012 3192 illius
1059 3152 1165 3191 non
1210 3137 1373 3191 habet
1410 3135 1531 3205 jura
1572 3135 1861 3191 nascendo.
1898 3132 2085 3189 Hono-

489 3221 716 3277 randum
771 3239 985 3295 semper
1035 3235 1118 3282 est
1170 3228 1315 3297 quod
1371 3244 1566 3283 nomen
1615 3227 1865 3296 gentibus
1906 3225 2081 3293 dedit,

2180 2038 2527 2109 prtccipuum.
2576 2037 2651 2092 lbi
2700 2037 2844 2092 enim
2892 2036 3160 2106 reperitur
3201 2042 3257 2090 et
3297 2033 3500 2089 Gazeto
3541 2045 3563 2071 ο
3608 2033 3769 2105 [Cuj.,

2182 2127 2382 2199 Gazeo]
2422 2144 2539 2200 par,
2573 2137 2627 2183 et
2674 2126 2877 2182 Sabino
2922 2127 3116 2191 simile,
3161 2135 3217 2180 et
3262 2126 3470 2193 magnis
3520 2125 3769 2179 odoribus

2182 2222 2470 2290 singulare.
2521 2218 2628 2275 Sed
2668 2219 2791 2291 quia
2832 2218 2959 2273 illud
3001 2216 3196 2272 famam
3242 2217 3344 2271 sibi
3386 2216 3768 2271 nobilissimam

2182 2312 2495 2377 vindicavit,
2538 2312 2641 2368 hoc
2678 2320 2735 2366 et
2773 2311 2825 2365 in
2861 2326 2959 2366 suo
2987 2324 3185 2379 genere
3214 2308 3373 2362 nimis
3400 2308 3621 2375 elegans
3649 2322 3768 2377 per-

2184 2409 2450 2479 quiratur,
2479 2422 2548 2463 ne
2587 2406 2870 2477 prudentia
2919 2404 3186 2474 majorum
3233 2400 3437 2470 aliquid
3476 2400 3773 2470 appellasse

2184 2501 2430 2557 videatur
2478 2500 2850 2571 improprium.
2901 2497 2998 2551 Est
3052 2497 3195 2551 enim
3249 2494 3397 2548 suavi
3456 2492 3773 2563 pinguedine

2186 2596 2420 2650 molliter
2466 2610 2708 2651 crassum
2755 2593 2892 2667 [Gr.,
2939 2590 3082 2663 (1:41.,
3130 2588 3255 2645 Nic.
3296 2598 3346 2643 et
3385 2587 3509 2653 6a.,
3556 2585 3770 2657 satum],

2184 2687 2473 2743 vivacitate
2498 2686 2882 2753 firmissimum,
2905 2700 3035 2740 nare
3058 2684 3372 2748 violentum,
3396 2682 3632 2737 candore
3651 2698 3777 2751 quo-

2188 2794 2293 2850 que
2319 2780 2699 2850 perspicuum;
2730 2777 2874 2849 quod
2905 2777 2977 2831 ita
3007 2776 3217 2831 redolet
3256 2790 3352 2829 ore
3396 2781 3686 2837 ructatum,
3717 2782 3777 2826 ut

2186 2876 2381 2932 merito
2428 2876 2505 2931 illi
2546 2892 2575 2930 a
2615 2876 2791 2947 palma
2822 2889 3019 2931 nomen
3048 2874 3296 2929 videatur
3326 2873 3656 2943 impositum.
3690 2871 3777 2925 Vi-

2188 2984 2339 3025 scera
2378 2969 2587 3025 defecta
2629 2969 2968 3039 constringit,
3005 2968 3225 3023 vulnera
3270 2966 3484 3022 madida
3520 2965 3772 3031 desiccat,

2189 3067 2389 3123 lassum
2419 3065 2593 3121 reficit
2622 3072 2841 3135 pectus;
2877 3073 2931 3119 et
2968 3064 3111 3133 quod
3142 3063 3230 3117 vix
3257 3061 3517 3131 praevalet
3558 3058 3778 3128 implere

2188 3167 2349 3231 potus
2378 3166 2495 3213 arte
2525 3156 2877 3226 compositus,
2920 3155 3010 3210 hic
3053 3153 3372 3218 naturaliter
3398 3158 3620 3221 praestat
3648 3147 3779 3204 infe.

2190 3258 2331 3306 ctus.
2380 3249 2486 3305 Sed
2537 3248 2759 3321 provide
2811 3254 2869 3301 ut
2923 3246 3257 3317 supradictas
3310 3244 3521 3314 species
3567 3251 3778 3298 exactas

487 3316 703 3409 quando
746 3318 924 3386 potior
969 3320 1024 3374 in
1070 3320 1321 3377 humanis
1361 3321 1522 3379 rebus
1554 3321 1812 3386 redditur,
1842 3320 1909 3375 de
1938 3318 2090 3389 cujus
2119 3326 2164 3389 ρ
2195 3343 2393 3399 debeas
2437 3316 2710 3397 desiinare
2733 3380 2749 3404 θ
2786 3339 2911 3409 quia
2952 3316 3061 3392 fam
3092 3353 3199 3393 non
3230 3350 3533 3407 possumus,
3566 3335 3655 3406 qui
3680 3334 3778 3388 hoc

490 3407 689 3478 aliquid
740 3410 985 3466 claritate
1031 3422 1334 3482 przcstatur.
1394 3415 1613 3470 Munera
1668 3415 1768 3469 ista
1821 3414 2087 3481 Quiritum

490 3507 635 3554 sunt.
666 3498 784 3556 Non
812 3503 1073 3573 subripiat
1103 3505 1281 3561 locum
1312 3508 1465 3563 liberi
1504 3506 1718 3562 fortuna
1762 3507 1992 3562 servilis.
2022 3506 2083 3561 In

492 3588 829 3657 majestatem
852 3591 1081 3650 Romani
1104 3596 1283 3673 populi
1308 3604 1512 3668 peccat,
1536 3597 1627 3665 qui
1652 3597 1926 3666 sanguinis
1947 3596 2090 3655 illius

495 3680 781 3752 puritatem
802 3684 1124 3743 famulorum
1147 3691 1407 3747 societate
1437 3692 1794 3747 commaculat
1821 3701 1871 3747 ι.

1066 3818 1395 3876 EPISTOLA
1424 3821 1535 3876 XII.

493 3920 781 3965 LNASTASIO
816 3927 1184 3970 CANCELLARIO
1223 3932 1465 3971 LUCANlrE
1506 3933 1573 3971 ΕΤ
1603 3931 1905 3973 BRUTIORUH
1934 3932 2093 3976 SENA-

900 3999 1002 4039 TOR
1031 4003 1350 4044 PRAEFECTUS
1383 4004 1682 4043 PRETORIO.

493 4069 703 4126 Laudat
750 4076 1005 4145 imprimis
1054 4079 1226 4133 vinum
1270 4079 1685 4147 Palmatianum,
1716 4096 1914 4135 necnon
1950 4080 2095 4136 Sila-

564 4160 687 4232 nam
717 4162 922 4232 ca‘seum
938 4157 1032 4232 aet
1055 4151 1201 4232 jubet
1222 4162 1277 4205 ut
1308 4161 1578 4232 utrumque
1607 4151 1675 4205 ad
1699 4152 1873 4205 aulam
1901 4154 2094 4224 regiam

566 4217 871 4272 mittendum
902 4217 1178 4275 sollicitius
1205 4225 1491 4293 pcrquirat.

570 4324 703 4382 Cum
735 4329 875 4399 apud
904 4346 1082 4387 rerum
1114 4332 1392 4389 dominum
1422 4335 1647 4391 solemni
1679 4350 1829 4391 more
1860 4332 2098 4405 prande-

498 4432 702 4482 remus,
730 4428 787 4474 et
828 4420 1054 4478 diversa:
1108 4426 1398 4496 provinciae
1432 4427 1500 4481 de
1540 4428 1652 4483 suis
1681 4427 1885 4482 deliciis
1916 4427 2099 4482 lauda-

501 4516 708 4571 rentur,
734 4510 804 4564 ad
830 4512 953 4566 vina
984 4514 1292 4571 Brutiorum
1321 4526 1374 4572 et
1395 4516 1563 4573 Silani
1588 4520 1729 4574 casei
1751 4520 2093 4581 suavitatem,

504 4606 774 4662 currente,
808 4609 867 4654 ut
896 4604 1116 4672 assolet,
1147 4622 1418 4674 sermone,
1463 4618 1781 4678 perventum
1812 4617 1921 4676 est;
1954 4608 2099 4678 quod

2192 3437 2478 3511 patriotica
2530 3436 2761 3492 veritate
2810 3434 2952 3507 [ms.,
3004 3428 3292 3501 varietate]
3341 3431 3657 3486 retinemus.
3704 3425 3780 3481 Ad

2191 3546 2428 3603 pnesens
2455 3530 2595 3585 enim
2623 3528 2691 3585 de
2713 3528 2947 3584 cellariis
2970 3526 3172 3582 nostris
3197 3538 3319 3594 quae
3343 3521 3781 3577 desiderabanttl'

2193 3624 2505 3681 obtulimus.
2556 3623 2637 3677 Tu
2682 3630 2861 3679 autem
2912 3630 3005 3676 tuo
3052 3619 3290 3692 periculo
3324 3617 3604 3673 dissimilia
3632 3615 3780 3684 facis,

2193 3738 2424 3795 quorum
2449 3723 2559 3795 jam
2586 3721 2789 3794 judicia
2815 3719 2990 3776 teneri
3019 3734 3179 3791 posse
3208 3715 3511 3789 cognoscis.

2825 3836 2985 3910 19a.
3019 3835 3158 3891 xm.

2866 3948 3123 3987 ευιοτυη.

2199 4048 2265 4105 In
2288 4065 2374 4104 cos
2401 4050 2485 4121 qui
2513 4047 2728 4103 mutiera
2758 4046 2893 4117 regis
2919 4046 3110 4100 collata
3132 4036 3383 4099 Ecclesiis
3405 4043 3783 4115 subripuerunt.

2276 4138 2383 4194 llsu
2412 4138 2679 4194 contineri
2707 4136 2869 4193 debet
2899 4136 3141 4191 omnium
3173 4136 3394 4203 largitas
3424 4134 3665 4204 impensa
3694 4132 3787 4189 do-

2199 4234 2488 4299 minorum,
2519 4232 2734 4304 quando
2774 4246 2998 4287 necesse
3027 4238 3109 4285 est
3137 4228 3473 4283 universitati
3509 4226 3788 4297 prolicere,

2199 4326 2344 4396 quod
2384 4325 2504 4381 illos
2549 4324 2781 4393 impulsu
2818 4321 3123 4378 Divinitatis
3150 4321 3441 4391 probatum
3475 4320 3633 4374 fuerit
3667 4316 3788 4373 effe-

2200 4418 2359 4473 cisse.
2414 4416 2595 4471 Pietas
2650 4414 2917 4484 siquidem
2973 4414 3275 4485 principum
3334 4420 3507 4467 totum
3564 4410 3789 4467 custodit

2200 4509 2503 4581 imperium,
2545 4514 2602 4562 et
2646 4506 2775 4560 dum
2822 4506 2926 4561 illis
2972 4504 3290 4560 vicissitudo
3320 4503 3482 4572 digna
3528 4502 3784 4564 redditur,

2203 4600 2492 4655 incolumia
2554 4596 2862 4667 reipublica:
2924 4598 3167 4652 membra
3222 4604 3527 4650 servantur.
3589 4593 3787 4648 Dudum

505 4686 794 4742 herbarum
820 4690 1079 4749 beneﬁcio
1109 4703 1256 4750 tanta
1288 4698 1359 4752 ibi
1390 4707 1595 4752 naturm
1616 4699 1954 4768 jucunditate
1974 4714 2099 4754 con-
2128 4713 2182 4773 τ)
2205 4692 2467 4763 siquidem
2518 4690 2818 4760 imperialia
2874 4689 3165 4744 constituta
3222 4703 3321 4757 per
3373 4687 3588 4741 Brutios
3638 4695 3789 4754 atque

506 4776 706 4845 ﬁcitur,
736 4787 795 4834 ut
836 4796 945 4837 non
991 4786 1179 4842 credas
1225 4787 1418 4844 deesse
1465 4789 1641 4844 mellis
1676 4799 1911 4858 gustum,
1943 4804 2105 4861 quem

503 4872 650 4928 nulla
681 4874 950 4944 conspicis
979 4878 1238 4947 qualitate
1286 4880 1633 4951 permixtum.
1665 4879 1844 4935 Manat
1887 4881 1997 4936 illic
2029 4880 2106 4937 le-

503 4967 644 5022 viter
674 4977 1028 5039 provocatum
1062 4971 1146 5027 lac
1175 4974 1433 5030 uberibus
1462 4973 1738 5042 ﬁstulosis,
1772 4982 1826 5030 et
1866 4976 2018 5045 quasi
2048 4977 2103 5031 in

504 5060 640 5116 alios
685 5070 902 5119 ventres
946 5074 1151 5119 naturae
1180 5066 1427 5122 ubertate
1458 5065 1770 5131 collectum,
1802 5082 1908 5121 non
1939 5066 2103 5137 guttis

506 5151 736 5221 impluit,
765 5154 858 5210 sed
879 5155 1198 5226 quibusdam
1228 5158 1525 5229 repentinis
1552 5158 1879 5214 torrentibus
1911 5157 2103 5214 inﬂue-

504 5242 609 5296 scit
649 5242 788 5317 [Ac.,
822 5246 1169 5320 intumescit].
1203 5248 1432 5305 Redolet
1466 5248 1644 5305 suavis
1673 5256 1728 5304 et
1757 5250 1938 5306 varius
1967 5250 2103 5305 odor

508 5334 815 5407 herbarum,
848 5340 1067 5397 naribus
1112 5342 1419 5415 agnoscitur
1462 5341 1732 5415 pecudum
1770 5351 1977 5416 pastus,
2006 5344 2100 5416 qui

583 5582 607 5610 α
624 5570 755 5627 Vide
770 5585 888 5641 quae
915 5570 982 5627 de
1005 5570 1386 5629 donationibus
1402 5569 1604 5627 Tiberii
1623 5571 1882 5643 principis
1910 5572 2099 5629 scribit

510 5644 690 5708 Diom,
721 5644 813 5697 lib.
846 5659 970 5705 LVII,
1008 5658 1128 5713 pag.
1159 5644 1281 5698 787.
1312 5642 1507 5699 Junnr.

581 5714 608 5753 δ
652 5714 766 5769 Vid.
811 5715 861 5767 in
903 5715 1045 5769 hunc
1090 5716 1264 5769 locum
1314 5714 1622 5782 Baronium,
1666 5722 1797 5771 tom.
1849 5714 1982 5782 VIII,
2028 5717 2095 5771 ad

511 5802 605 5867 an.
631 5786 755 5867 (ἕξιν.
791 5784 913 5867 5‘91,
948 5800 1068 5867 pag.
1104 5785 1191 5867 ἓξ.
1223 5785 1416 5867 ,[ιᾳιιεῖε

588 5865 610 5894 ο
651 5855 963 5928 Gazeti‘vini
996 5858 1199 5928 mentio
1230 5856 1287 5909 lit
1315 5872 1346 5928 a
1372 5855 1594 5922 Gregor.
1641 5857 1868 5928 Turon.,
1901 5858 1992 5912 lib.
2027 5857 2094 5913 de

519 5925 702 5986 Gloria
732 5924 980 5994 :0nfess.,
1009 5940 1130 5997 cap.
1160 5925 1194 5980 5
1223 5935 1278 5983 et
1305 5926 1370 5996 6;
1403 5942 1435 5985 a
1463 5928 1652 5988 Sidon.
1684 5924 1863 6000 Apoll.
1889 5931 1943 5985 in
1972 5944 2092 5986 car-

2209 4784 2497 4842 Lucaniam
2548 4792 2924 4840 sacrosanctas
2967 4781 3235 4838 Ecclesias
3290 4782 3469 4851 aliqua
3516 4795 3788 4835 munerum

2207 4880 2496 4939 devotione
2539 4877 2812 4949 juverunt.
2861 4876 2967 4931 Sed
3007 4884 3066 4931 ut
3104 4884 3185 4932 est
3222 4876 3500 4943 sacrilegis
3530 4873 3789 4941 mentibus

2207 4972 2489 5040 familiare,
2524 4982 2577 5028 et
2618 4973 2669 5027 in
2713 4974 2828 5043 ipsa
2858 4986 3075 5042 quoque
3103 4970 3408 5027 reverentia
3456 4969 3639 5023 divina
3676 4982 3789 5039 pec-

2209 5082 2354 5132 care,
2389 5065 2698 5120 nonnullam
2742 5064 2936 5119 exinde
2977 5072 3185 5134 partem
3230 5060 3666 5117 numerariorum
3700 5074 3786 5112 no-

2208 5160 2355 5215 mine
2408 5157 2741 5214 canonicarii
2797 5155 3228 5220 subtrahebant,
3288 5153 3549 5209 facientes
3604 5150 3788 5206 laicum

2208 5251 2550 5309 commodum
2582 5249 2935 5306 substantiam
2967 5248 3308 5303 clericorum.
3339 5244 3498 5313 Quod
3533 5244 3679 5301 sedis
3709 5257 3790 5296 no-

2207 5352 2332 5401 strae
2361 5342 2657 5399 numerarii
2692 5341 3067 5398 exsecratione
3105 5339 3411 5397 detestabili
3456 5346 3791 5412 respuentes,

2204 5574 2351 5630 mine
2375 5571 2462 5638 l7,
2495 5569 2560 5626 ad
2590 5567 2919 5655 Ommatium
2951 5584 2964 5622 :

2328 5689 2448 5737 Vina
2466 5688 2587 5737 mihi
2610 5698 2702 5735 non
2722 5692 2835 5734 sunt
2861 5682 3111 5745 Gazetica,
3130 5679 3269 5742 Chia,
3296 5678 3527 5730 Falerna.

2201 5799 2315 5853 Hoc
2338 5809 2514 5851 autem
2537 5795 2735 5848 dictmn
2759 5808 2787 5846 a
2810 5792 3030 5859 regione
3056 5790 3223 5856 Gaza,
3246 5787 3450 5843 scilicet
3473 5786 3787 5859 Baltestinat,

2202 5880 2260 5927 ut
2281 5869 2467 5926 scribit
2493 5866 2752 5935 Isidorus,
2775 5857 2976 5936 Origin.
3009 5861 3104 5919 lib.
3134 5876 3224 5930 xx,
3253 5874 3374 5931 cap.
3407 5859 3460 5915 5.
3490 5857 3686 5915 Juner.
