4006 6452
223 325 332 401 ses

1497 321 1862 383 VARIABUM
1897 321 2099 381 LIBER
2136 321 2250 380 XII.

3379 332 3486 393 866

226 470 502 526 nunquam
540 453 639 510 sibi
679 451 881 509 illatum
911 450 1070 505 fuisse
1105 451 1411 516 suggerunt,
1447 443 1590 513 quod
1614 443 1680 497 de
1708 441 1802 496 tali
1831 442 1878 502 Α
1907 441 1994 494 vix
2019 442 2188 511 possit
2216 441 2425 512 aliquos
2453 441 2713 514 cephiuos
2741 442 2809 503 de
2834 462 3040 504 summa
3063 449 3310 505 ubertate
3336 465 3488 507 com.

225 551 432 608 scelere
476 562 667 601 manus
716 543 889 612 impia:
933 539 1400 596 defraudaverunt.
1446 533 1583 600 Quid
1627 533 1800 586 adhuc

230 643 471 706 minime,
513 637 738 693 audacia
787 636 1041 699 humana,
1070 631 1320 694 tentabis,
1353 629 1399 684 si
1447 635 1501 683 et
1544 626 1615 680 ibi
1665 625 1807 679 furta

226 732 482 806 porrigis,
511 729 602 784 ubi
633 737 686 784 te
726 725 947 780 minime
988 723 1160 778 latere
1202 714 1362 792 poSse
1390 717 1704 789 cognoscis?
1736 712 1807 768 Ut

227 823 424 880 illudas
463 819 632 876 oculis
676 817 904 872 fortasse
947 813 1279 878 mortalibus,
1322 810 1565 880 quamvis
1602 808 1806 878 iniqua,

228 921 411 968 tamen
458 909 635 978 aliqua
673 905 884 961 videtur
910 902 1254 974 praesumptio
1285 904 1518 968 :quanta
1548 911 1676 966 ergo
1704 909 1808 949 car.-

226 1003 394 1056 eitate
441 997 744 1061 damnatur,
794 993 884 1064 qui
928 1007 990 1049 se
1036 991 1266 1046 aestimat
1308 994 1621 1058 perpetrare
1665 982 1810 1054 quod

227 1095 492 1150 Divinitas
517 1094 638 1147 non'
650 1090 822 1162 possit
847 1087 1159 1144 advertere!
1192 1084 1302 1142 Sed
1343 1100 1411 1140 ne
1452 1083 1640 1139 similis
1667 1083 1808 1137 ulte-

225 1191 337 1243 rius
365 1193 637 1256 grassetur
664 1181 802 1239 forte
829 1179 1195 1251 praesumptio,
1221 1185 1315 1233 aut
1341 1176 1574 1232 divinam
1602 1173 1810 1246 patien-

229 1282 357 1335 tiam
411 1278 664 1348 frequens
707 1287 1004 1345 provocare
1057 1271 1228 1341 possit
1277 1283 1548 1333 excessus,
1593 1264 1810 1321 edictali

224 1377 628 1443 programmate
653 1365 953 1429 definimus,
989 1372 1049 1418 ut
1071 1362 1162 1432 qui
1192 1363 1246 1416 in
1273 1360 1380 1416 hac
1407 1358 1565 1415 fuerit
1588 1356 1810 1413 ulterius

223 1465 419 1521 fraude
447 1473 708 1527 versatus,
740 1469 796 1517 et
836 1460 1024 1514 militia
1070 1465 1290 1520 careat,
1333 1463 1390 1511 et
1434 1451 1811 1523 compendium

223 1557 461 1631 propriae
489 1555 758 1612 facultatis
799 1553 1028 1608 amittat.
1059 1550 1321 1606 Graviore
1359 1546 1620 1617 siquidem
1649 1557 1809 1613 poma

224 1650 546 1723 plectendus
572 1657 657 1705 est
681 1647 771 1719 qui
801 1662 968 1716 usque
997 1644 1064 1699 ad
1095 1643 1345 1712 injuriam
1382 1641 1615 1696 divinam
1657 1651 1812 1693 suam

223 1741 580 1797 nihilominus
627 1739 854 1794 tetendit
901 1736 1196 1792 audaciam.
1256 1733 1498 1788 Habeant
1547 1745 1813 1800 pauperes

1909 531 2074 600 plere.
2110 532 2164 585 ln
2210 533 2382 587 hortis
2428 545 2606 590 autem
2650 541 2969 595 rusticorum
3017 557 3208 610 agmen
3260 544 3489 600 habetur

1908 639 2216 692 operosum,
2245 626 2368 695 quia
2399 628 2518 682 olus
2547 628 2654 684 illic
2683 645 2842 686 omne
2871 648 3121 702 saporum
3162 642 3245 689 est
3281 636 3488 690 marina

1908 714 2229 771 irroratione
2270 733 2590 788 respersum.
2626 719 2779 786 Quod
2817 721 3046 778 humana
3087 725 3345 780 industria
3373 725 3488 782 ﬁeri

1909 810 2206 876 consuevit,
2238 811 2342 867 hoc
2372 827 2495 868 cum
2548 814 2841 869 nutriretur
2886 816 3113 886 accepit.
3144 817 3343 873 Contra
3372 819 3487 875 Ma-

1908 899 2055 954 ronis
2085 908 2264 955 autem
2295 903 2613 958 sententiam
2642 904 2947 974 intyborum
2981 907 3089 962 illic
3120 906 3263 963 librae
3291 910 3490 967 dulcis-

1909 989 2058 1045 simae
2105 999 2247 1059 sunt,
2295 1008 2418 1062 qua)
2459 995 2758 1063 praecincta:
2801 995 2941 1053 foliis
2990 999 3245 1054 tortuosis
3291 1001 3489 1056 callosa

1911 1085 2270 1140 teneritudine
2317 1087 2707 1154 conglobantur
2757 1105 2770 1142 :
2817 1091 2959 1143 unde
3005 1089 3057 1144 in
3113 1094 3492 1147 morem-nitri

1911 1174 2052 1242 [Ac.,
2095 1175 2239 1248 vitri]
2279 1177 2478 1246 aliquid
2521 1179 2831 1250 decerptum
2879 1182 3160 1253 frangitur,
3193 1183 3318 1239 dum
3355 1201 3385 1239 a
3418 1185 3494 1240 fe-

1909 1268 2086 1324 cundo
2133 1271 2337 1340 cespite
2384 1283 2716 1342 segregatur.
2773 1275 2866 1333 His
2911 1279 3264 1345 victualibus,
3316 1281 3360 1337 si
3415 1283 3495 1338 vis

1911 1375 2094 1430 nosse,
2124 1362 2273 1430 regio
2303 1363 2389 1417 illa
2419 1363 2643 1419 fecunda
2677 1376 2786 1431 est;
2814 1383 2932 1421 nam
2963 1377 3018 1422 et
3045 1370 3263 1424 marinis
3286 1371 3496 1427 deliciis

1911 1454 2131 1524 copiosa
2171 1454 2508 1524 jucunditate
2536 1457 2843 1526 perfruitur,
2875 1462 2997 1528 quia
3028 1462 3100 1516 ibi
3130 1478 3280 1518 mare
3309 1480 3495 1534 super-

1873 1594 1875 1596 .
1913 1561 2040 1600 num
2071 1561 2134 1602 ac
2172 1546 2458 1614 infernum,
2489 1549 2702 1604 insertis
2732 1549 2996 1607 frontibus
3022 1555 3335 1624 adunatum,
3363 1556 3497 1611 deli-

1913 1640 2024 1698 cias
2050 1641 2328 1710 utriusque
2357 1642 2528 1711 pelagi
2560 1643 2611 1696 in
2643 1659 2800 1697 unam
2837 1648 3305 1714 congregationem
3348 1649 3497 1705 sinus

1915 1729 1997 1784 sui
2024 1730 2357 1785 volubilitate
2402 1731 2664 1801 perducit.
2715 1731 2942 1789 Necesse
2991 1743 3072 1790 est
3117 1737 3259 1790 enim
3297 1737 3404 1793 illic
3443 1746 3500 1792 et

223 1832 370 1888 dona
419 1831 784 1900 regnantium;
824 1827 1133 1898 possideant
1177 1822 1398 1892 aliquid,
1435 1820 1629 1890 quibus
1669 1819 1813 1874 nulla
1845 1808 1890 1868 Β
1916 1818 2088 1887 pisces
2128 1835 2442 1890 pr0perare,
2487 1821 2574 1876 ubi
2613 1831 2824 1877 constat
2865 1832 2920 1878 et
2962 1825 3158 1879 undam
3197 1841 3357 1896 posse
3400 1827 3498 1882 de-

223 1923 458 1980 facultas
485 1932 586 1977 est.
631 1922 739 1975 Cur
774 1919 948 1974 aliena
990 1914 1287 1972 substantia
1329 1913 1384 1968 in
1430 1912 1592 1980 regali
1640 1910 1814 1980 posita

224 2012 854 2084 largitate-pervaditur?
881 2008 1156 2064 Possessio
1186 2005 1301 2076 ejus
1329 2003 1581 2075 principis
1622 2016 1816 2056 munus

223 2115 328 2162 est.
364 2103 826 2173 Quemadmodum
857 2107 1148 2172 praesumat
1193 2097 1464 2167 subjectus
1502 2095 1816 2164 contingere

223 2195 376 2266 quod
424 2193 536 2249 Deo
579 2191 798 2263 respicit
841 2188 1196 2245 humilitatem
1236 2185 1558 2243 dominantis
1586 2182 1816 2239 offerre?

225 2285 463 2341 Additur
491 2283 632 2354 quod
682 2281 876 2336 talibus
923 2296 1032 2336 non
1073 2280 1222 2346 dare,
1266 2278 1450 2333 tulisse
1480 2284 1591 2341 est;
1622 2283 1676 2329 et
1701 2288 1816 2329 me-

223 2377 360 2445 rito,
401 2374 616 2445 quando
652 2373 743 2442 qui
790 2381 968 2444 potest
1009 2370 1366 2427 esurientibus
1413 2366 1720 2429 subvenire,
1769 2362 1816 2418 si

225 2487 339 2527 non
383 2469 576 2540 pascit,
621 2467 928 2536 exstinguit.
978 2463 1182 2519 Pudeat
1227 2461 1332 2517 illis
1378 2459 1587 2523 tollere,
1624 2455 1817 2526 quibus

222 2560 479 2633 jubemur
516 2559 731 2615 oll‘erre.
765 2556 915 2613 Ultra
961 2570 1148 2612 omnes
1194 2550 1542 2608 crudelitates
1570 2558 1652 2604 est
1679 2545 1814 2602 divi-

229 2664 341 2710 tem
367 2654 508 2709 velle
537 2653 650 2708 lieri
677 2653 744 2707 de
767 2650 1059 2720 exiguitate
1079 2646 1330 2702 mendici.
1363 2645 1622 2699 Amentur
1647 2642 1818 2697 hone-

229 2755 312 2802 sta
342 2745 516 2808 lucra,
560 2745 882 2800 horreantur
924 2743 1180 2814 damnosa
1225 2736 1541 2808 compendia
1586 2752 1599 2788 :
1642 2735 1818 2789 nullus

231 2837 432 2892 audeat
468 2835 589 2891 inde
620 2835 808 2891 tollere
836 2834 982 2905 quod
1017 2832 1187 2904 possit
1229 2831 1457 2886 collecta
1487 2827 1814 2898 dispergere.

231 2927 497 2984 Addenda
525 2926 721 2998 perdit,
748 2927 841 2995 qui
868 2923 1147 2980 retinendo
1174 2920 1479 2990 collegerit;
1507 2925 1564 2974 et
1591 2931 1821 2988 pauper-

233 3027 404 3075 tatem
450 3019 630 3090 potius
673 3017 741 3074 ad
780 3033 840 3075 se
886 3017 1070 3086 trahit,
1109 3015 1154 3072 si
1198 3013 1524 3084 exigendum
1567 3008 1821 3083 pecunias

234 3128 348 3166 non
385 3111 616 3182 repellit.

770 3242 1104 3299 EPISTOLA
1139 3240 1279 3298 XIV.

231 3351 522 3394 ANASTASIO
550 3350 913 3393 CANCELLARIO
943 3350 1182 3390 ιυεΑΝιιΕ
1212 3349 1282 3388 ΕΤ
1314 3345 1618 3388 BRUTIORUI!
1655 3347 1818 3387 SENA-

628 3423 731 3462 TOR
760 3422 1080 3462 PREFECTUS
1107 3419 1405 3460 PRETORIO.

233 3521 494 3577 Describit
535 3520 874 3592 eregiensem
900 3518 1180 3592 regionem,
1212 3516 1520 3592 et‘prohibet
1547 3516 1819 3592 quominus

303 3593 534 3646 laridum
586 3587 908 3644 et'lriticum
960 3587 1024 3642 ἰώ
1078 3605 1139 3642 ea
1193 3587 1433 3657 deinceps
1486 3587 1818 3658 coemptionis

304 3665 515 3718 nomine
543 3662 889 3732 postulentur.

305 3777 641 3845 Rhegieuses
667 3775 830 3839 cives,
858 3772 1030 3828 ultimi
1057 3772 1383 3838 Brutiorum,
1411 3787 1546 3842 quos
1574 3786 1604 3826 a
1627 3771 1820 3828 Siciliae

234 3885 467 3941 corpore
494 3867 713 3923 violenti
742 3864 1010 3936 quondam
1047 3865 1210 3919 maris
1238 3865 1472 3934 impetus
1497 3864 1818 3932 segregavit,

234 3961 385 4016 unde
426 3959 612 4015 civitas
645 3972 830 4013 eorum
861 3971 1057 4012 nomen
1087 3957 1295 4026 accepit
1325 3955 1534 4026 (divisio
1557 3957 1699 4011 enim
1725 3957 1819 4030 ῥή-

232 4075 344 4128 γιον
392 4050 574 4106 Graeca
623 4049 798 4120 lingua
847 4048 1159 4119 vocitatur),
1208 4047 1388 4117 iniqua
1433 4055 1724 4117 suggerunt
1761 4063 1821 4104 se

235 4153 552 4202 exactorum
599 4143 1013 4215 prtesumptione
1058 4144 1265 4212 fatigari
1297 4161 1310 4195 :
1337 4143 1684 4213 implorantes
1713 4157 1820 4198 non

236 4237 474 4303 aurium,
508 4234 602 4291 sed
631 4234 907 4290 oculorum
936 4243 1243 4290 nostrorum
1284 4242 1412 4288 nota
1444 4233 1702 4298 remedia,
1730 4232 1822 4300 qui

236 4342 530 4398 possumus
558 4327 694 4382 scire
723 4324 1053 4380 territorium
1087 4340 1274 4379 eorum
1303 4324 1446 4392 quod
1484 4323 1686 4394 petitur
1713 4338 1823 4379 non

237 4418 465 4474 habere.
504 4416 597 4473 Est
639 4416 781 4472 enim
825 4416 1094 4470 montanis
1134 4414 1328 4484 lapillis
1358 4422 1498 4469 terra
1525 4413 1820 4481 rarissima,

239 4507 398 4564 arida
441 4508 676 4578 pascuis,
707 4505 802 4560 sed
830 4505 1035 4560 undosa
1065 4505 1375 4571 vindemiis;
1415 4505 1684 4572 segetibus
1723 4504 1820 4560 ad-

239 4613 419 4662 versa,
461 4597 556 4653 sed
602 4597 756 4653 olivis
801 4597 1145 4652 accommoda
1180 4614 1192 4649 :
1224 4604 1279 4651 et
1321 4595 1442 4652 ideo
1471 4597 1678 4652 cultura
1706 4597 1820 4667 ejus

241 4691 420 4746 omnis
459 4691 513 4744 in
555 4688 780 4744 sarculis
821 4697 922 4756 est,
955 4687 1081 4758 quia
1118 4688 1429 4757 superlicies
1473 4687 1637 4757 ipsius
1678 4689 1820 4745 sicca

245 4784 451 4839 nutrire
499 4799 604 4839 non
650 4782 793 4838 valet
841 4797 1072 4852 superne
1118 4781 1410 4837 nascentia.
1451 4781 1685 4851 Tergore
1711 4783 1822 4839 illic

247 4891 375 4946 ager
401 4873 592 4938 nudus,
623 4873 880 4928 industria
918 4872 1097 4942 potius
1133 4887 1294 4941 quam
1341 4879 1530 4926 natura
1573 4873 1815 4928 vestitur.

249 4966 378 5021 Nam
407 4963 660 5019 Palladiae
687 4964 833 5018 silvae
858 4962 1129 5018 viriditate
1155 4961 1476 5030 contegitur,
1500 4963 1591 5031 qui
1620 4963 1674 5017 in
1702 4963 1819 5018 solo

247 5059 578 5113 aridissimus
606 5057 950 5127 approbatur.
981 5054 1197 5111 Talibus
1226 5055 1368 5110 enim
1411 5056 1546 5113 locis
1575 5057 1663 5111 illa
1693 5071 1822 5127 pro-

250 5149 448 5216 ﬁciunt,
481 5164 599 5220 quae
641 5147 911 5204 radicibus
954 5148 1192 5217 proceris
1237 5146 1306 5202 ad
1354 5147 1501 5202 humi
1549 5141 1825 5217 penetrale

248 5243 594 5298 descendunt.
609 5240 831 5309 Segetes
853 5242 1109 5307 rigantur,
1128 5248 1188 5294 ut
1209 5240 1415 5305 vivant;
1441 5247 1495 5293 et
1517 5240 1826 5297 conditione

250 5341 450 5387 mutata
491 5331 596 5387 hoc
631 5331 808 5385 aristis
836 5328 1182 5399 impenditur,
1213 5328 1359 5396 quod
1397 5328 1629 5383 oleribus
1669 5329 1824 5383 exhi-

251 5421 422 5476 betur.
455 5420 664 5488 Quanta
703 5433 856 5488 seges
894 5427 996 5486 est,
1033 5433 1152 5489 qua:
1189 5432 1351 5472 manu
1389 5417 1656 5486 colligitur
1681 5419 1818 5491 [Ac.,

252 5511 499 5584 colitur]?
529 5512 671 5567 Raro
701 5512 808 5567 illic
842 5509 910 5565 ab
946 5524 1072 5564 area
1111 5507 1258 5562 venit
1297 5509 1532 5564 humeris
1571 5517 1822 5578 gravatus

253 5604 506 5672 agricola,
546 5611 609 5660 ut
647 5619 756 5659 non
803 5617 1005 5657 messes
1031 5601 1086 5656 in
1114 5600 1322 5656 horreis
1362 5600 1696 5670 colligantur,
1728 5602 1823 5658 sed

323 5748 348 5776 ⁸
391 5739 486 5794 Est
528 5739 690 5810 piscis
738 5752 911 5810 genus
942 5739 1073 5794 itala
1101 5736 1298 5796 Grzrcis
1326 5739 1429 5795 illis
1458 5740 1546 5808 qui
1578 5742 1816 5796 ultimam

253 5825 401 5883 oram
449 5810 664 5865 Graeciae
706 5810 758 5883 in
802 5809 950 5863 Italia
1003 5811 1318 5883 accolebant
1365 5819 1637 5877 vocatum,
1692 5814 1814 5883 quia

255 5880 476 5948 fundum
497 5883 662 5946 maris
687 5882 938 5944 deserere
960 5882 1132 5954 solet,
1158 5892 1217 5942 ut
1244 5881 1297 5943 in
1322 5895 1589 5942 summum
1615 5880 1816 5954 eua'tet,

1917 1908 2103 1965 fluere.
2157 1910 2501 1968 Exormiston
2559 1915 2586 1944 ⁸
2633 1930 2848 1986 quoque
2894 1918 3034 1972 inter
3079 1920 3253 1988 pisces
3295 1921 3498 1988 regium

1917 2015 2106 2070 genus,
2139 2018 2359 2073 compar
2386 2007 2624 2060 murenis
2674 2023 2904 2078 corpore
2927 2011 3012 2064 vel
3051 2012 3232 2067 colore
3274 2012 3496 2081 distans,

1917 2094 2135 2148 naribus
2161 2096 2376 2164 setosis,
2407 2097 2673 2154 colostrea
2708 2101 2936 2157 delicata
2967 2106 3325 2162 teneritudine
3363 2123 3500 2176 pra:-

1918 2185 2106 2254 ditnm,
2136 2188 2320 2244 oleoso
2361 2204 2426 2245 ac
2472 2193 2620 2246 suavi
2668 2193 2874 2263 liquore
2903 2197 3262 2266 coagulatum,
3291 2199 3501 2270 appeti-

1917 2277 2038 2331 bilis
2075 2286 2332 2348 grataque
2378 2281 2664 2350 pinguedo,
2706 2298 2827 2337 cum
2872 2286 3075 2354 spumis
3118 2287 3502 2344 fluctuantibus

1918 2371 2060 2426 inter
2090 2373 2230 2428 aeris
2256 2372 2486 2428 conlinia
2516 2375 2741 2445 cmperit
2761 2385 3003 2442 enatare,
3027 2380 3198 2434 nescit
3219 2379 3288 2434 ad
3309 2381 3503 2436 cubilia

1918 2465 2094 2519 redire
2117 2481 2236 2535 quae
2261 2465 2459 2521 deserit
2485 2485 2496 2519 :
2526 2468 2706 2534 credo,
2734 2477 2827 2523 aut
2853 2469 3138 2525 immemor
3157 2471 3500 2539 reversiOnis,

1921 2564 2032 2624 aut,
2066 2559 2425 2614 teneritudine
2451 2575 2658 2615 summa
2698 2562 2956 2630 mollitus,
2989 2564 3175 2634 nequit
3206 2564 3360 2618 undis
3389 2564 3503 2619 ele-

1919 2650 2168 2706 vantibus
2217 2652 2486 2705 contraria
2534 2653 2898 2710 obluctatione
2945 2657 3287 2724 demergere;
3335 2657 3506 2711 fertur

1919 2740 2068 2794 velut
2094 2755 2290 2809 corpus
2312 2743 2575 2808 exanime,
2605 2745 2765 2799 nullis
2789 2746 2992 2801 nisibus
3015 2747 3334 2816 periculurn,
3358 2748 3503 2802 nulla

1922 2837 2040 2885 arte
2067 2829 2348 2897 devitans;
2378 2841 2433 2886 et
2469 2831 2594 2887 hinc
2624 2834 2824 2888 viribus
2851 2835 3157 2904 destitutus,
3190 2837 3366 2891 redire
3397 2853 3504 2890 nou

1922 2923 2178 2990 creditur,
2204 2927 2327 2994 quia
2360 2939 2460 2981 nec
2497 2925 2681 2994 lugere
2720 2943 2880 2996 posse
2916 2930 3164 2983 sentitur.
3212 2927 3310 2984 llic
3345 2930 3506 2999 plane

1922 3025 2083 3072 tantae
2107 3017 2404 3074 dulcedinis
2428 3033 2547 3073 esse
2573 3017 2918 3089 dignoscitur,
2951 3029 3008 3074 ut
3033 3021 3081 3075 ei
3103 3036 3262 3076 nemo
3280 3022 3505 3091 piscium

1923 3118 2286 3180 comparetur.
2317 3108 2443 3165 Haec
2471 3118 2598 3165 sunt
2627 3111 2678 3164 in
2719 3110 2901 3165 littore
2947 3109 3191 3180 Rhegino
3220 3126 3338 3181 quae
3368 3112 3506 3168 dixi-

1843 3189 1890 3253 C
1919 3217 2067 3268 mus;
2095 3202 2239 3272 quod
2289 3218 2397 3257 non
2439 3202 2546 3256 alio
2588 3203 2852 3257 referente
2890 3204 3260 3272 cognovimus,
3290 3204 3393 3259 etsi
3421 3205 3501 3260 vi-

1921 3293 2054 3348 suali
2089 3294 2408 3364 probatione
2439 3295 2748 3350 retinemus.
2783 3295 3120 3366 Quapropter
3158 3296 3311 3351 laridi
3341 3305 3506 3367 atque

1921 3386 2086 3441 tritici
2114 3385 2342 3457 species,
2370 3387 2529 3443 nullis
2555 3388 2883 3459 temporibus
2910 3390 3265 3460 coemptionis
3287 3391 3506 3446 nomine

1921 3479 2044 3536 inde
2092 3479 2432 3536 decernimus
2481 3481 2758 3551 postulari,
2801 3481 2926 3552 quia
2974 3482 3132 3537 nimis
3173 3483 3506 3540 calumniose

1920 3574 2140 3646 petitur,
2191 3573 2333 3646 quod
2382 3574 2486 3630 loci
2532 3574 2796 3630 beneficio
2845 3590 2954 3630 non
3003 3575 3248 3631 habetur.
3302 3575 3508 3632 Deinde

1921 3668 2169 3726 sufficere
2199 3669 2360 3725 debet
2387 3665 2630 3725 defensio
2656 3668 2898 3723 veritatis
2927 3677 2982 3724 et
3011 3669 3377 3725 testimonium
3419 3668 3507 3738 ju-

1921 3761 2072 3828 dicis,
2102 3762 2226 3830 quia
2240 3760 2396 3814 nimis
2417 3760 2746 3816 exsecrabile
2771 3761 2971 3814 malum
2994 3768 3094 3826 est,
3122 3761 3188 3828 si,
3219 3775 3339 3815 cum
3363 3759 3505 3813 aliud

1922 3852 2134 3909 noverit
2167 3852 2518 3918 conscientia,
2550 3851 2694 3906 aliud
2742 3851 2918 3921 lingua
2961 3851 3234 3906 decernat.
3279 3850 3506 3906 Additur

1921 3945 2084 4001 etiam
2106 3943 2249 4014 quod
2273 3945 2436 3999 tantis
2457 3944 2872 4010 commeantium
2892 3941 3146 4011 fatigatur
3167 3940 3503 4008 adventibus,

1923 4047 2072 4094 tanta
2107 4038 2508 4094 excurrentium
2550 4036 2874 4092 laceratione
2902 4035 3190 4100 deteritur,
3249 4041 3308 4088 ut
3339 4033 3506 4088 ratio-

1921 4133 2172 4189 nabiliter
2208 4132 2284 4185 illi
2321 4130 2524 4185 remitti
2550 4129 2843 4193 debuisset,
2875 4127 2959 4182 vel
2984 4126 3127 4196 quod
3157 4124 3298 4196 apud
3337 4126 3505 4196 ipsam

1924 4225 2072 4281 nasci
2098 4237 2258 4294 posse
2285 4221 2482 4296 [σταίη
2515 4219 2655 4290 Cuj.,
2687 4217 2838 4289 Niv.,
2871 4217 2996 4287 (3a.,
3026 4233 3134 4274 non
3168 4216 3349 4289 posse]
3378 4232 3507 4274 con—

1923 4325 2109 4374 staret.

2359 4455 2512 4528 195
2551 4449 2879 4507 EPISTOLA
2920 4449 3030 4505 xv.

1848 4563 2128 4627 Dicullo
2185 4563 2306 4603 vnio
2358 4561 2690 4608 CLARISSIIIO,
2741 4536 3101 4600 cucumam
3147 4558 3385 4600 LUCANMZ
3439 4563 3506 4602 er

2071 4634 2396 4689 BRUTIOBUM,
2425 4630 2662 4674 SENATOR
2708 4631 3026 4672 PREFECTUS
3056 4631 3352 4672 ΡΒᾹΞΤΟΒΙΟ.

1924 4737 2180 4792 Describit
2203 4734 2379 4788 urbem
2408 4731 2724 4802 Scyllacium
2749 4729 2972 4802 patrioin
3015 4746 3189 4802 suam,
3223 4736 3270 4783 et
3315 4730 3508 4802 vii-ario

1995 4824 2108 4882 qua:
2130 4807 2197 4860 ad
2212 4798 2593 4882 perlem‘Moscii
2615 4798 2802 4882 montis
2823 4800 3091 4882 effoderet.
3120 4798 3248 4882 Tum
3271 4801 3507 4882 quietiam

1991 4871 2058 4932 de
2105 4871 2463 4949 paraveredis,
2531 4873 2753 4926 arumnis
2803 4881 2851 4924 et
2902 4872 3228 4942 pulveraticis
3269 4871 3505 4942 judicum

1995 4951 2166 5004 edicit.

1995 5043 2314 5117 Scyllacium
2338 5039 2509 5111 prima
2535 5037 2743 5092 urbium
2774 5035 3076 5094 Brutiorum
3096 5072 3112 5099 ,
3139 5047 3301 5102 quam
3333 5031 3506 5099 Troia:

1925 5137 2226 5192 destructor
2242 5131 2457 5202 Ulysses
2469 5127 2705 5184 creditur
2719 5126 3037 5191 condidisse,
3065 5123 3506 5178 irrationabiliter

1926 5230 2121 5286 dicitur
2145 5223 2580 5298 praesumentium
2610 5221 2886 5276 nimietate
2931 5217 3135 5281 vexari,
3177 5216 3322 5286 quod
3351 5216 3504 5270 nobis

1924 5317 2330 5394 praesidentibus
2355 5331 2462 5372 non
2485 5314 2812 5384 oportuisset
2841 5311 3072 5366 assumi:
3100 5309 3224 5377 quia
3256 5308 3506 5363 laesiones

1927 5412 2044 5483 ejus
2087 5410 2328 5479 cogimur
2355 5407 2474 5478 plus
2511 5405 2715 5471 dolere,
2755 5404 2878 5458 dum
2922 5401 3203 5472 patriotica
3241 5415 3341 5455 nos
3378 5415 3506 5469 pro-

1927 5506 2084 5561 batur
2132 5503 2415 5559 alfcctione
2461 5499 2792 5565 contingere.
2861 5494 3062 5550 Civitas
3109 5507 3272 5562 supra
3327 5492 3502 5550 sinum

1929 5597 2258 5656 Adriaticum
2285 5592 2598 5655 constituta,
2646 5589 2699 5642 in
2747 5585 2962 5640 modum
3001 5585 3280 5655 botryonis
3307 5582 3504 5655 pendet

1925 5741 2067 5813 quod
2112 5739 2309 5794 dicitur
2350 5732 2565 5813 proprie
2589 5729 2656 5813 de
2685 5729 2804 5813 navi
2847 5727 3081 5813 sublatis
3115 5725 3395 5813 anchoris,
3445 5733 3500 5780 et

1924 5797 2132 5876 contra,
2165 5823 2287 5867 cum
2315 5797 2398 5862 est
2424 5797 2639 5860 fundata
2661 5800 2932 5870 anchoris,
2961 5797 3155 5856 dicitur
3185 5797 3492 5876 ὁρμισθῆναζ.

1925 5883 2108 5945 Bnoss.
