4006 6504
432 401 543 464 867

1658 391 1731 450 M.
1772 378 2051 449 AliftELll
2089 377 2484 450 CASSIODORI

3611 387 3716 447 868

433 538 488 578 in
518 517 781 583 collibus;
837 529 944 569 non
971 511 1117 583 quod
1147 509 1352 568 difficili
1382 510 1699 568 ascensione
1729 514 2024 578 turgescat,
2056 507 2104 566 A
2135 505 2328 560 intuitu
2359 506 2550 560 civitas
2574 511 2750 561 vestra
2775 504 2955 578 [{0rte,
2985 505 3258 562 Civitatem
3293 504 3554 578 vestram]
3580 508 3719 566 reie-

433 611 526 666 sed
560 618 617 663 ut
645 607 964 676 voluptuose
1008 622 1231 676 campos
1278 606 1511 661 virentes
1540 612 1595 659 ct
1623 601 1817 658 caerula
1861 615 2023 652 maris

437 712 585 773 terga
611 700 885 772 respiciat.
921 698 1048 756 llaec
1079 711 1390 756 nascentem
1415 700 1582 756 solem
1609 699 1676 753 ab
1709 696 1838 767 ipsis
1860 710 2026 750 cuna—

434 795 571 852 bulis
600 795 856 861 intuetur,
901 793 990 848 ubi
1020 803 1245 849 ventura
1277 793 1394 849 dies
1423 809 1532 848 non
1562 789 1839 863 prannittit
1868 803 2027 844 auro-

434 883 711 943 ramzscd
759 901 884 942 mox
934 895 991 941 ut
1038 887 1167 942 oriri
1215 885 1475 956 coeperit,
1525 884 1828 956 lampadem
1876 898 2028 939 suam

439 978 843 1046 vibransfulgor
860 977 1116 1032 ostendit.
1136 976 1470 1032 Gaudentem
1485 976 1704 1047 respicit
1725 975 1985 1031 thbum
2013 990 2026 1026 :

441 1073 663 1143 propria
716 1071 821 1126 illic
868 1070 1086 1125 luminis
1135 1070 1382 1126 claritate
1426 1069 1764 1140 resplendet;
1817 1077 1874 1123 ut
1917 1068 2031 1138 ipsa

449 1167 620 1235 magis
679 1166 811 1221 solis
859 1173 1080 1235 putetur
1131 1179 1249 1218 esse
1306 1163 1503 1232 patria,
1553 1161 1726 1217 Rhodi
1781 1162 2034 1233 Opinione

449 1271 722 1331 superata.
791 1259 1006 1315 Fruitur
1063 1260 1183 1315 luce
1237 1257 1520 1329 perspicua
1571 1274 1583 1309 :
1631 1253 1773 1310 aeris
1821 1267 2034 1324 quoque

451 1355 846 1426 temperatione
894 1354 1095 1419 dolata,
1156 1353 1364 1424 apricas
1415 1351 1640 1419 hiemes,
1691 1347 2036 1416 refrigeratae

452 1447 616 1501 sentit
665 1453 914 1511 aestates;
964 1452 1018 1500 et
1065 1444 1182 1500 sine
1231 1443 1412 1513 aliquo
1440 1456 1673 1498 mmrore
1704 1439 2033 1508 transigitur,

452 1537 541 1593 ubi
589 1536 777 1593 infesta
825 1546 1067 1609 tempora
1117 1552 1225 1591 non
1271 1537 1547 1590 timentur.
1591 1530 1727 1587 llinc
1771 1539 1826 1587 et
1871 1530 2036 1585 homo

449 1647 606 1685 sensu
635 1630 851 1685 liberior
879 1639 981 1695 est,
1013 1630 1138 1700 qnia
1165 1628 1458 1698 temperies
1483 1634 1677 1682 cuncta
1699 1623 2036 1680 moderatur.

453 1721 630 1777 Patria
677 1722 939 1792 siquidem
983 1722 1196 1777 fervens
1239 1721 1385 1776 leves
1413 1719 1578 1786 ellicit
1603 1727 1658 1774 et
1687 1726 1896 1786 acutos,
1944 1715 2039 1770 fri-

451 1816 570 1885 gida
613 1816 796 1871 tardos
837 1824 893 1870 et
939 1814 1227 1880 subdolus;
1279 1813 1394 1868 sola
1426 1817 1725 1881 temperata
1769 1817 1868 1873 est,
1923 1820 2040 1877 qua:

2134 610 2262 652 vare
2283 597 2626 666 judiciarium
2647 606 2749 662 est,
2772 597 2918 668 quod
2946 597 3041 652 tibi
3060 597 3362 663 referimus,
3396 617 3507 655 non
3536 602 3719 657 remis-

2132 707 2270 748 surn.
2305 690 2459 755 Vive,
2477 689 2698 759 juvante
2721 690 2852 757 Deo,
2878 688 3086 759 justitia
3108 691 3317 758 saeculi,
3341 701 3398 747 et
3418 693 3721 748 securitatis

2132 781 2329 850 gaudio
2350 781 2627 852 singulari.
2657 782 2757 837 Alii
2780 783 2963 838 dicunt
2984 783 3206 852 insulas,
3239 798 3338 856 ego
3362 784 3721 842 habitationes

2134 882 2253 933 tuas
2285 875 2548 947 appellem
2578 874 2758 946 potius
2787 872 3110 930 fortunatas.

2671 1006 3001 1065 EPISTOLA
3031 1007 3168 1064 XVI.

2355 1117 2702 1158 CANONICARIO
2734 1104 2856 1176 [.ms.
2899 1102 3058 1168 And.,
3109 1086 3506 1170 cascmcinu].

2135 1191 2287 1246 Jubet
2303 1193 2530 1249 subditos
2551 1193 2649 1248 sibi
2671 1194 2950 1249 admoneat
2966 1203 3020 1248 ut
3041 1192 3232 1246 tributa
3249 1201 3493 1247 consueta
3517 1193 3726 1247 libenter

2207 1265 2476 1320 exsolvant
2508 1283 2522 1318 :
2551 1265 2723 1320 nullus
2771 1275 2966 1320 statuta
2997 1266 3228 1334 pondera
3281 1266 3532 1330 excedat;
3562 1269 3726 1318 mittat

2208 1336 2334 1410 ipse
2361 1348 2542 1406 quarto
2581 1355 2778 1410 quoque
2820 1353 2993 1410 mense
3045 1336 3113 1391 ad
3158 1338 3478 1407 pra’toriana
3531 1338 3727 1391 scrinio

2210 1405 2412 1477 ﬁdelem
2439 1405 2780 1482 expensorum
2811 1408 3071 1462 notitiam.

2213 1518 2448 1590 Tempus
2490 1521 2746 1578 admonet
2775 1522 3024 1577 humanis
3053 1522 3212 1577 rebus
3243 1521 3614 1578 indesinenter
3639 1539 3725 1578 ac-

2141 1612 2482 1668 commodum
2535 1613 2684 1684 (dum
2726 1630 2812 1670 res
2853 1614 3009 1670 nobis
3048 1615 3208 1669 etiam
3253 1629 3472 1685 asperas
3513 1625 3726 1684 captata

2142 1719 2356 1773 semper
2406 1704 2662 1774 Opinione
2691 1705 2997 1776 conciliat),
3050 1714 3105 1760 ut
3137 1706 3436 1761 illationum
3467 1706 3727 1760 liscalium

2142 1812 2324 1850 curam
2342 1812 2516 1852 annua
2531 1796 2823 1854 festivitate
2837 1815 3169 1870 reparemus,
3189 1800 3404 1872 quando
3425 1800 3730 1871 rcipublica:

453 1924 629 1962 ιηοι-εδ
674 1907 952 1962 “omnum
984 1921 1078 1960 sua
1128 1905 1391 1974 qualitate
1437 1901 1735 1972 οοηιροηίι,
1778 1898 1912 1954 Hinc
1957 1905 2042 1953 est
2072 1890 2280 1970 Bordo
2326 1892 2419 1946 tali
2459 1892 2755 1948 consistere
2802 1894 3041 1948 cernitur
3101 1894 3366 1949 instituto.
3421 1892 3486 1946 Et
3539 1896 3730 1950 merito

453 2000 596 2071 quod
643 1998 847 2070 antiqui
895 1997 1136 2054 Athenas
1183 1996 1366 2052 sedem
1396 1995 1718 2067 sapientium
1748 2009 1865 2049 esse
1893 1992 2042 2047 dixe-

452 2102 596 2160 runt,
627 2109 745 2164 qua:
767 2092 908 2149 aeris
934 2093 1169 2163 puritate
1191 2098 1450 2161 peruncta
1472 2087 1831 2144 lucidissimos
1854 2100 2045 2141 sensus

449 2187 517 2241 ad
541 2186 1016 2256 contemplativam
1041 2193 1250 2256 partem
1275 2183 1417 2239 felici
1433 2182 1681 2249 largitate
1702 2179 2038 2250 praeparavit.

453 2277 702 2346 Nunquid
751 2276 896 2330 enim
929 2276 1036 2330 tale
1066 2282 1151 2330 est
1180 2274 1398 2344 corpori
1449 2287 1618 2343 aquas
1662 2285 1908 2326 cmnosas
1937 2285 2046 2324 sor-

455 2368 604 2434 bere,
635 2368 793 2438 quale
815 2368 1251 2439 perspicuitatem
1274 2366 1571 2422 dulcissimi
1600 2365 1762 2421 fontis
1790 2364 2044 2420 haurire?

455 2460 546 2516 Sic
579 2460 774 2514 anima:
809 2461 962 2530 vigor
1017 2467 1272 2515 oneratur
1301 2468 1350 2526 ⁸,
1407 2458 1534 2515 dum
1563 2459 1754 2530 spiritu
1799 2456 2048 2527 graviore

454 2552 842 2622 comprimitur.
898 2551 1254 2622 Subjacemus
1302 2551 1445 2606 enim
1496 2548 1803 2606 necessario
1851 2547 2049 2603 talibus

456 2642 635 2708 rebus,
687 2642 902 2711 quando
951 2643 1136 2698 nubilo
1186 2642 1371 2698 tristes
1410 2640 1704 2708 efficimur;
1749 2649 1804 2694 et
1853 2639 2047 2694 iterum

452 2722 766 2789 naturaliter
792 2733 858 2788 ad
884 2750 1075 2790 serena
1096 2733 1414 2805 gaudemus,
1444 2733 1574 2806 quia
1599 2731 1832 2788 cmlestis
1856 2731 2048 2788 aninue

428 2826 756 2881 substantia
796 2825 867 2880 ad
917 2825 1113 2882 infecta
1162 2841 1387 2897 quaeque
1416 2833 1471 2881 et
1501 2824 1782 2896 purissima
1813 2823 2046 2878 laztatur.

453 2915 671 2972 Fruitur
691 2916 909 2973 marinis
924 2933 1142 2989 quoque
1171 2919 1390 2989 copiosa
1409 2917 1633 2986 deliciis,
1660 2916 1784 2972 dum
1811 2914 2050 2988 possidet

453 3007 624 3064 vicina
654 3024 772 3080 quae
801 3025 900 3065 nos
926 3009 1152 3066 fecimus
1177 3010 1412 3066 claustra
1433 3009 1720 3080 Neptunia.
1751 3007 1833 3063 Ad
1855 3007 2048 3080 pedem

454 3101 719 3172 siquidem
751 3101 936 3158 Moscii
952 3103 1154 3158 montis
1183 3101 1748 3158 saxorumvisceribus
1775 3099 2050 3157 excavatis

461 3194 663 3264 fluenta
692 3195 852 3251 Nerei
880 3197 1104 3267 gurgitis
1130 3196 1388 3252 decenter
1430 3196 1765 3251 immisimus.
1825 3193 1922 3250 Ubi
1951 3208 2046 3264 ag-

2147 1987 2385 2040 votivum
2416 1986 2609 2041 sistere
2635 1985 2896 2054 cernitur,
2941 1987 3086 2056 quod
3117 2003 3211 2056 pro
3243 1994 3563 2042 cunctorum
3591 1987 3731 2040 utili-

2147 2091 2257 2138 tate
2284 2092 2586 2154 pratstatnr.
2632 2083 2908 2154 Diligentia
2939 2093 3064 2139 sunt
3091 2085 3215 2150 ista,
3264 2083 3402 2138 unde
3431 2082 3728 2152 respublica

2147 2175 2359 2232 videtur
2401 2192 2518 2232 esse
2552 2175 2878 2232 firmissima.
2935 2176 3065 2243 Quae
3092 2176 3217 2232 dum
3259 2175 3520 2232 redeunte
3571 2191 3727 2232 censu

2148 2268 2405 2333 reficitur,
2459 2278 2633 2328 status
2679 2270 2762 2326 sui
2805 2269 3110 2326 firmissimo
3152 2268 3350 2326 robore
3405 2270 3727 2325 continetur.

2148 2360 2490 2432 Quapropter
2531 2376 2725 2432 magna
2756 2372 2839 2419 est
2879 2363 3123 2432 quolibet
3151 2371 3396 2433 tempore
3436 2371 3727 2418 monstrata

2149 2452 2364 2509 devotio
2395 2470 2407 2506 :
2434 2453 2528 2508 sed
2556 2462 2685 2508 tunc
2715 2455 2986 2523 acceptior
3012 2454 3273 2522 redditur,
3300 2455 3520 2524 quando
3544 2471 3728 2511 neces—

2149 2544 2290 2599 saria
2321 2543 2440 2614 plus
2469 2544 2716 2600 habetur.
2767 2543 3042 2601 Pmbeant
3077 2545 3237 2615 igitur
3265 2560 3608 2616 possessores
3635 2546 3728 2600 sti-

2151 2638 2368 2708 pendia,
2415 2653 2528 2694 sua:
2571 2639 2757 2706 gratiae
2799 2638 3096 2708 profutura.
3150 2639 3394 2695 Debitum
3448 2638 3726 2708 siquidem,

2150 2731 2294 2802 quod
2320 2748 2427 2790 non
2456 2742 2637 2803 potest
2665 2733 2884 2799 evitari,
2925 2749 3093 2804 prona
3123 2732 3284 2790 debet
3311 2743 3492 2789 mente
3524 2749 3731 2804 semper

2149 2823 2361 2893 offerri,
2408 2834 2468 2882 ut
2509 2827 2599 2881 tiat
2639 2825 2978 2894 beneficium,
3020 2823 3166 2894 quod
3207 2826 3322 2880 sine
3369 2824 3732 2895 compulsione

2152 2919 2369 2974 constat
2390 2919 2618 2975 illatum.
2643 2919 2819 2988 Atque
2841 2919 2983 2986 ideo,
3007 2917 3152 2987 quod
3174 2917 3401 2972 feliciter
3419 2917 3622 2972 dictum
3643 2917 3728 2985 sit,

2150 3026 2250 3081 per
2274 3010 2622 3068 indietionem
2645 3012 2873 3081 primam
2897 3011 3070 3084 [Anno
3091 3009 3282 3065 Christi
3309 3009 3436 3080 5'58]
3452 3009 3504 3063 in
3518 3008 3729 3064 dimcesi

2152 3109 2242 3154 tua
2273 3116 2639 3171 possessorem
2670 3109 2722 3155 te
2752 3101 3090 3170 praecipimus
3117 3099 3427 3164 admonere,
3475 3109 3555 3166 ut,
3599 3100 3730 3154 trina

2149 3193 2391 3248 illatione
2406 3201 2636 3259 servata,
2661 3207 2836 3248 assem
2858 3192 3196 3248 tributariqu
3219 3191 3445 3246 devotus
3467 3190 3727 3257 exsolvat;

456 3303 580 3343 men
610 3288 871 3359 piscium,
919 3289 1020 3344 sub
1049 3288 1216 3343 libera
1255 3287 1568 3359 captivitate
1613 3287 1944 3353 ludentium,
1996 3293 2050 3341 et
2074 3297 2120 3360 ς
2153 3295 2417 3356 quatenus
2447 3303 2547 3341 nec
2573 3286 2766 3358 aliquis
2815 3299 2874 3340 se
2919 3284 3018 3340 sub
3048 3285 3324 3339 immatura
3367 3283 3728 3357 compulsione

456 3378 816 3435 delectatione
865 3377 1040 3436 reficit
1084 3380 1312 3446 animos,
1366 3389 1422 3436 et
1457 3380 1812 3436 admiratione
1850 3380 2051 3436 mulcet

457 3469 696 3526 obtutus.
729 3468 964 3526 Currunt
988 3471 1129 3526 avidi
1159 3472 1226 3526 ad
1254 3488 1444 3527 manus
1472 3473 1784 3540 hominum;
1816 3481 1871 3528 et
1899 3480 2052 3528 ante-

456 3575 619 3628 quam
645 3560 748 3616 cibi
772 3560 922 3629 fiant,
954 3577 1102 3616 escas
1125 3570 1407 3632 expetunt.
1442 3561 1621 3617 Pascit
1642 3563 1804 3618 homo
1830 3563 2052 3619 delicias

459 3666 617 3718 suas;
677 3660 730 3706 et
780 3651 909 3707 dum
963 3653 1129 3709 habet
1178 3654 1231 3709 in
1287 3662 1611 3724 potestatem
1658 3655 1802 3726 quod
1851 3655 2050 3728 capiat,

457 3742 768 3812 frequenter
819 3745 1000 3800 evenit
1055 3755 1114 3801 ut
1168 3748 1405 3818 repletus
1461 3749 1644 3804 omnia
1689 3749 2047 3819 derelinquat.

459 3839 837 3910 Spectaculum
863 3857 1078 3912 quoque
1099 3842 1325 3913 pulchre
1351 3843 1710 3898 laborantium
1735 3859 1841 3898 non
1864 3843 2052 3900 adimi-

459 3940 546 3986 tur
569 3933 619 3988 in
649 3933 868 3989 civitate
897 3934 1232 3989 sedentibus.
1263 3933 1572 3990 Ccrnuntur
1593 3933 1792 3990 affatim
1822 3936 2052 4006 c0piosas

457 4023 739 4080 vindemia:
772 4043 784 4078 :
817 4040 1067 4080 arearum
1096 4025 1310 4096 pinguis
1341 4027 1532 4082 tritura
1563 4026 1911 4097 conspicitur,
1953 4025 2051 4081 oli-

461 4132 646 4171 varum
676 4133 892 4188 quoque
939 4117 1228 4173 virentium
1261 4119 1440 4174 vultus
1470 4119 1731 4190 aperitur.
1780 4117 1897 4173 Non
1931 4124 2054 4186 eget

459 4206 649 4276 aliduis
681 4221 936 4278 agrorum
967 4209 1299 4274 amcenitate,
1345 4211 1430 4265 cui
1460 4209 1646 4265 datum
1688 4220 1772 4266 est
1811 4211 1878 4266 de
1921 4211 2052 4266 urbe

459 4307 650 4354 cuncta
680 4301 1015 4370 conspicere.
1050 4295 1175 4357 lloc'
1195 4300 1320 4370 quia
1343 4301 1507 4356 modo
1532 4318 1640 4356 non
1662 4302 1822 4358 habet
1845 4317 2050 4366 muros,

460 4391 733 4456 civitatem
761 4392 939 4447 credis
969 4393 1235 4460 ruralem,
1284 4393 1467 4447 villam
1496 4393 1735 4462 judicare
1764 4394 1935 4464 possis
1964 4409 2056 4447 ur-

459 4481 684 4545 banam;
734 4490 790 4536 et
817 4483 960 4537 inter
1002 4491 1294 4554 utrumque
1323 4485 1518 4555 posita,
1567 4486 1784 4556 copiosa
1813 4486 2054 4541 noscitur

463 4571 620 4626 laude
661 4571 851 4627 ditata.
904 4572 1055 4630 Hanc
1082 4575 1208 4630 dum
1239 4575 1550 4646 frequenter
1585 4576 1813 4632 invisere
1840 4577 2052 4634 deside-

2153 3377 2470 3447 ingemiscat
2497 3383 2770 3444 exactum,
2802 3392 2906 3432 nec
2949 3375 3143 3432 iterum
3171 3376 3489 3432 remissione
3533 3375 3728 3430 lentata

2152 3471 2435 3539 quisquam
2465 3484 2524 3523 se
2552 3469 2696 3524 dicat
2724 3483 2843 3524 esse
2869 3469 3218 3540 praeteritum.
3253 3467 3441 3524 Nullus
3468 3467 3706 3537 quantita

2152 3569 2258 3616 tem
2278 3559 2435 3632 iusta:
2463 3561 2872 3633 ponderatiouis
2901 3559 3150 3624 excedat,
3183 3559 3358 3628 sitque
3389 3559 3526 3613 libra
3550 3558 3706 3627 justis

2150 3654 2287 3709 sima
2321 3654 2550 3709 :modus
2586 3671 2693 3709 non
2729 3654 2832 3708 erit
2872 3652 3148 3722 rapiendi,
3199 3652 3243 3708 si
3292 3652 3530 3722 pondera
3561 3651 3638 3706 fas
3666 3652 3724 3706 sit

2151 3746 2362 3802 excedi.
2406 3745 2774 3818 Expensarum
2826 3761 3042 3816 quoque
3085 3744 3298 3801 ﬁdelem
3338 3745 3584 3800 notitiam
3643 3760 3727 3815 per

2152 3847 2446 3910 quaternos
2476 3855 2689 3896 menses
2719 3839 2785 3894 ad
2810 3838 3007 3894 scrinia
3030 3847 3217 3894 nostra
3241 3839 3556 3896 solemnitcr
3585 3836 3732 3894 desti-

2153 3933 2337 3999 nabis;
2371 3941 2459 3998 ut,
2501 3933 2670 3988 totius
2695 3931 2896 3988 erroris
2926 3930 3260 3988 obscuritate
3287 3931 3521 3994 detersa,
3570 3929 3731 3986 ratio-

2152 4029 2310 4083 nibus
2353 4026 2580 4098 publicis
2626 4027 2824 4083 veritas
2877 4026 3169 4085 elucescat.
3227 4025 3332 4081 Sed
3369 4041 3478 4094 quo
3533 4024 3732 4080 facilius

2153 4118 2352 4189 possit,
2403 4116 2515 4173 Deo
2561 4116 2805 4186 iuvante,
2853 4132 2972 4188 qua:
3003 4129 3127 4176 sunt
3156 4117 3396 4172 instituta
3441 4115 3730 4186 complere,

2155 4211 2302 4266 illum
2333 4219 2494 4282 atque
2519 4210 2668 4266 illum
2701 4211 2844 4267 sedis
2872 4220 3068 4267 nostra:
3098 4210 3297 4266 milites
3323 4209 3418 4264 tibi
3449 4209 3738 4281 officioque

2155 4312 2250 4361 tuo
2281 4304 2646 4376 periculorum
2675 4319 2894 4360 suorum
2924 4319 3193 4359 memores
3222 4303 3379 4376 196
3402 4302 3739 4375 prteciphnus

2155 4396 2471 4473 iniminere,
2501 4403 2767 4468 quatenus
2796 4393 2942 4465 quod
2969 4394 3214 4464 agnoscis
3238 4391 3466 4463 jussum,
3499 4393 3738 4464 inculpa-

2155 4487 2335 4544 biliter
2386 4489 2643 4544 sortiatur
2708 4487 2977 4542 effectum.
3029 4484 3173 4541 Cave
3219 4501 3349 4556 ergo
3405 4499 3477 4540 ne
3532 4493 3587 4538 te
3647 4490 3739 4537 aut

2157 4579 2419 4650 improba:
2447 4578 2856 4648 redemptionis,
2909 4586 3003 4634 aut
3048 4577 3311 4649 torpentis
3336 4576 3556 4634 desidia:
3584 4575 3740 4648 culpa

467 4673 588 4720 rant
608 4675 993 4735 commeantes,
1019 4667 1144 4723 dum
1170 4668 1323 4724 taedia
1342 4669 1538 4724 laboris
1554 4669 1799 4741 refugere
1814 4671 2050 4741 cupiunt,
2082 4679 2132 4740 ι)
2159 4673 2445 4744 respiciat;
2495 4681 2551 4727 et
2579 4670 2724 4741 quod
2763 4670 3020 4743 expedire
3047 4671 3370 4742 neglexeris,
3417 4669 3522 4726 tuis
3550 4666 3742 4724 inferat

467 4756 783 4813 amoenitate
811 4759 1042 4816 civitatis
1065 4762 1120 4834 in
1145 4761 1593 4832 paraveredornm
1636 4771 1688 4818 et
1718 4779 2053 4821 annonarum

463 4847 781 4921 pnebitione
812 4852 1043 4923 propriis
1080 4854 1226 4908 cives
1266 4852 1555 4923 fatigantur
1583 4855 1850 4926 expensis.
1906 4856 2050 4924 Qua-

465 4951 688 5016 propter
747 4961 815 5001 ne
869 4944 1030 4999 lzcdat
1079 4946 1262 5000 urbem
1321 4947 1604 5002 amoenitas
1656 4963 1769 5014 sua,
1823 4956 1915 5004 aut
1963 4965 2054 5006 res

463 5036 718 5108 praeconii
742 5035 1008 5092 tiatcausa
1023 5036 1308 5107 dispendii,
1335 5039 1782 5108 paraveredornm
1808 5049 1862 5097 et
1883 5057 2053 5098 anno-

462 5143 654 5184 narum
671 5129 1067 5199 prazbitionem,
1096 5129 1388 5186 secundum
1409 5133 1716 5188 evectiones
1743 5149 2045 5203 concessus,

464 5221 703 5278 inassem
727 5224 1000 5294 publicum
1020 5225 1394 5284 constituimus
1410 5227 1660 5298 imputari
1685 5248 1696 5283 :
1718 5231 2047 5301 pulveratica

464 5329 679 5386 quoque
716 5314 912 5385 judicis
950 5315 1189 5374 funditus
1233 5329 1590 5391 amputantes,
1641 5323 1801 5380 trium
1841 5332 2047 5381 tantum

463 5405 630 5460 etiam
654 5405 863 5464 dierum
891 5410 1208 5478 praesulibus
1232 5426 1473 5470 annonas
1499 5415 1727 5484 praeberi
1754 5417 2048 5471 secundum

465 5504 652 5554 vetera
693 5500 985 5556 constituta
1040 5503 1400 5575 decernimus,
1449 5505 1559 5562 suis
1612 5509 1864 5577 expensis
1915 5509 2053 5566 facta

463 5590 716 5649 tarditate
740 5602 989 5650 vecturae.
1026 5595 1194 5665 Leges
1221 5599 1365 5654 enim
1391 5597 1851 5668 administrantes,
1879 5615 2058 5657 reme-

464 5679 575 5752 dio,
623 5700 734 5741 non
763 5689 915 5743 oneri
947 5703 1069 5745 esse
1112 5690 1418 5748 voluerunt.
1468 5690 1581 5759 Qua
1608 5691 1676 5746 de
1705 5707 1764 5747 re
1790 5693 2057 5763 aequitatis

2156 4762 2350 4819 damna
2377 4762 2626 4820 fortunis.

2674 4897 3009 4955 EPISTOLA
3046 4896 3205 4954 XVII.

2154 5005 2337 5048 JOANNI
2385 5007 2750 5056 SILIQUATARIO
2804 5007 3105 5047 BAVENNATI
3144 4980 3382 5046 δέκιιτοῐι
3425 5005 3746 5046 PB£FECTUS

2439 5080 2718 5119 murmuro
2750 5065 2869 5137 [ms.
2916 5079 3280 5118 ATHALARICUS
3307 5064 3455 5134 nux].

2156 5157 2408 5228 Prwcipit
2433 5174 2752 5228 possessores
2793 5165 2998 5213 moneat
3032 5166 3087 5210 ut
3105 5157 3263 5227 juxta
3291 5165 3525 5228 montem,
3547 5155 3717 5224 Capra

2227 5227 2361 5283 riunt
2385 5227 2440 5282 et
2468 5231 2581 5284 loca
2611 5231 2751 5286 circa
2773 5246 2952 5301 muros
2960 5230 3196 5301 jacentia
3225 5229 3493 5299 [ouearum
3513 5227 3742 5297 ingentia

2225 5318 2317 5356 ora
2359 5317 2460 5372 pan
2469 5301 2609 5354 dant.
2949 5300 2952 5303 ’

2229 5413 2454 5468 Munitio
2475 5413 2754 5470 civitatum
2765 5429 2890 5483 spes
2905 5421 2985 5469 est
3001 5421 3146 5468 certa
3165 5419 3502 5474 cunctorum,
3529 5409 3742 5483 quando

2163 5509 2215 5565 in
2245 5524 2378 5580 pace
2407 5509 2474 5563 ab
2503 5509 2704 5564 exteris
2742 5509 2988 5578 gentibus
3013 5507 3258 5576 discitur,
3297 5505 3441 5578 quod
3481 5507 3744 5562 veraciter

2161 5601 2216 5656 in
2240 5602 2538 5658 certamine
2569 5601 2842 5656 timeatur.
2874 5599 3035 5656 Plena
3063 5611 3144 5656 est
3167 5602 3310 5656 enim
3331 5600 3562 5656 diversis
3581 5611 3743 5668 gene-

2159 5696 2306 5751 ribus
2349 5695 2625 5750 hominum
2662 5693 2919 5750 habitatio
2961 5692 3167 5748 urbium
3213 5693 3565 5764 singularum.
3616 5687 3741 5758 Quis

539 5891 566 5920 ει
616 5881 880 5963 Locorprn
921 5885 1063 5963 situs
1107 5891 1320 5963 ingenia
1368 5893 1643 5949 hominum
1694 5894 1924 5959 format,
1975 5897 2050 5954 ait
2084 5893 2300 5956 Curtius
2327 5897 2517 5963 Rufus,
2572 5899 2661 5956 lib.
2695 5913 2769 5954 vn
2822 5904 2878 5954 et
2925 5895 3016 5952 lib.
3048 5910 3160 5953 vni.
3193 5895 3326 5953 Vide
3347 5895 3548 5952 Stetere.
3578 5902 3722 5950 set-ul

465 5949 561 6025 99,
588 5968 711 6027 pag.
747 5953 882 6023 327;
915 5955 1087 6015 Cicer.
1121 5949 1213 6018 lib.
1248 5979 1284 6018 ιι
1312 5965 1381 6020 de
1409 5965 1529 6019 Nat.
1567 5949 1950 6024 Deorfluncr.
