4006 6466
212 316 342 396 860

1531 311 1892 391 “manu
1930 332 2134 394 LIBER
2171 336 2284 392 xu.

3417 350 3526 412 870
3541 387 3544 390 -

212 441 393 499 novit
407 457 526 500 cum
547 457 653 515 qua
674 450 836 513 gente
855 441 1146 513 conﬂigat?
1168 442 1403 516 Ideoque
1424 461 1612 504 omnes
1633 448 1832 506 debent
1858 454 1911 512 Α
1935 451 2216 509 universus
2243 455 2532 512 exercitus.
2583 458 2772 528 Magna
2802 461 2951 519 vobis
2988 464 3092 520 erit
3117 466 3308 534 gloria,
3326 477 3409 525 ‘et
3433 487 3523 528 me

213 548 534 604 agnoscere
563 536 707 604 quod
747 535 938 592 futuris
965 537 1210 595 hostibus
1252 548 1465 609 gratum
1497 557 1605 598 non
1633 542 1702 598 sit
1727 559 1827 599 au-

214 623 370 681 dire.
438 624 780 696 Quapropter
833 641 896 682 ex
956 637 1143 685 nostra
1192 629 1435 700 jussionc
1489 647 1830 704 possessores

216 715 533 773 admonere
577 717 813 786 curabis,
861 729 922 775 ut
955 719 1110 790 juxta
1149 733 1388 780 montem
1418 725 1735 800 Caprarium
1775 738 1832 787 et

224 809 365 865 loca
414 811 762 882 circumjecta
790 815 958 870 muris
987 814 1265 872 fovearum
1305 819 1540 888 ingentia
1567 837 1662 877 ora
1693 838 1829 894 pan-

217 901 434 958 dantur
464 901 604 975 [Ac.,
645 904 1004 978 condantur];
1053 908 1280 978 talisque
1322 910 1394 966 ibi
1423 921 1605 982 pateat
1630 914 1830 989 hiatus,

221 1001 289 1048 ut
318 994 505 1050 nullus
527 995 861 1066 relinquatur
880 1000 1149 1058 introitus.
1180 1002 1303 1071 Cur,
1327 1005 1541 1062 nefandi
1562 1007 1830 1080 homines,

218 1089 653 1156 perscrutamini
706 1106 956 1148 accessus
1006 1093 1242 1162 illicitos,
1307 1098 1500 1168 quibus
1554 1110 1830 1170 portarum

220 1179 570 1248 permittitur
597 1181 820 1238 licenter
855 1184 1169 1253 ingressus?
1197 1186 1387 1243 Nescio
1416 1190 1544 1262 quid
1576 1191 1830 1248 videmini

222 1281 443 1342 tegere,
467 1275 558 1344 qui
578 1276 753 1346 palam
779 1292 883 1332 non
906 1276 1222 1336 desideratis
1244 1281 1464 1337 intrare.
1488 1282 1827 1341 Conscientia

217 1372 385 1419 recta
437 1365 548 1421 vias
595 1364 836 1435 publicas
866 1374 1034 1435 tenet,
1076 1368 1354 1425 obviorum
1385 1372 1523 1445 [ed.,
1568 1374 1830 1445 plurimo-

216 1455 379 1528 rum]
413 1458 772 1515 collocutione
801 1461 1130 1530 gratulatur;
1179 1473 1234 1518 et
1281 1480 1404 1519 cum
1429 1465 1670 1523 diversos
1709 1483 1832 1538 gra-

219 1555 416 1604 tanter
445 1548 698 1619 inquirit,
729 1550 928 1606 laboris
959 1553 1118 1608 tmdio
1148 1570 1256 1609 non
1282 1566 1551 1625 gravatur.
1584 1557 1830 1615 Amicum

213 1648 312 1694 est
358 1649 542 1695 autem
579 1641 820 1708 crimini,
870 1644 1010 1699 velle
1056 1647 1283 1714 nesciri;
1327 1661 1381 1704 et
1419 1651 1510 1719 qui
1555 1651 1666 1707 vias
1706 1669 1831 1709 suas

216 1729 459 1796 occulit,
492 1733 877 1790 conscientiam
907 1737 1102 1805 prodit.
1134 1736 1366 1796 Proinde
1387 1741 1441 1796 in
1465 1759 1590 1798 usus
1606 1757 1832 1812 genera-

1931 560 2181 602 securum
2203 547 2446 617 reddere,
2471 558 2525 606 et
2549 559 2815 609 tantorum
2845 557 2984 613 bona
3006 559 3206 631 judicia
3235 565 3514 624 meruisse.

2461 707 2792 768 EPISTOLA
2821 715 2961 772 XIX.

1933 787 2136 852 MAXIMO
2162 814 2372 856 VICARIO
2400 817 2545 858 URBIS
2575 820 2730 860 ΒΟΜᾸΞ
2761 823 3001 866 SENATOR
3032 829 3353 875 PBIEFECTUS
3377 837 3520 877 PRIE‘

2629 893 2808 934 TORIO.

1933 976 2232 1036 Commonet
2257 991 2312 1037 ut
2341 985 2516 1040 omnia
2547 987 2615 1040 ad
2643 1007 2812 1073 regem
2837 993 3133 1052 solemniler
3159 1003 3519 1073 excipiendum

2467 1064 2761 1116 necessaria
2792 1074 2958 1134 paret.

2004 1161 2306 1220 Adventum
2335 1169 2549 1239 quidem
2580 1175 2784 1245 regium
2816 1193 2881 1234 ex
2924 1179 3040 1251 ipsa
3069 1186 3295 1254 potestis
3323 1205 3523 1262 cogno-

1932 1268 2086 1311 scere
2114 1255 2413 1327 frequentia
2443 1269 2861 1325 commeantium
2891 1290 2904 1326 :
2939 1276 3063 1344 quia
3095 1294 3317 1337 necesse
3356 1294 3438 1338 est
3467 1295 3526 1339 ut

1933 1363 2018 1403 res
2071 1365 2264 1420 magna
2309 1359 2671 1426 competentia
2709 1365 3001 1434 praemittat
3046 1385 3260 1442 semper
3305 1375 3521 1433 indicia.

1934 1439 2230 1500 Venturum
2262 1445 2404 1502 diem
2435 1447 2647 1507 Lucifer
2685 1453 3018 1514 demonstrat
3055 1474 3305 1534 exortus;
3337 1484 3525 1524 serena

1933 1543 2182 1591 secutura
2216 1538 2400 1594 favens
2445 1549 2638 1598 ventus
2685 1545 2952 1617 ostendit;
3010 1551 3342 1610 imminentia
3385 1559 3524 1615 bona

1934 1627 2162 1695 quadam
2195 1630 2355 1685 animi
2387 1635 2763 1704 pricsagitione
2800 1638 3192 1711 dignoscimus;
3229 1655 3283 1701 et
3311 1648 3526 1706 difficile

1934 1731 2128 1786 magna
2159 1736 2245 1775 res
2275 1723 2498 1792 geritur,
2529 1742 2648 1796 qua:
2670 1729 2944 1799 signorum
2976 1738 3338 1805 praecursione
3367 1743 3524 1796 mini-

214 1821 303 1878 les
336 1823 536 1879 mne”
568 1825 744 1895 prisca
771 1836 1094 1883 revocentur
1127 1847 1140 1883 ε
1174 1846 1262 1899 ηε,
1293 1831 1417 1886 dum
1449 1811 1831 1904 compendium
1863 1836 1911 1895 Β
1938 1826 2024 1864 me
2054 1811 2377 1870 declaretur.
2411 1815 2795 1878 Verumtamen
2825 1833 2878 1880 et
2907 1843 3003 1883 vos
3032 1833 3340 1888 necessario
3369 1850 3522 1890 com-

214 1912 436 1970 Iaboris
463 1925 739 1986 qumrunt,
773 1917 893 1972 vita:
923 1919 1197 1988 dispendia
1226 1923 1518 1992 patiantur.
1559 1925 1654 1980 lllc
1683 1927 1826 1982 enim

205 2003 344 2074 jure
363 2006 652 2066 habendus
674 2016 757 2066 est
773 2008 964 2078 hostis,
990 2010 1082 2082 qui
1102 2012 1398 2069 munimina
1421 2016 1609 2076 nititur
1630 2018 1831 2076 violare

213 2096 488 2156 civitatis.

783 2240 1117 2299 EPISTULA
1153 2243 1336 2301 XVIII.
1355 2274 1360 2280 -

212 2345 688 2390 CONSTANTINIANO
735 2350 856 2390 νικο
899 2353 1368 2395 ικιιειιιεπτιεεηίο
1405 2355 1643 2398 SENATOR
1685 2358 1828 2399 PRAE-

764 2423 966 2464 ηιατυς
994 2425 1292 2466 PRETORIO.

218 2513 406 2598 lubet.
427 2524 481 2572 ut
509 2518 606 2572 iter
634 2517 918 2575 Flaminia:
945 2521 1147 2591 reﬁciat
1162 2538 1182 2588 ;
1224 2527 1658 2587 parareredorum
1685 2544 1824 2598 pra:-

297 2590 552 2668 scriptmn
580 2599 816 2668 procuret
845 2605 1150 2658 numerum;
1179 2605 1453 2668 congreget
1482 2600 1594 2651 sine
1618 2590 1827 2668 posses-

297 2675 476 2714 sorum
518 2660 786 2742 dispendio
829 2680 1099 2742 annonas;
1147 2660 1400 2737 cibos'qui
1431 2660 1627 2724 mensis
1669 2673 1825 2742 regiis

296 2739 560 2802 parantur
587 2731 764 2786 sedulo
794 2737 1078 2806 perquirat.

296 2845 504 2916 Regius
535 2856 825 2918 apparatus
853 2849 994 2905 sicut
1023 2852 1418 2922 negligentibus
1439 2854 1593 2910 affert
1617 2855 1828 2926 pericu-

217 2939 339 2995 lum
363 2981 378 3008 ,
406 2941 484 2995 sic
509 2947 727 2997 strenue
748 2939 1122 2999 laborantibus
1146 2953 1369 3014 praestat
1392 2953 1640 3001 ornatum
1666 2965 1678 2999 :
1701 2947 1828 3018 quia

216 3033 510 3102 praemium
538 3040 623 3087 est
650 3034 794 3102 vitat,
826 3034 1046 3091 domino
1075 3035 1310 3104 vidente,
1343 3038 1564 3105 servire,
1614 3039 1698 3094 cui
1726 3054 1828 3096 nec

217 3122 391 3190 culpa
416 3123 610 3188 celari,
639 3138 739 3177 nec
768 3124 969 3179 bonum
1001 3127 1173 3196 possit
1200 3127 1476 3185 abscondi.
1507 3129 1675 3196 Quam
1705 3145 1827 3200 gra-

1937 1919 2239 1974 monemus,
2309 1917 2368 1962 ut
2420 1913 2600 1980 pontis
2662 1914 2939 1983 junctione
2992 1920 3271 1981 Tiberinos
3333 1927 3526 1984 fluctus

1932 1997 2250 2054 solemniter
2301 2003 2572 2072 vestiatis,
2630 2016 2896 2077 quatenus
2949 2016 3233 2072 transitum
3288 2021 3526 2090 prmbeat

1933 2090 2308 2161 intremulum,
2359 2094 2523 2151 fixum
2549 2105 2998 2162 coucatenatione
3031 2110 3328 2180 navigium,
3377 2113 3524 2169 etde

1931 2197 2031 2237 suo
2061 2183 2167 2238 situ
2199 2185 2431 2244 celerem
2462 2190 2615 2247 nobis
2646 2204 2865 2263 praestet
2892 2214 3200 2257 excursum.
3255 2204 3370 2261 Non
3401 2223 3524 2262 mou

1929 2280 2120 2327 veatur
2150 2269 2316 2345 pigris
2347 2277 2582 2348 funibus,
2618 2293 2676 2338 ut
2703 2287 2945 2357 solebat;
2977 2309 3085 2346 non
3133 2297 3379 2352 manibus
3412 2307 3521 2354 tra-

1930 2363 2172 2421 hentium
2213 2369 2380 2426 moles
2424 2379 2573 2428 tanta
2613 2383 2916 2449 torpescat;
2967 2384 3302 2443 celeritatem
3342 2392 3522 2461 potius

1931 2454 2034 2510 lixa
2067 2458 2342 2532 conferat,
2375 2478 2533 2534 quam
2559 2484 2619 2524 se
2647 2485 2870 2530 movens
2899 2485 3060 2533 antea
3089 2495 3194 2535 non
3227 2483 3516 2552 praebebat.

1929 2547 2222 2606 Ambulent
2249 2559 2672 2616 commeantium
2704 2578 2921 2636 greges;
2958 2570 3202 2640 profecto
3234 2591 3336 2630 non
3366 2579 3519 2633 navi-

1929 2641 2029 2711 giis
2071 2643 2237 2700 incisa
2277 2663 2376 2704 nos
2422 2651 2561 2707 unda
2611 2653 2878 2726 deportet.
2921 2660 3009 2715 Sic
3048 2661 3205 2719 decet
3244 2667 3519 2724 dominum

1929 2737 2158 2807 suscipi,
2187 2746 2244 2792 ut
2271 2740 2450 2811 aliqua
2480 2743 2676 2801 debeat
2705 2753 2945 2806 novitate
2974 2757 3250 2824 gratulari.
3286 2759 3518 2818 Tabula-

1928 2842 2047 2880 rum
2097 2827 2308 2886 fortiter
2351 2831 2603 2904 junctura
2650 2843 2942 2899 constricta
2985 2848 3310 2906 soliditatem
3361 2854 3523 2912 debet

1927 2920 2168 2990 praebere
2194 2929 2580 2997 necessariam,
2608 2940 2668 2987 ut
2693 2950 2951 3005 pavorem
2973 2942 3141 2998 undas
3163 2943 3517 3005 dubitantium

1930 3022 2144 3068 terrena
2162 3016 2509 3076 similitudine
2530 3025 2699 3093 possit
2721 3027 2950 3086 auferre.
2975 3030 3200 3104 Optetur
3218 3039 3515 3106 quinimmo

1929 3099 2140 3172 longior
2169 3107 2353 3178 fuisse,
2403 3127 2526 3168 cum
2558 3117 2814 3173 transitur
2844 3121 3092 3181 innocue.
3143 3127 3517 3188 Cancellorum

219 3221 345 3266 tum
373 3220 456 3267 est
475 3213 592 3268 sine
621 3213 918 3271 offensione
947 3217 1126 3288 aliqua
1153 3218 1256 3275 iter
1284 3235 1446 3290 agere
1473 3221 1818 3290 destinatum,

1933 3200 2172 3253 tutamen
2222 3199 2408 3258 dextra
2440 3203 2679 3278 laevaque
2723 3208 2976 3270 decenter
3005 3225 3239 3289 aptetur.
3287 3219 3519 3295 Prosper

216 3302 416 3357 videre
442 3303 642 3373 judicia
669 3305 964 3376 diligentia,
1007 3309 1168 3365 dubia
1199 3311 1317 3368 sine
1347 3313 1541 3370 timore
1571 3319 1822 3389 transire,

219 3406 417 3462 gressu
443 3395 588 3451 facili
616 3407 904 3456 montuosa
931 3403 1313 3473 conscendere,
1344 3406 1395 3460 in
1418 3408 1670 3478 pontibus
1699 3427 1824 3467 con-

221 3486 460 3540 trabium
483 3505 591 3544 non
617 3498 870 3558 tremere,
895 3493 1144 3565 viamque
1165 3498 1244 3552 sic
1268 3498 1534 3556 conﬁcere
1562 3511 1619 3556 ut
1638 3505 1822 3562 omnia

219 3578 527 3648 probentur
548 3581 728 3638 animo
751 3586 1096 3643 convenisse!
1143 3589 1384 3647 Militiam
1416 3601 1648 3651 vestram
1675 3606 1823 3654 tran-

219 3670 506 3738 scenditis,
534 3672 581 3728 si
608 3688 789 3729 rerum
817 3671 1036 3734 domino
1061 3679 1276 3750 placere
1304 3684 1536 3753 possitis.
1571 3685 1704 3743 Nam
1733 3690 1819 3745 cui

220 3776 327 3817 nos
368 3778 564 3833 parere
606 3766 1002 3836 contendimus,
1056 3787 1280 3844 magnus
1319 3786 1606 3846 provectus
1634 3788 1745 3848 est,
1776 3783 1822 3838 si

223 3855 551 3910 mereamini
573 3856 641 3912 ad
667 3855 783 3928 ejus
830 3861 1070 3931 placidos
1091 3866 1275 3922 venire
1301 3881 1641 3939 conspectus.
1677 3873 1822 3940 Quo-

218 3947 375 4002 circa
428 3949 530 4004 iter
585 3949 878 4021 Flaminiae,
957 3957 1087 4013 rivis
1138 3959 1468 4019 sulcantibus
1518 3975 1820 4036 exaratum,

217 4037 442 4096 hiantes
469 4041 615 4113 ripas
641 4042 903 4101 latissima
927 4048 1172 4118 pontium
1196 4051 1571 4122 interjectione
1596 4057 1822 4127 conjun-

216 4133 330 4200 gite
351 4173 368 4200 ,
399 4149 689 4206 Oppressas
711 4141 979 4209 margines
1003 4141 1305 4212 platearum
1335 4147 1644 4216 asperrimis
1670 4150 1820 4205 silvis

219 4225 489 4295 enudate;
541 4231 996 4300 paraveredorum
1026 4237 1292 4307 ascriptus
1335 4253 1592 4295 numerus
1618 4256 1817 4310 procu-

218 4324 377 4372 retur
400 4331 520 4372 cum
549 4319 723 4376 electa
759 4321 1020 4393 qualitate
1049 4328 1448 4396 membrorum;
1480 4345 1818 4390 annonarum

217 4406 625 4477 designatarum
648 4415 804 4484 copia
820 4415 936 4470 sine
947 4415 1129 4486 aliquo
1149 4434 1522 4489 possessorum
1536 4423 1816 4494 dispendio

217 4511 602 4573 congregetur.
651 4507 790 4574 Quia
826 4510 906 4565 sic
952 4511 1135 4566 omnia
1181 4522 1332 4581 grata
1378 4515 1618 4585 redditis,
1667 4517 1714 4574 si
1763 4519 1816 4576 in

1926 3287 2084 3345 datur
2129 3295 2406 3362 transitus,
2455 3317 2576 3355 cum
2625 3302 2785 3360 fuerit
2836 3323 2993 3366 casus
3039 3328 3198 3384 asper
3247 3317 3514 3375 exclusus.

1925 3381 2061 3438 Vide
2101 3388 2557 3455 quemadmodum
2583 3393 2788 3468 reliqua
2829 3400 2894 3453 ad
2927 3409 2977 3456 te
3007 3381 3331 3474 pertinentia
3374 3424 3513 3478 pra:-

1925 3491 2102 3546 pares,
2154 3481 2245 3550 qui
2275 3491 2326 3535 te
2357 3500 2704 3544 occursurum
2747 3507 2865 3548 esse
2895 3500 3193 3565 cognoscis.
3239 3501 3406 3568 Quale
3435 3513 3518 3560 cst

1925 3568 2066 3623 enim
2098 3569 2150 3624 in
2183 3580 2332 3630 tanta
2364 3573 2663 3648 frequentia
2695 3601 2803 3640 non
2834 3591 3074 3657 potuisse
3100 3594 3344 3665 culpari!
3391 3597 3516 3654 Uni-

1924 3676 2111 3717 versos
2135 3664 2340 3735 alIIigit,
2364 3671 2588 3742 quiregi
2612 3674 2810 3747 aliquid
2832 3664 3473 3746 necessariumsubtrahit
3498 3710 3511 3747 :

1925 3754 2069 3824 quia,
2112 3755 2236 3811 dum
2257 3759 2410 3816 laetus
2432 3772 2652 3834 optatur
2671 3768 2738 3824 ab
2759 3774 3031 3844 omnibus,
3057 3789 3282 3835 cunctos
3316 3784 3515 3837 contri-

1924 3854 2051 3912 stat,
2099 3849 2144 3903 si
2174 3851 2432 3920 probetur
2457 3856 2712 3916 offensus.
2745 3860 2896 3919 Adde
2922 3867 3066 3936 quod
3097 3869 3173 3924 sic
3201 3873 3512 3939 praeclarum

1924 3948 2008 3995 est
2053 3941 2150 3996 sub
2199 3950 2346 3999 tanta
2394 3959 2706 4008 senatorum
2741 3958 2896 4028 197
2927 3961 3243 4016 occursione
3287 3963 3510 4032 laudari,

1923 4031 2219 4104 principem
2269 4038 2347 4093 sic
2397 4044 2692 4114 suscipere,
2740 4057 2801 4102 ut
2854 4065 3042 4109 omnes
3094 4053 3390 4123 intelligant
3439 4059 3510 4114 nil

1923 4122 2142 4192 deesse;
2193 4138 2320 4185 ante
2348 4131 2523 4201 ipsum
2552 4151 2768 4208 quoque
2793 4139 3069 4198 dominum
3097 4146 3280 4202 venire
3307 4147 3508 4216 laetum',

1923 4231 2085 4286 quam
2115 4220 2296 4290 aliqua
2327 4227 2684 4295 trepidatione
2712 4233 3014 4292 confusum.
3055 4237 3386 4310 Insperatum
3414 4245 3509 4300 bo-

1921 4322 2051 4363 num
2073 4317 2175 4376 est,
2207 4313 2251 4368 si
2273 4313 2318 4369 is
2339 4315 2407 4371 ad
2425 4330 2586 4385 quem
2608 4320 2943 4393 deceptionis
2959 4331 3192 4397 pertinet
3212 4335 3509 4403 periculum

1919 4397 2020 4452 sibi
2049 4403 2235 4467 gratia:
2273 4417 2526 4474 procuret
2552 4423 2919 4482 augmentum.
2942 4418 3001 4474 In
3029 4437 3188 4491 quam
3213 4397 3330 4480 rem
3361 4428 3508 4486 illum

1922 4489 2066 4546 sedis
2099 4503 2296 4550 nostra:
2324 4499 2547 4557 militem
2577 4519 2677 4561 nos
2698 4506 2956 4575 direxisse
2977 4527 3259 4586 cognosce,
3290 4521 3382 4590 qui
3413 4524 3505 4580 tibi

217 4594 368 4649 nulla
390 4602 546 4665 parte
569 4599 825 4668 peccetis.
859 4599 966 4657 Res
991 4617 1097 4658 una
1119 4578 1392 4662 subtracta
1414 4578 1613 4665 cuncta,
1633 4609 1811 4668 defor-
1839 4615 1893 4677 D
1918 4578 2210 4679 Ofﬁcioque
2261 4595 2354 4645 tuo
2407 4590 2603 4650 debeat
2656 4598 2937 4660 imminere
2954 4647 2969 4673 ν
3039 4618 3303 4679 quatenus
3353 4617 3506 4675 "oms

216 4695 334 4742 mat
358 4705 371 4750 ;
403 4696 460 4744 et
488 4697 662 4746 totum
690 4692 879 4750 deesse
907 4696 1162 4766 creditur,
1194 4699 1286 4755 ubi
1315 4701 1399 4758 vel
1425 4704 1643 4760 minima
1671 4722 1808 4777 que-

219 4779 351 4835 rela:
379 4783 642 4853 asperitas
669 4798 1060 4845 commovetur.
1111 4791 1330 4863 Species
1365 4804 1642 4867 pneterea,
1688 4815 1809 4872 quae

221 4873 424 4929 mensis
473 4877 636 4946 regiis
687 4889 1032 4950 apparantur,
1092 4893 1312 4942 exactas
1361 4896 1474 4944 tota
1527 4891 1808 4950 sedulitate

219 4963 538 5033 perquirite.
552 4965 685 5024 Nam
709 4971 836 5040 quid
857 4973 1098 5042 proderit
1120 4977 1382 5034 exercitui
1409 4981 1744 5053 satisfacere,
1759 4986 1806 5042 si

222 5065 319 5110 vos
349 5057 636 5128 contigerit
673 5061 727 5117 in
774 5063 888 5134 ipsa
933 5065 1272 5125 dominorum
1301 5074 1548 5142 pastione
1585 5075 1703 5148 [ms.
1755 5080 1806 5134 et

217 5143 334 5212 Λα,
365 5149 637 5222 passione]
679 5159 952 5225 peccare?
977 5157 1210 5216 Pareant
1236 5143 1604 5232 provinciales
1620 5168 1809 5226 admo-

218 5239 348 5308 niti;
399 5243 644 5301 civitates
669 5248 892 5318 singulze
919 5251 1193 5309 declarata
1235 5256 1487 5314 brevibus
1514 5261 1805 5318 subminis-

219 5337 378 5391 trent.
400 5337 537 5394 Nam
553 5343 768 5412 quoties
785 5343 908 5400 laeto
929 5347 1154 5418 principi
1169 5353 1487 5419 occurritur,
1513 5353 1807 5412 eflicaciter

217 5423 471 5487 beneﬁcia
501 5436 863 5505 postulantur.
923 5437 1169 5510 Cogitate
1207 5443 1367 5498 etiam
1397 5445 1542 5514 quod
1570 5461 1805 5516 praesens

215 5519 352 5582 facta
380 5539 558 5587 vestra
590 5532 842 5603 dijudico,
897 5544 989 5590 aut
1017 5538 1215 5606 gratias
1245 5539 1398 5595 vobis
1426 5541 1630 5595 domini
1660 5555 1797 5611 gau-

213 5611 343 5673 dens
393 5623 584 5693 reddo,
637 5634 731 5681 aut
785 5629 1260 5685 commonitionem
1313 5631 1573 5702 principis
1626 5633 1796 5690 iratus

215 5709 466 5768 attribuo.
517 5715 674 5786 Agite
717 5733 845 5789 ergo
874 5737 943 5776 ne
985 5723 1118 5777 mihi
1164 5722 1460 5794 imputetur
1484 5732 1666 5780 vester
1692 5740 1790 5781 ex-

210 5811 406 5873 cessus,
436 5810 562 5878 quia
591 5816 799 5871 cunctis
827 5816 894 5873 de
920 5817 1074 5874 vobis
1098 5816 1396 5886 satislacio,
1429 5815 1578 5887 quod
1617 5817 1790 5890 culpis

203 5890 394 5954 ves-tris
449 5898 742 5962 oil'endero.
803 5905 1082 5968 Persolvat
1132 5909 1265 5970 mihi
1313 5905 1502 5983 Ροῐίαβ
1556 5909 1790 5986 sum

1919 4676 2099 4732 omnia
2143 4690 2331 4749 parata
2361 4688 2664 4754 renuntiet,
2710 4693 2836 4763 quia
2884 4701 3148 4758 committi
3177 4721 3283 4762 non
3324 4718 3503 4780 potest

1916 4769 2096 4838 casui,
2145 4774 2290 4844 quod
2318 4787 2507 4836 nostro
2534 4784 2774 4851 periculo
2801 4799 3012 4850 constat
3038 4798 3259 4856 ascribi.

2457 4937 2789 5003 EPISTOLA
2820 4947 2934 5007 XX.

1915 5041 2152 5087 TIIODIATI
2175 5049 2242 5088 ET
2261 5051 2452 5104 PETRO,
2477 5055 2612 5097 VIRIS
2627 5059 2966 5118 CLARISSIMIS,
2981 5066 3238 5122 ARCARIIS,
3264 5068 3501 5113 SENATQR

2378 5125 2700 5172 PRJEFECTUS
2731 5135 3034 5178 ΡΒΑΞΤΟΒΙΟ.

1907 5209 2387 5314 Juljﬁtﬂtnredr'tunt
2411 5229 2670 5314 actoribus
2695 5236 2860 5314 sancti
2886 5235 3032 5314 Petri
3053 5255 3165 5294 cum
3186 5241 3501 5314 obligatione

1981 5285 2308 5382 chiragrap/ti
2339 5311 2460 5349 vasa
2478 5315 2628 5354 sacra
2650 5319 2762 5375 qua:
2788 5306 3039 5378 Agapitus
3059 5327 3196 5382 papa
3225 5285 3498 5369 adUOrieu-

1983 5364 2080 5440 tam
2105 5359 2302 5444 legatus
2331 5373 2516 5423 missus
2539 5387 2633 5441 pro
2654 5359 2871 5445 pecuni?!
2898 5359 3107 5450 acceptra
3127 5359 3373 5440 Γανεανὶἰις
3423 5403 3497 5441 rc-

1979 5444 2081 5498 gus
2109 5448 2555 5506 opprgneraverat.

1978 5544 2242 5606 Retinetis
2271 5568 2501 5624 mecum,
2550 5555 2841 5617 ﬁdelissimi
2883 5565 3003 5633 viri,
3060 5579 3303 5628 sanctum
3357 5571 3494 5644 Aga-

1901 5639 2093 5710 pitum,
2121 5645 2268 5702 urbis
2292 5645 2477 5706 Roma:
2503 5665 2716 5722 papam,
2751 5671 2871 5712 cum
2915 5660 2984 5715 ad
3031 5661 3263 5722 Orientis
3291 5639 3491 5739 princi-

1897 5747 2024 5804 pem
2051 5736 2332 5806 legationis
2361 5743 2530 5810 gralia
2558 5746 2884 5816 mitteretur,
2907 5751 3147 5816 iussione
3177 5736 3320 5826 regia
3349 5760 3488 5818 datis

1897 5827 2231 5899 pignoribus,
2255 5834 2456 5890 avobis
2487 5844 2567 5894 tot
2587 5838 2750 5897 libras
2785 5845 2899 5898 auri
2939 5846 3084 5904 facto
3137 5851 3356 5919 pictatio
3392 5865 3488 5910 so-

1897 5919 2149 5984 lemniter
2211 5927 2524 5998 accepisse;
2612 5942 2671 5992 ut
2742 5938 2828 5994 cui
2877 5941 3132 6013 providus
3176 5945 3485 6005 dominator
