4006 6456
492 341 592 400 8⁸11

1697 336 1770 392 M.
1811 329 2083 392 AUREL“
2120 325 2525 387 CASSIODORI

3672 326 3782 385 872

495 462 667 532 jussit,
702 458 765 515 ad
790 459 1023 516 subitum
1055 458 1174 530 ejus
1203 458 1363 515 etiam
1393 463 1611 526 urgeret
1637 469 1936 509 excessum.
1967 449 2086 504 Pri-
2116 455 2161 510 Α
2194 449 2269 502 rei
2294 447 2492 516 jugiter
2513 441 2849 516 praecipimus
2877 455 2997 499 esse
3026 441 3302 499 custodem
3321 483 3335 508 ,
3371 448 3431 497 ut
3460 440 3554 512 qui
3599 442 3785 500 hat-te-

495 569 641 608 mum
664 551 879 624 quidem
925 552 1156 622 benigne
1209 550 1477 622 prtcstitit,
1524 548 1616 617 qui
1658 546 1709 600 in
1758 544 2080 600 necessitate

495 651 706 698 mutuas
730 641 988 712 pecunias
1015 640 1202 706 dedit;
1233 639 1329 696 sed
1383 645 1586 708 quanto
1627 635 1911 705 gloriosius
1955 631 2083 688 fecit

492 735 656 789 etiam
686 734 815 790 illud
847 734 1031 804 largiri
1051 733 1196 804 quod
1225 749 1344 788 cum
1375 732 1669 802 gratiarum
1725 730 1936 784 actione
1984 743 2083 800 po-

494 825 683 880 tuisset
699 823 908 882 offerri!
934 826 1086 881 Victa
1113 834 1196 880 est
1218 825 1334 880 sine
1345 823 1541 879 damno
1563 821 1880 878 necessitas:
1897 819 2085 874 manus

493 933 643 988 papa:
667 917 830 973 dabat
881 919 1025 987 quod
1055 917 1172 988 ejus
1200 917 1500 972 substantia
1556 931 1664 971 non
1719 914 1952 968 habebat
1982 929 1996 977 ;
2030 919 2086 967 et

495 1009 623 1063 illul
656 1011 759 1064 iter
795 1019 878 1065 est
905 1011 1155 1064 indemne
1184 1008 1472 1076 redditum,
1499 1007 1644 1078 quod
1688 1005 1846 1060 donis
1874 1011 2089 1058 constat

495 1100 789 1170 expletum.
821 1101 1009 1168 Quale,
1036 1115 1189 1169 rogo,
1216 1101 1496 1156 videbatur
1513 1099 1809 1154 antistitem
1858 1095 2089 1168 petenti-

495 1189 593 1243 bus
615 1187 934 1253 Ecclesiatn,
955 1199 1010 1245 et
1030 1189 1328 1245 Ecclesiam
1348 1189 1491 1244 nulla
1504 1187 1829 1243 detrimenta
1846 1185 2088 1240 sentire?

496 1280 828 1338 Distribntor
840 1281 936 1338 fuit
957 1284 1140 1353 potius
1159 1297 1317 1352 quam
1339 1282 1591 1350 donator,
1613 1281 1737 1350 quia
1760 1293 1980 1334 necesse
2010 1285 2092 1331 est

497 1369 572 1425 illi
597 1372 874 1442 applicari,
904 1372 971 1428 de
1009 1373 1160 1442 cujus
1188 1373 1530 1429 facultatibus
1558 1372 1838 1426 videbatur
1895 1384 2094 1440 expen-

499 1462 574 1519 di.
601 1464 738 1532 Quid
773 1483 878 1520 non
909 1474 1034 1535 agat
1058 1467 1199 1536 apud
1223 1467 1368 1536 pium
1392 1467 1689 1538 principem
1721 1466 1842 1519 talis
1869 1466 2087 1534 legatio,

499 1573 662 1628 quam
693 1559 1012 1615 destinatam
1045 1560 1301 1629 singulari
1356 1568 1569 1616 constat
1618 1558 1901 1628 exemplo?
1950 1556 2092 1624 Qua-

501 1659 723 1721 pr0pter
753 1661 934 1707 nostra
964 1652 1325 1722 praeceptione
1345 1651 1684 1719 commoniti,
1709 1659 1762 1704 et
1790 1650 1934 1718 regia
1978 1648 2093 1718 jus-

499 1740 654 1796 sione
683 1743 883 1810 securi,
927 1751 1237 1798 sanctorum
1268 1759 1394 1798 vasa
1435 1758 1557 1798 cum
1603 1740 1932 1809 obligatione
1979 1738 2094 1793 chi-

2185 555 2286 596 ntts
2315 540 2382 593 de
2409 536 2714 606 integritate
2745 535 3013 606 placuisti,
3077 534 3221 588 nulla
3275 534 3476 588 debeas
3522 537 3782 591 varietate

2184 633 2399 690 fuscari.
2433 631 2563 686 Vide
2585 629 2728 700 quod
2757 630 2850 684 tibi
2881 629 3235 685 committitur
3281 629 3500 698 antiqua
3549 629 3696 694 fides,
3728 638 3783 684 et

2185 725 2498 797 quotidiana
2527 722 2800 792 diligentia
2824 720 3030 777 dirimis
3071 721 3402 792 jurgantium
3427 721 3596 775 litem.
3628 723 3782 790 Apud

2187 828 2413 875 cunctos
2441 815 2694 888 praesules
2721 814 2788 870 de
2817 823 2907 869 tua
2937 829 3063 870 cura
3094 815 3333 883 litigatur
3362 831 3376 880 ;
3429 824 3483 868 et
3515 823 3573 867 tu
3606 816 3784 883 potius

2182 911 2409 980 judicas,
2441 908 2533 978 qui
2561 922 2844 962 causarum
2873 905 3082 960 vincula
3128 905 3397 960 dissolvis.
3459 905 3578 960 Hoc
3612 905 3783 959 hono-

2188 1006 2356 1061 rabile
2383 1006 2570 1072 decus,
2602 1003 2986 1074 indisputabile
3016 1001 3399 1062 testimonium,
3425 1015 3530 1053 vox
3562 1000 3782 1068 antiqua

2189 1097 2518 1162 chartarum,
2581 1113 2704 1152 cum
2730 1096 2797 1150 de
2825 1095 2931 1151 tuis
2963 1094 3135 1166 adytis
3163 1093 3474 1161 incorrupta
3507 1104 3790 1161 processe-

2188 1190 2280 1254 rit,
2310 1191 2617 1260 cognitores
2639 1198 2957 1246 reverenter
2970 1189 3245 1260 excipiunt
3270 1205 3285 1253 ;
3309 1185 3585 1254 litigantes
3606 1201 3788 1253 quam-

2191 1283 2271 1341 vis
2293 1283 2565 1354 improbi,
2620 1283 2793 1338 coacti
2871 1292 3049 1337 tamen
3124 1279 3380 1336 obediunt
3430 1279 3592 1352 [forte
3623 1278 3786 1333 obau-

2192 1375 2386 1447 diunt].
2417 1377 2484 1430 Et
2510 1392 2632 1431 cum
2657 1375 2736 1429 fas
2761 1375 2829 1430 sit
2875 1374 3265 1443 promulgatam
3296 1373 3620 1428 sententiam
3680 1389 3788 1426 sus-

2194 1469 2374 1540 pendi,
2413 1469 2505 1523 tibi
2545 1485 2652 1522 non
2704 1468 2830 1523 licet
2861 1466 3084 1522 obviari.
3133 1465 3395 1531 Quocirca
3429 1481 3537 1520 non
3592 1465 3788 1520 habeat

2194 1565 2380 1620 venale
2409 1565 2767 1636 propositum.
2797 1563 2964 1618 Tinea
2989 1563 3436 1618 documentorum
3481 1576 3586 1631 est,
3641 1565 3788 1618 obla-

2195 1654 2270 1709 tio
2315 1655 2545 1723 tnaligna
2597 1654 2931 1721 redimentis,
2988 1655 3112 1708 dum
3159 1663 3406 1723 qumrunt
3467 1671 3788 1710 consumere

2195 1746 2336 1815 quod
2365 1762 2423 1802 se
2444 1756 2812 1814 cognoverunt
2843 1746 3120 1816 impedire.
3155 1744 3350 1801 Pascat
3379 1755 3432 1802 te
3456 1747 3622 1802 editio
3674 1747 3786 1822 [Gn

496 1834 750 1904 rographi
775 1835 1048 1891 actoribus
1067 1837 1241 1891 sancti
1271 1835 1416 1890 Petri
1467 1834 1698 1905 apostoli
1747 1835 1863 1888 sine
1910 1833 2087 1902 aliqua
2119 1839 2164 1900 Β
2193 1847 2242 1891 et
2270 1837 2410 1908 Cuj.,
2451 1837 2672 1909 edictio]
2702 1839 2899 1893 decora
2928 1839 3198 1904 veritatis;
3232 1840 3458 1894 facultas
3479 1850 3571 1894 tua
3593 1843 3788 1897 habea-

501 1922 765 1980 dilatione
795 1924 1083 1994 refundite,
1112 1935 1170 1981 ut
1195 1927 1406 1982 lucrose
1433 1926 1661 1992 reddita,
1703 1925 1953 1980 celeriter
1997 1924 2097 1977 im-

498 2025 710 2085 petrata
753 2018 1034 2074 videantur
1067 2028 1253 2090 optata
1297 2020 1438 2092 [ms.,
1487 2020 1778 2088 impetrare
1815 2017 2096 2071 videantur

499 2109 729 2180 Optata];
747 2109 1048 2166 referantur
1063 2111 1310 2166 manibus
1332 2111 1639 2166 Levitarum
1663 2109 1959 2163 ministeria
1979 2117 2094 2165 toto

499 2203 632 2256 orbe
663 2203 971 2270 narranda;
1003 2203 1236 2258 donetur
1280 2203 1426 2272 quod
1495 2202 1771 2272 propriunt
1821 2201 1936 2266 fuit,
1962 2216 2095 2269 quo-

501 2297 644 2352 niam
667 2299 813 2368 juste
835 2315 932 2369 per
959 2299 1266 2368 largitatem
1291 2298 1486 2368 recipit
1512 2297 1656 2366 quod
1677 2295 1934 2351 sacerdos
1961 2294 2093 2362 legi-

499 2387 599 2442 bus
621 2390 898 2458 obligavit.
931 2389 1257 2460 Superatum
1283 2398 1367 2444 est
1395 2388 1702 2458 exemplum
1750 2388 1893 2457 quod
1927 2387 1979 2441 itt
2010 2388 2095 2441 hi-

499 2481 666 2536 storia
691 2492 873 2538 nostra
907 2496 1098 2551 magna
1135 2482 1434 2538 intentione
1475 2482 1777 2536 retulimus.
1810 2480 1941 2534 Nam
1973 2496 2095 2534 cum

501 2587 599 2627 rex
650 2573 912 2639 Alaricus,
945 2573 1096 2628 urbis
1143 2572 1328 2628 Romae
1378 2572 1781 2644 deprazdatione
1847 2571 2093 2639 satiatus,

501 2663 727 2733 apostoli
761 2663 905 2719 Petri
935 2679 1059 2718 vasa
1093 2665 1205 2720 suis
1231 2665 1596 2720 deferentibus
1619 2665 1941 2735 excepisset,
1971 2680 2096 2718 mox

501 2765 560 2810 ut
585 2757 664 2811 rei
692 2773 908 2812 causam
940 2757 1125 2812 habita
1151 2757 1576 2828 interrogatione
1597 2757 1868 2827 cognovit,
1927 2756 2096 2811 sacris

501 2847 771 2904 liminibus
801 2845 1074 2920 deportari
1106 2849 1475 2920 diripientium
1495 2852 1738 2905 manibus
1762 2849 2045 2920 imperavit
2078 2867 2092 2915 ;

501 2942 864 3014 utcupiditas,
906 2960 1026 3014 qua:
1079 2945 1496 3016 depmdationis
1544 2946 1748 3001 ambitu
1804 2946 2095 3000 admiserat

500 3037 695 3101 scelus,
723 3038 1013 3094 devotione
1037 3038 1341 3107 largissima
1395 3037 1602 3093 deleret
1657 3053 1956 3093 excessum.
1988 3035 2094 3091 Sed

498 3131 627 3202 quid
651 3132 863 3196 mirum,
883 3132 928 3187 si
954 3131 1253 3192 reverenda
1275 3137 1591 3187 sanctorum
1629 3141 1654 3169 ι
1703 3130 1938 3200 diripere
1992 3144 2092 3182 no-

499 3224 616 3290 luit,
649 3225 740 3296 qui
768 3232 918 3280 tanta
940 3240 1000 3281 se
1025 3224 1188 3281 Urbis
1209 3225 1518 3280 vastatione
1547 3223 1781 3279 ditavit?
1831 3222 1945 3277 Rex
1997 3236 2093 3275 aI-

500 3325 610 3372 tem
639 3327 822 3374 noster
859 3318 1112 3387 religioso
1172 3319 1453 3389 proposito
1509 3315 1740 3372 reddidit
1791 3329 1919 3370 vasa
1975 3328 2096 3383 tnta:

495 3406 620 3477 jure
639 3409 881 3479 pignoris
909 3409 1129 3480 propria
1155 3408 1476 3465 videbantur
1503 3406 1713 3462 effecta.
1736 3404 1804 3459 Et
1827 3405 1947 3461 ideo
1975 3405 2094 3460 tali—

500 3500 604 3557 bus
647 3501 804 3557 factis
834 3503 1085 3574 frequens
1126 3510 1415 3573 praestetur
1461 3501 1656 3567 oratio,
1706 3499 1920 3569 quando
1976 3500 2094 3554 iacta

502 3591 725 3646 concedi
762 3607 923 3662 posse
965 3592 1255 3661 credimus,
1300 3609 1423 3649 cum
1472 3589 1887 3647 retributionem
1939 3590 2096 3649 bonis

503 3683 714 3741 actibus
735 3685 1089 3756 postulamus.

1057 3842 1394 3900 EPISTULA
1419 3842 1557 3898 XX].

572 3956 862 3997 DEUSDEDIT
883 3957 1077 3997 SCBIBJS
1103 3959 1404 3998 RAVENNATI
1423 3959 1665 3999 SENATOR
1696 3959 2024 4000 ῐιιιεῐιέῦτυε

1181 4031 1492 4070 ΡΒΕΤΟΒῙΟ.

703 4101 942 4174 Oﬂicium
971 4105 1260 4160 scribarum
1288 4115 1338 4159 et
1365 4105 1643 4160 utilitatem
1664 4106 1924 4160 describit.

573 4214 884 4272 Scribarum
907 4217 1146 4274 ofﬁcium
1166 4218 1428 4274 securitas
1452 4219 1592 4275 solet
1611 4233 1731 4275 esse
1752 4215 2093 4288 cunctorum,

503 4305 718 4372 quando
761 4307 850 4376 jus
883 4309 1121 4362 omnium
1181 4309 1298 4377 ejus
1361 4309 1724 4364 sollicitudine
1771 4309 2089 4364 custoditur.

504 4396 654 4452 Alios
683 4399 824 4452 enim
846 4397 1242 4469 depopulantur
1272 4399 1519 4456 incendia
1550 4418 1564 4466 ;
1593 4401 1729 4456 alios
1771 4400 1936 4454 nudat
1983 4399 2093 4454 fur-

505 4487 615 4542 tiva
669 4490 980 4561 subreptio;
1040 4492 1313 4547 nonnullis
1360 4493 1683 4562 negligentia
1756 4494 1900 4564 perit
1950 4491 2092 4561 quod

506 4580 730 4648 diligens
753 4591 943 4637 auctor
973 4585 1237 4652 acquirit;
1267 4587 1361 4640 sed
1386 4584 1490 4640 fide
1520 4586 1732 4655 publica
1784 4585 2093 4641 robustissi-

505 4687 594 4727 tne
615 4680 894 4743 reparatur
913 4675 1171 4744 quidquid
1200 4692 1229 4729 a
1263 4676 1490 4745 privatis
1515 4677 1779 4730 amittitur
1803 4677 1949 4749 [_ms.,
1993 4676 2089 4730 ad-

443 4807 447 4810 .
504 4762 778 4837 mittitur].
805 4765 1118 4834 Diligentior
1146 4768 1303 4822 estin
1334 4767 1545 4835 alienis,
1576 4785 1734 4838 quam
1767 4777 1944 4840 potest
1971 4786 2088 4826 esse

505 4875 632 4914 cura
661 4859 725 4914 de
748 4859 979 4930 propriis
1003 4877 1015 4912 :
1044 4877 1150 4915 non
1197 4861 1502 4916 admonitus
1529 4861 1656 4916 facit
1685 4863 1826 4932 quod
1867 4865 1959 4918 vix
2003 4881 2088 4918 ro-

501 4962 658 5020 gatus
687 4953 954 5023 impleret,
984 4965 1038 5007 et
1067 4954 1357 5021 requisitas
1385 4970 1491 5008 non
1517 4963 1694 5025 potest
1717 4970 1913 5025 negare
1942 4958 2086 5026 quod

501 5045 547 5102 is
575 5045 726 5115 cujus
751 5047 975 5101 interest
999 5061 1059 5101 se
1080 5044 1281 5100 fatetur
1302 5047 1546 5104 amisisse
1568 5049 1711 5120 [ma.,
1762 5047 2083 5121 admisisse].

503 5139 805 5192 Armarium
835 5139 1002 5208 ipsius
1033 5136 1248 5193 fortuna
1279 5146 1600 5194 cunctorum
1632 5147 1714 5195 est
1746 5157 1760 5207 ;
1793 5148 1848 5195 et
1897 5141 2092 5197 merito

501 5230 760 5301 refugium
789 5234 1028 5287 omnium
1067 5231 1286 5300 dicitur,
1314 5233 1402 5288 ubi
1428 5234 1800 5290 universorum
1830 5234 2096 5288 securitas

501 5319 784 5376 invenitur.
819 5320 900 5375 Ad
928 5331 1150 5394 paterna
1173 5322 1368 5379 transit
1395 5322 1569 5380 officia
1610 5323 1654 5380 si
1686 5324 2000 5394 incorrupte
2028 5323 2098 5379 sit

501 5411 696 5466 veritas
721 5413 1006 5468 custodita.
1039 5413 1172 5468 Nam
1201 5415 1340 5471 sicut
1381 5414 1608 5485 diligens
1654 5415 1866 5486 genitor
1912 5422 2092 5470 servat

500 5503 866 5572 quodotiosus
893 5507 1456 5575 successorinveniat,
1517 5507 1595 5563 sic
1646 5507 1849 5561 arbiter
1895 5507 2092 5562 artium

503 5594 705 5651 nullum
728 5597 929 5669 patitur
945 5601 1161 5670 propria
1175 5599 1679 5672 utilitatefraudari.
1692 5597 1760 5654 Et
1778 5599 1901 5655 ideo
1927 5607 2092 5654 tanta:

2198 1941 2284 1984 tur
2305 1929 2600 1996 integritas.
2659 1929 2734 1983 Da
2783 1931 3087 1999 petentibus
3122 1946 3241 2000 qua:
3271 1931 3397 1985 olim
3450 1931 3592 1986 facta
3645 1946 3783 1988 sunt.

2197 2018 2511 2073 Translator
2532 2029 2668 2084 esto,
2703 2036 2813 2074 non
2841 2020 3090 2075 conditor
3111 2021 3457 2092 antiquorum
3488 2034 3782 2092 gestorum.

2196 2110 2501 2182 Exemplar,
2533 2111 2681 2166 velut
2710 2113 2988 2180 annulum,
3018 2113 3155 2168 ceris
3201 2114 3486 2184 imprime;
3540 2125 3598 2170 ut
3651 2117 3786 2171 sicut

2196 2205 2376 2260 vultus
2401 2220 2655 2274 expressa
2679 2221 2786 2258 non
2823 2215 3049 2275 possunt
3085 2207 3236 2275 signa
3276 2206 3546 2275 refugere,
3575 2209 3646 2262 ita
3678 2227 3785 2263 ma-

2197 2314 2298 2352 ntts
2321 2307 2409 2352 tua
2437 2298 2504 2352 ab
2533 2298 2843 2354 authentico
2872 2308 3106 2368 nequeat
3131 2300 3461 2371 discrepare.
3494 2300 3646 2367 Quod
3669 2304 3712 2357 si
3735 2312 3784 2359 te

2197 2393 2390 2464 aliquis
2408 2393 2587 2462 iniqua
2617 2394 2964 2463 subreptione
2988 2394 3784 2465 traduxerit,-quemadmodum

2198 2483 2250 2537 itt
2281 2483 2384 2536 alia
2407 2499 2567 2538 causa
2599 2483 2694 2538 tibi
2718 2484 3025 2552 acquiescat
3047 2484 3210 2548 credi,
3235 2500 3393 2554 quem
3423 2485 3522 2540 scit
3549 2487 3786 2556 potuisse

2197 2576 2514 2646 corrumpi?
2537 2575 2817 2645 lmpugnat
2847 2583 2900 2630 te
2930 2575 3115 2630 fraude
3136 2591 3260 2640 sua;
3285 2585 3341 2630 et
3366 2575 3519 2632 facile
3565 2577 3786 2632 convin-

2198 2665 2291 2732 cit,
2322 2682 2480 2735 quem
2508 2667 2560 2720 in
2586 2682 2688 2720 una
2737 2676 2889 2736 parte
2919 2667 3150 2737 decepit.
3199 2668 3332 2720 Ama
3381 2667 3666 2737 justitiam,
3719 2669 3785 2726 de

2198 2772 2304 2826 qua
2331 2772 2490 2811 nemo
2515 2757 2758 2826 queritur
2782 2773 2796 2823 ;
2830 2765 2888 2811 ut
2915 2757 3079 2812 etiam
3103 2757 3271 2811 iratus
3317 2759 3684 2814 testimonium
3711 2777 3784 2814 sa-

2198 2847 2349 2902 labre
2363 2849 2542 2919 possit
2571 2848 2768 2913 dicere,
2801 2849 2891 2918 qui
2942 2858 2992 2904 te
3039 2848 3305 2903 incassum
3344 2851 3513 2905 voluit
3549 2851 3779 2906 deviare.

2198 2937 2476 2993 Publicum
2504 2947 2584 2993 est
2610 2953 2770 2992 omne
2799 2939 2942 3009 quod
2987 2939 3197 3005 feceris,
3238 2940 3363 2996 dum
3394 2950 3487 2996 aut
3540 2942 3780 2997 laudatus

2196 3032 2448 3103 gratiatn,
2478 3038 2570 3086 aut
2598 3041 2883 3088 accusatus
2911 3033 3151 3089 invenire
3173 3034 3345 3104 possis
3371 3034 3646 3091 offensam.

2725 3233 3057 3291 EPISTOLA
3088 3232 3248 3290 ᾸΧΙΙ.

2270 3368 2702 3410 ΡιιονιΝειΑιιιιυε
2731 3369 2919 3409 ιόΤκΙιΕ
2949 3369 3190 3409 ειεΝΑτοιι
3215 3368 3537 3410 PREFECTUS
3580 3366 3715 3409 Pu-

2890 3441 3069 3481 TORIO.

2197 3538 2350 3595 Jubet
2380 3549 2436 3593 ut
2467 3539 2710 3594 tributum
2732 3542 2782 3594 in
2811 3542 2948 3606 vino,
2993 3541 3106 3595 oleo
3153 3549 3202 3593 et
3223 3541 3415 3608 tritico,
3468 3541 3647 3611 quibus
3690 3542 3784 3596 hac

2269 3629 2408 3683 anno
2439 3613 2699 3680 prouincia
2723 3612 3036 3674 abundabat,
3063 3613 3294 3676 solvant;
3327 3614 3482 3683 198
3539 3623 3586 3664 et
3634 3614 3783 3666 mittit

2269 3681 2605 3736 Laurentium
2639 3698 2750 3735 cum
2781 3683 3090 3755 pecunia_ad
3116 3681 3368 3755 majorem
3386 3681 3649 3755 Ejusmodi
3679 3754 3682 3755 ν
3707 3700 3782 3735 re-

2268 3770 2380 3826 rum
2405 3769 2670 3826 numerum
2693 3753 3098 3820 comparandum
3122 3752 3520 3826 Ravcnttamque
3542 3754 3782 3809 devehen-

2269 3824 2412 3877 dum.
2440 3821 2566 3876 Tum
2596 3825 2736 3877 illam
2768 3826 3086 3892 provinciam
3106 3834 3347 3878 accurate
3367 3821 3618 3897 depingit.

2270 3933 2529 4006 Expensae
2554 3935 2778 4006 publica:
2796 3937 3006 3992 diversa
3039 3947 3341 4007 temporum
3370 3938 3630 3993 varietate
3673 3940 3788 3994 titu-

2197 4026 2410 4091 bantes,
2434 4026 2534 4081 hac
2557 4026 2769 4082 ratione
2789 4043 2848 4082 se
2869 4036 3122 4097 poterunt
3149 4029 3448 4094 continere,
3496 4030 3540 4083 si
3566 4045 3787 4100 proven-

2200 4126 2311 4172 tum
2334 4117 2576 4172 locorum
2593 4126 2849 4186 sequatur
2869 4118 3155 4173 salubritas
3169 4121 3494 4188 jussionunt.
3515 4121 3626 4175 Illic
3647 4121 3784 4175 enim

2196 4211 2370 4270 facilis
2391 4223 2474 4268 est
2499 4215 2826 4282 procuratio,
2857 4214 2945 4270 ubi
2972 4213 3136 4269 fuerit
3160 4214 3366 4272 fruetus
3396 4217 3632 4271 uberior.
3656 4215 3784 4270 Nam

2195 4305 2242 4361 si
2271 4306 2536 4362 indicatur
2567 4303 2753 4376 [Juret.
2789 4307 2914 4378 legit
2943 4305 3219 4378 indicitur]
3249 4308 3393 4376 quod
3423 4309 3680 4363 sterilitas
3717 4308 3790 4376 je-

2188 4397 2323 4469 juna
2352 4399 2656 4468 denegavit,
2691 4408 2817 4454 tunc
2844 4407 2899 4454 et
2925 4400 3203 4468 provincia
3230 4401 3464 4469 lmditur,
3491 4409 3547 4456 et
3570 4401 3788 4455 effectus

2196 4489 2448 4559 Optabilis
2483 4505 2590 4544 non
2628 4489 2874 4544 habetur.
2907 4489 3337 4547 Commeantium
3367 4492 3530 4560 igitur
3569 4501 3786 4546 attesta-

2198 4579 2344 4634 tione
2366 4580 2669 4648 didicimus,
2699 4579 2908 4636 Istriam
2937 4583 3272 4652 provinciam
3310 4599 3340 4636 a
3366 4583 3539 4637 tribus
3566 4585 3787 4653 egregiis

2197 4667 2465 4727 fructibus
2494 4673 2594 4727 sub
2620 4672 2778 4728 laude
2813 4675 3165 4741 nominatam,
3194 4675 3374 4730 divino
3397 4692 3620 4731 munere
3673 4691 3786 4746 gra-

2193 4761 2392 4830 vidam,
2424 4763 2550 4830 vini,
2581 4764 2706 4831 olei,
2742 4766 2822 4821 vel
2849 4767 3031 4827 tritici.
3064 4768 3312 4836 praesenti
3361 4785 3506 4823 anno
3550 4769 3784 4824 fecundi-

2196 4862 2306 4909 tate
2333 4855 2610 4924 gratulari.
2642 4856 2709 4911 Et
2737 4857 2858 4914 ideo
2889 4868 3220 4916 memoratas
3248 4861 3459 4932 species
3488 4863 3542 4918 in
3575 4871 3655 4916 tot
3705 4877 3787 4916 so-

2195 4945 2332 5000 lidos
2357 4947 2483 5002 date
2508 4963 2610 5018 pro
2632 4949 2916 5004 tributaria
2946 4951 3245 5019 functioue,
3273 4954 3366 5022 qui
3387 4955 3542 5010 vobis
3571 4954 3640 5010 de
3667 4969 3789 5025 pra:-

2196 5037 2334 5092 senti
2350 5039 2520 5107 prima
2541 5039 2830 5098 indictione
2857 5043 3030 5113 (Anno
3061 5042 3254 5099 Christi
3275 5045 3404 5115 558)
3427 5029 3743 5116 reputentur
3771 5063 3782 5098 :

2194 5129 2399 5198 reliqua
2417 5146 2544 5187 vero
2573 5141 2794 5203 propter
2819 5135 3090 5190 solemnes
3143 5151 3410 5208 expensas
3437 5138 3783 5207 relinquimus

2195 5219 2404 5278 devota:
2447 5224 2752 5293 provincia-3.
2813 5226 2921 5282 Sed
2976 5230 3230 5299 quoniam
3282 5231 3438 5285 nobis
3481 5231 3533 5284 in
3588 5230 3787 5298 majore

2197 5327 2405 5368 summa
2434 5322 2558 5368 sunt
2579 5318 2864 5384 quaerenda
2886 5333 3007 5388 quae
3022 5319 3272 5384 diximus,
3299 5330 3379 5376 tot
3405 5323 3608 5378 solidos
3629 5322 3787 5376 etiam

2197 5402 2265 5458 de
2285 5421 2411 5462 arca
2441 5416 2625 5464 nostra
2658 5411 3067 5477 transmisimus,
3103 5422 3161 5466 ut
3188 5429 3276 5469 res
3303 5417 3622 5471 necessaria:
3673 5415 3788 5469 sine

2198 5506 2378 5554 vestro
2406 5500 2688 5571 dispendio
2712 5503 2981 5559 uberrime
3001 5505 3232 5562 debeant
3277 5511 3616 5580 congregari.
3662 5508 3790 5564 Fre-

2197 5603 2425 5660 quenter
2451 5594 2617 5658 enim,
2639 5594 2764 5650 dum
2796 5598 3070 5654 extraneis
3119 5602 3381 5668 urgemini
3412 5603 3666 5669 vendere,
3701 5617 3788 5659 so-

580 5800 1100 5882 fSimili_loctttione
1118 5804 1272 5873 dixit,
1307 5817 1474 5862 sacra:
1495 5803 1751 5878 jussionis
1784 5804 2100 5876 reverenda,
2133 5791 2226 5861 lib.
2263 5819 2351 5870 ιιι,
2389 5802 2674 5876 epist,15;
2732 5811 2816 5871 et,
2864 5804 3129 5879 stupenda
3181 5805 3525 5874 meritorum,
3573 5806 3670 5865 lib.
3709 5818 3784 5882 ιν,

506 5870 667 5947 epist.
707 5873 759 5928 4.
790 5872 909 5931 Jun.
