4006 6462
182 441 304 500 873

1483 435 1848 496 VARIARUM
1885 433 2091 493 LIBER
2126 433 2241 492 XII.

3384 422 3496 490 87‘

182 556 319 612 letis
340 553 535 610 damna
555 553 790 623 sentire;
812 567 880 611 eo
899 551 1200 626 praesertim
1231 559 1497 626 tempore,
1526 567 1650 611 cum
1689 569 1791 610 νος
1819 558 1870 618 Α
1898 550 2201 608 actionibus
2229 547 2508 616 adhibere,
2529 557 2590 605 ut
2610 544 2768 608 facile
2796 541 2968 622 possit
2986 547 3201 622 impleri
3227 549 3372 620 quod
3401 549 3504 607 sub

184 649 278 705 bis
305 648 622 720 peregrinus
649 656 865 719 emptor
892 655 1113 719 ereptus
1140 655 1253 716 est;
1275 655 1331 704 et
1355 663 1535 703 rarum
1583 655 1669 704 est
1695 660 1795 701 au-

185 758 318 797 rum
364 755 581 812 capere,
647 740 862 812 quando
922 747 1255 796 mercatores
1299 739 1622 810 cognoscitis
1683 752 1794 793 non

188 833 409 888 adesse.
440 833 656 898 Quanto
683 847 816 888 vero
837 831 1031 888 melius
1055 841 1140 887 est
1158 846 1350 903 parere
1365 830 1614 898 dominis,
1634 845 1797 901 quam

189 935 455 997 praestare
501 925 805 997 longinquis
829 967 845 994 ,
902 933 959 981 et
1001 925 1184 981 debita
1231 924 1492 981 fructibus
1563 922 1796 991 solvere,

189 1034 363 1090 quam
393 1019 687 1076 ementium
716 1018 932 1075 fastidia
953 1017 1251 1074 sustinere!
1306 1015 1591 1072 Prodimus
1635 1015 1799 1071 etiam

190 1128 388 1169 amore
413 1111 636 1183 justitia:
671 1110 820 1183 quod
849 1112 1007 1170 nobis
1033 1124 1325 1181 suggerere
1352 1109 1652 1183 poteratis;
1674 1109 1801 1179 quia

193 1205 254 1260 in
282 1207 462 1278 pretio
501 1206 699 1261 laedere
738 1221 847 1262 non
869 1205 1152 1270 debemus,
1180 1205 1323 1262 unde
1349 1205 1633 1262 naulorum
1659 1218 1800 1275 prae-

192 1289 498 1354 bitionibus
522 1313 632 1353 non
651 1312 960 1368 gravamur.
988 1295 1082 1354 Est
1103 1297 1248 1354 enim
1274 1298 1521 1370 proxima
1542 1295 1696 1353 vobis
1723 1311 1807 1352 re-

195 1389 292 1459 gio
322 1405 485 1460 supra
513 1389 690 1444 sinum
717 1390 881 1445 maris
901 1389 1038 1446 Ionii
1065 1390 1380 1458 constituta,
1402 1389 1560 1446 olivis
1582 1387 1805 1458 referta,

195 1483 482 1551 segetibus
505 1490 715 1548 ornata,
747 1482 859 1538 vite
880 1481 1141 1554 copiosa:
1175 1483 1266 1539 ubi
1293 1482 1446 1554 quasi
1474 1482 1648 1539 tribus
1674 1481 1809 1537 ube-

198 1573 385 1639 ribus,
416 1573 635 1645 egregia
660 1573 909 1631 ubertate
937 1573 1163 1646 largitis,
1205 1573 1382 1631 omnis
1421 1573 1628 1630 fructus
1654 1582 1810 1645 opta-

197 1664 301 1720 bili
331 1663 663 1722 fecunditate
685 1664 963 1737 proﬂuxit.
1004 1665 1136 1734 Qua:
1157 1682 1268 1724 non
1321 1667 1591 1724 immerito
1616 1665 1813 1723 dicitur

201 1757 492 1816 Ravennae
519 1758 838 1831 Campania,
866 1757 1014 1815 urbis
1059 1759 1223 1829 regiae
1263 1758 1400 1815 cella
1430 1758 1678 1830 penaria,
1699 1773 1800 1814 vo-

198 1849 465 1923 luptuosa
495 1852 656 1908 nimis
681 1859 738 1907 et
763 1850 1020 1907 deliciosa
1049 1851 1330 1921 digressio,
1380 1850 1576 1906 fruitur
1629 1850 1687 1907 in
1712 1850 1810 1906 Se-

1902 646 2187 703 sterilitate
2215 645 2475 716 temporis
2501 644 2940 716 videturinquili.
2970 643 3029 700 In
3054 643 3383 700 abundantia
3411 659 3504 700 rc-

1902 756 2023 797 rum
2037 739 2289 812 quaelibet
2303 754 2362 795 se
2387 745 2570 810 potest
2593 738 2848 810 expedire
2873 754 3140 811 persona;
3163 739 3350 795 electis
3372 753 3510 811 opus

1903 843 1987 892 est
2008 835 2293 905 militibus,
2321 850 2446 891 cum
2474 831 2639 890 fuerit
2657 833 2994 891 necessitatis
3020 833 3297 904 impulsus.
3333 832 3512 901 Atque

1903 927 2029 986 ideo
2049 927 2438 1000 experientiam
2467 924 3043 997 tuam,'frequentibus
3091 925 3357 993 nobisque
3414 923 3510 976 tali

1903 1021 2195 1078 devotione
2219 1021 2604 1092 gratissimam,
2633 1019 2704 1075 ad
2730 1019 2939 1074 Istriam
2982 1017 3316 1090 provinciam
3361 1015 3519 1085 jube.

1903 1130 2026 1172 mus
2051 1129 2378 1182 excurrere;
2405 1123 2466 1170 ut
2491 1113 2546 1170 in
2574 1119 2658 1168 tot
2682 1111 2886 1168 solidos
2914 1110 3048 1180 vini,
3076 1108 3204 1176 olei,
3234 1107 3321 1164 vel
3350 1106 3517 1162 tritici

1904 1207 2115 1280 species
2138 1207 2206 1264 de
2226 1207 2512 1264 tributario
2531 1204 2706 1262 solido
2725 1203 2924 1260 debeas
2942 1215 3236 1274 procurare
3269 1218 3283 1254 :
3308 1199 3362 1254 in
3394 1198 3520 1252 aliis

1906 1315 2041 1356 vero
2071 1307 2155 1355 tot
2178 1297 2387 1366 solidis,
2418 1312 2556 1368 quos
2577 1313 2610 1352 a
2639 1305 2825 1352 nostro
2849 1291 3384 1364 arcariopercepisti,
3404 1297 3517 1343 tam

1909 1407 1942 1448 a
1971 1390 2400 1462 negotiatoribus
2448 1403 2611 1459 quam
2633 1402 2664 1442 a
2691 1386 3094 1458 possessoribus
3135 1399 3318 1440 emere
3346 1391 3523 1437 matu-

1909 1484 2076 1553 rabis,
2101 1485 2240 1541 sicut
2259 1490 2315 1539 te
2332 1498 2364 1538 a
2393 1481 2715 1539 numerariis
2739 1479 2995 1536 instruxit
3021 1485 3274 1549 porrecta
3303 1475 3519 1532 notitia.

1912 1577 2259 1650 Quapropter
2286 1578 2434 1649 erige
2453 1590 2598 1633 nunc
2625 1575 2835 1632 animos
2848 1573 2916 1629 ad
2935 1572 3257 1644 parendum,
3285 1570 3379 1640 qui
3407 1577 3524 1625 tann

1915 1672 1986 1729 tis
2018 1671 2258 1728 excubiis
2286 1671 2572 1728 indiscreta
2601 1677 2749 1726 sorte
2787 1667 3056 1740 placuisti.
3107 1666 3411 1723 Admoneat
3467 1672 3527 1720 te

1917 1764 2115 1834 prioris
2142 1761 2571 1820 conversationis
2591 1759 2919 1831 exemplum,
2968 1757 3097 1830 quia
3147 1756 3308 1813 nimis
3359 1767 3527 1824 grave

1919 1864 2005 1912 est
2043 1857 2331 1913 emeritum
2359 1855 2696 1926 delinquere,
2742 1869 2903 1924 quem
2942 1853 3176 1909 tironem
3218 1850 3526 1906 nullatenus

200 1945 526 2016 ptentrione
549 1958 838 2016 progressa
866 1944 992 2000 caeli
1020 1942 1334 1998 admiranda
1384 1943 1667 2016 temperie.
1708 1942 1818 2000 Ha—
1846 1953 1897 2018 Β
1922 1954 2137 2004 constat
2163 1960 2395 2003 errasse.
2426 1945 2611 2012 Qualis
2633 1951 2813 2000 autem
2851 1942 3281 2016 supradictarum
3309 1941 3525 2014 specie-

205 2035 308 2093 bet
333 2043 391 2092 et
411 2036 695 2107 quasdam,
725 2050 835 2093 non
885 2035 1117 2092 absurde
1155 2035 1416 2101 dixerim,
1468 2034 1619 2106 bajas
1671 2051 1819 2108 suas,

202 2130 308 2186 ubi
339 2129 610 2187 undosum
629 2144 802 2196 mare,
823 2136 1068 2184 terrenas
1089 2129 1463 2186 concavitatcs
1491 2128 1820 2200 ingrediens,

204 2223 272 2280 in
312 2222 509 2278 faciem
538 2222 791 2278 decoram
817 2223 994 2293 stagni
1018 2222 1328 2294 aequalitate
1356 2222 1662 2295 deponitur.
1693 2222 1824 2280 Haec

205 2316 340 2374 loca
363 2324 419 2372 et
435 2315 747 2387 garismatia
775 2315 930 2387 plura
952 2316 1214 2383 nutriunt,
1235 2323 1290 2372 et
1315 2315 1546 2387 piscium
1574 2317 1824 2372 ubertate

206 2407 538 2478 gloriantur.
562 2407 812 2465 Avernus
833 2408 906 2463 ibi
928 2422 1037 2463 non
1058 2423 1196 2464 unus
1225 2416 1330 2464 est.
1361 2407 1671 2466 Numerosa:
1692 2421 1825 2465 eon-

207 2497 521 2572 Epiciuntur
544 2499 767 2572 piscinae
789 2497 1071 2570 Neptuniae
1098 2516 1111 2552 :
1142 2499 1355 2570 quibus,
1389 2499 1556 2557 etiam
1577 2509 1826 2558 cessante

211 2593 505 2661 industria,
538 2593 739 2664 passim
771 2599 951 2650 ostrea
977 2600 1277 2649 nascuntur
1329 2593 1555 2663 injussa.
1604 2592 1696 2652 Sic
1723 2609 1825 2652 nec

211 2690 456 2745 studium
485 2690 540 2745 in
565 2690 887 2756 nutriendis,
918 2705 1020 2746 nec
1056 2689 1302 2747 dubietas
1324 2691 1381 2746 in
1401 2693 1678 2764 capiendis
1696 2708 1828 2764 pro-

210 2782 383 2838 batur
403 2798 524 2839 esse
551 2783 779 2839 deliciis.
809 2782 1246 2855 Praetorialonge
1261 2785 1480 2858 lateque
1507 2785 1743 2843 lucentia
1770 2787 1830 2844 in

211 2875 637 2946 margaritarum
659 2874 896 2946 speciem
925 2883 1084 2946 putes
1108 2891 1228 2932 esse
1247 2876 1545 2949 disposita;
1594 2885 1654 2932 ut
1702 2878 1829 2935 hinc

212 2974 484 3038 appareat
510 2965 689 3038 qualia
714 2964 912 3022 fuerint
958 2967 1101 3023 illius
1127 2968 1420 3040 provinciae
1461 2969 1726 3040 majorum
1742 2969 1832 3041 ju-

210 3059 383 3127 dicia,
414 3074 580 3130 quam
610 3057 773 3113 tantis
801 3057 1018 3116 fabricis
1046 3068 1262 3116 constat
1294 3068 1562 3117 ornatam.
1599 3061 1828 3119 Additur

217 3150 396 3206 etiam
425 3150 502 3204 illi
530 3148 702 3204 littori
744 3147 880 3205 ordo
917 3151 1316 3221 pulcherrimus
1358 3151 1678 3219 insularum,
1737 3153 1830 3225 qui

212 3241 442 3296 amabili
470 3241 703 3297 utilitate
727 3239 1043 3314 dispositus,
1061 3253 1119 3302 et
1137 3262 1168 3302 a
1194 3246 1448 3318 periculis
1473 3247 1713 3304 vindicat
1736 3263 1831 3304 na»

1925 2035 2054 2097 rum
2075 2040 2296 2096 ubertas
2319 2052 2380 2094 se
2405 2045 2590 2108 optata
2619 2035 2902 2102 laxaverit,
2936 2034 3118 2091 veraci
3163 2033 3338 2099 nobis,
3371 2039 3432 2087 ut
3457 2031 3530 2088 de

1926 2138 1983 2188 te
2009 2130 2298 2198 credimus,
2331 2129 2601 2185 relatione
2619 2127 2889 2198 significa,
2924 2137 2986 2182 ut
3013 2141 3112 2182 nos
3138 2126 3324 2182 habito
3362 2124 3528 2181 modo

1925 2215 2264 2280 constituere
2290 2220 2582 2277 debeamus
2608 2217 2754 2290 quod
2779 2233 2881 2275 nec
2931 2217 3291 2288 provinciales
3337 2213 3527 2286 laedat,

1926 2333 2029 2376 nec
2052 2316 2296 2391 publicas
2315 2330 2544 2388 gravare
2570 2315 2744 2388 possit
2782 2329 3068 2386 expensas.

2360 2459 2368 2468 '
2466 2443 2798 2505 EPISTOLA
2837 2445 3024 2504 XXIV.

2267 2578 2641 2621 ιΑιιιτιιιοιωιι
2690 2577 2934 2620 SENATOR
2969 2577 3294 2621 PREFECTUS
3355 2577 3496 2620 PRE-

2672 2649 2852 2692 'I’OIIIO.

1927 2727 2084 2786 Iubet
2103 2738 2160 2784 ut
2187 2746 2342 2784 naves
2371 2735 2555 2799 parent
2603 2727 2672 2799 ad
2726 2727 2902 2799 vinum
2954 2738 3006 2799 ᾳ
3043 2729 3210 2783 oleum
3261 2745 3327 2783 ea:
3365 2727 3533 2783 Istria

2000 2801 2267 2871 provincia
2285 2797 2588 2871 Ravennam
2617 2797 2930 2871 devehenda.
2959 2797 3090 2871 Tum
3117 2799 3181 2853 de
3200 2800 3534 2870 navigatione

2003 2868 2055 2996 ξι
2075 2881 2352 2925 nautarum
2373 2869 2569 2939 labore,
2591 2869 2851 2940 praecipue
2890 2868 2947 2922 in
2967 2870 3150 2924 salinis
3198 2868 3529 2940 exercendis,

2041 2942 2232 2998 ἔδεεν-ξι.
2684 2956 2695 2968 ί

1964 2580 2206 2624 τιωυιίιε

2005 3057 2138 3112 Data
2166 3055 2371 3129 pridem
2388 3056 2652 3127 jussione,
2683 3055 2990 3112 censuimus
3020 3062 3080 3112 ut
3128 3055 3283 3114 Istria
3311 3055 3421 3113 vini
3475 3066 3533 3113 et

1933 3150 2042 3209 olei
2062 3150 2293 3223 species,
2345 3164 2574 3222 quarum
2619 3149 2875 3221 praesenti
2926 3164 3069 3206 anno
3115 3151 3270 3221 copia
3320 3148 3532 3206 indulta

1932 3241 2244 3317 perfruitur,
2276 3241 2345 3298 ad
2369 3241 2742 3299 Ravennatem
2767 3240 2998 3299 feliciter
3017 3241 3274 3315 dirigeret
3291 3245 3532 3300 mansio-

211 3351 337 3403 ves,
351 3345 407 3391 et
425 3335 560 3391 ditat
581 3349 774 3406 magna
812 3336 1062 3395 ubertate
1112 3340 1372 3397 cultores.
1425 3339 1622 3398 Relicit
1667 3343 1830 3414 plane
1854 3351 1904 3418 ο
1932 3352 2079 3394 nem.
2111 3335 2220 3393 Sed
2245 3352 2364 3405 vos,
2395 3337 2488 3408 qui
2515 3351 2803 3394 numerosa
2822 3337 3035 3407 navigia
3071 3337 3126 3394 in
3154 3337 3270 3408 ejus
3290 3337 3529 3397 confinio

214 3426 621 3487 Comitatenses
641 3433 917 3500 excubias,
940 3431 1102 3487 Italiae
1126 3440 1286 3488 ornat
1309 3432 1616 3506 imperium,
1635 3434 1831 3506 prima-

217 3527 307 3576 tes
332 3520 565 3587 deliciis,
595 3523 896 3580 mediocres
919 3523 1232 3579 victualium
1255 3524 1431 3594 pascit
1458 3524 1742 3596 expensis;
1774 3532 1832 3582 et

217 3614 370 3683 quod
395 3612 504 3670 illic
530 3615 787 3685 nascitur,
811 3631 952 3689 pene
999 3623 1173 3674 totum
1204 3615 1258 3671 in
1301 3616 1437 3672 urbe
1491 3617 1638 3686 regia
1685 3616 1827 3690 [Ac.,

217 3703 516 3779 praecipua]
541 3707 866 3778 possidetur.
887 3707 1112 3763 Praestet
1125 3722 1269 3763 nunc
1283 3707 1465 3779 copias
1477 3723 1600 3765 suas
1613 3717 1826 3779 sponte,

217 3799 398 3870 magis
423 3799 621 3858 devota
651 3803 933 3874 provincia
957 3803 1188 3874 amplius
1209 3812 1421 3874 pareat,
1473 3803 1600 3859 dum
1644 3819 1831 3875 spera-

221 3897 310 3946 tur
334 3909 350 3960 ;
379 3893 596 3962 quando
625 3895 933 3964 gratissime
958 3895 1211 3963 faciebat,
1237 3893 1363 3950 dum
1417 3894 1639 3951 minime
1693 3910 1830 3966 quae-

217 3991 458 4040 reretur.
492 3985 600 4043 Sed
625 4001 694 4043 ne
724 3987 904 4059 aliqua
947 3987 1282 4057 jussionibus
1331 3987 1533 4044 nostris
1582 3987 1830 4045 dubietas

221 4086 564 4146 nasceretur,
588 4078 960 4148 Laurentium,
979 4082 1153 4136 virum
1176 4081 1722 4151 experientissimum,
1773 4090 1831 4139 et

219 4175 436 4243 magnis
463 4172 621 4231 nobis
666 4175 721 4232 in
742 4174 1053 4246 reipublicae
1091 4175 1364 4230 laboribus
1393 4175 1825 4246 comprobatum,

220 4279 344 4321 cum
379 4267 632 4337 praesenti
677 4268 1006 4324 auctoritate
1045 4267 1362 4336 direximus,
1423 4275 1481 4322 ut
1533 4266 1830 4323 secundum

220 4358 425 4417 breves
453 4359 640 4417 subter
661 4377 906 4419 annexos
953 4361 1332 4417 incunctanter
1389 4359 1640 4430 expediat
1685 4358 1831 4430 quod

224 4452 325 4508 sibi
358 4468 460 4523 pro
481 4454 734 4526 expensis
763 4453 990 4526 publicis
1032 4451 1328 4522 injunctum
1379 4466 1500 4507 esse
1527 4450 1825 4518 cognoscit.

224 4540 383 4599 Nunc
414 4553 706 4615 procurate
739 4561 860 4616 quae
884 4543 1033 4615 jussa
1058 4551 1200 4599 sunt.
1224 4543 1334 4599 Vos
1363 4544 1506 4599 enim
1535 4543 1710 4598 tacitis
1737 4542 1830 4599 de-

223 4644 415 4690 votum
444 4636 695 4706 militem,
721 4653 844 4693 eum
904 4637 1136 4692 libenter
1190 4635 1460 4708 suscipitis
1511 4634 1827 4706 jussionem.

1931 3428 2244 3502 possidetis,
2276 3430 2392 3500 pari
2413 3428 2719 3486 devotionis
2744 3429 2918 3498 gratia
2943 3428 3248 3500 providete,
3277 3439 3339 3486 ut
3382 3432 3532 3502 quod

1931 3522 2023 3579 ila
2052 3531 2242 3596 parata
2287 3531 2372 3580 est
2424 3522 2660 3588 tradere,
2689 3537 2787 3580 vos
2830 3521 3094 3579 studeatis
3122 3523 3223 3582 sub
3251 3525 3532 3582 celeritate

1929 3627 2169 3692 portare.
2203 3617 2405 3674 Similis
2437 3617 2540 3674 erit
2559 3617 2759 3689 quippe
2777 3616 3022 3687 utrisque
3049 3617 3220 3688 gratia
3249 3617 3532 3690 perfectio-

1930 3714 2034 3779 nis,
2069 3713 2227 3784 199
2252 3709 2470 3782 quando
2498 3725 2665 3765 unum
2710 3724 2779 3765 ex
2806 3709 2892 3764 bis
2921 3709 3268 3766 dissociatum
3316 3712 3530 3783 impleri

1930 3821 2041 3864 non
2065 3804 2325 3876 permittit
2347 3802 2616 3860 ellectum.
2643 3801 2829 3860 Estote
2865 3817 2995 3873 ergo
3046 3804 3436 3875 promptissimi
3459 3803 3531 3859 ad

1930 3897 2128 3965 vicina,
2153 3895 2246 3968 qui
2271 3911 2414 3968 saepe
2441 3895 2617 3967 spatia
2648 3895 3010 3951 transmittitis
3036 3893 3529 3953 inﬁnita.Perbos—

1931 3990 2064 4063 pitia
2093 3987 2500 4061 quodammodo
2530 3997 2711 4045 vestra
2761 3986 3080 4054 discurritis,
3136 3987 3228 4057 qui
3274 4002 3375 4058 per
3411 4004 3514 4059 pa-

1932 4086 2090 4141 triam
2120 4083 2404 4152 navigatis.
2461 4081 2688 4139 Accedit
2740 4079 2905 4134 etiam
2958 4077 3258 4134 commodis
3311 4079 3526 4147 vestris,

1930 4177 2076 4248 quod
2101 4175 2255 4231 vobis
2280 4174 2422 4228 aliud
2478 4173 2583 4228 iter
2628 4171 2868 4242 aperitur
2928 4177 3189 4242 perpetua
3237 4171 3532 4226 securitate

1931 4267 2300 4337 tranquillum.
2323 4265 2458 4320 Nam
2485 4279 2608 4320 cum
2629 4263 2802 4319 ventis
2825 4261 3168 4320 saevientibus
3195 4278 3347 4319 mare
3367 4263 3532 4320 fuerit

1930 4360 2195 4426 clausum,
2227 4359 2314 4414 via
2332 4357 2488 4414 vobis
2515 4356 2768 4428 panditur
2805 4371 2905 4428 per
2931 4357 3297 4414 ammnissima
3339 4356 3531 4415 ﬂuvio-

1930 4467 2072 4507 rum.
2105 4449 2316 4507 Carinae
2345 4458 2540 4505 vestrae
2561 4447 2721 4504 ﬂatus
2768 4463 2990 4521 asperos
3038 4465 3146 4506 non
3194 4462 3527 4523 pavescunt;

1933 4552 2134 4600 terram
2156 4558 2283 4599 cum
2328 4556 2537 4599 summa
2558 4541 2821 4598 felicitate
2848 4543 3193 4614 contingunt;
3243 4552 3299 4602 et
3350 4549 3531 4618 perire

1931 4638 2201 4705 nesciunt,
2233 4649 2354 4708 quae
2377 4635 2689 4706 frequenter
2734 4636 3056 4708 impingunt.
3106 4637 3370 4696 Putantur
3389 4643 3527 4698 emi-

228 4721 409 4782 Pretia
432 4743 562 4785 vero
584 4727 740 4784 vobis
769 4727 1047 4784 moderata
1073 4728 1319 4798 sequenti
1349 4727 1594 4798 jussione
1647 4727 1829 4783 decla-
1854 4753 1910 4815 Β
1933 4745 2033 4786 nus
2059 4727 2212 4798 quasi
2227 4741 2325 4798 per
2339 4735 2495 4797 prata
2508 4725 2660 4796 ferri,
2681 4738 2803 4782 cum
2832 4741 3020 4783 eorum
3040 4730 3529 4800 contingitalveum

225 4819 634 4890 rabimus,cum
681 4820 838 4876 nobis
881 4819 1098 4891 gerulus
1137 4819 1482 4891 praesentium
1535 4819 1830 4876 nativitatis
1933 4833 2044 4875 non
2065 4818 2259 4873 videri.
2311 4815 2520 4872 Tracta:
2560 4816 2776 4873 funibus
2799 4817 3096 4885 ambulant,
3123 4833 3242 4890 quae
3263 4829 3410 4878 stare
3440 4840 3532 4877 ru-

228 4910 450 4964 modum
479 4910 643 4966 missa
673 4910 937 4966 relatione
966 4911 1309 4982 suggesserit.
1331 4911 1525 4966 Taxari
1555 4911 1700 4968 enim
1731 4911 1830 4968 ali-

227 5001 353 5068 quid
385 5017 493 5058 non
521 5010 704 5073 potest
728 5003 892 5074 juste,
918 5002 1021 5058 nisi
1043 5003 1200 5074 copia
1230 5003 1308 5059 rei
1339 5002 1618 5059 evidenter
1642 5011 1834 5074 potue-

230 5092 297 5147 rit
323 5094 586 5167 indagari.
645 5096 928 5167 Inaequalis
955 5097 1156 5170 quippe
1183 5104 1268 5154 est
1291 5097 1522 5165 arbiter,
1580 5099 1672 5169 qui
1714 5113 1831 5155 sen-

230 5190 453 5245 tentiam
489 5191 656 5246 mittit
683 5190 737 5247 in
791 5207 976 5247 casum
1031 5193 1176 5266 [ms.,
1222 5191 1562 5264 incassum];
1608 5200 1663 5247 et
1702 5193 1830 5248 mali

231 5279 329 5337 sibi
398 5285 660 5355 probatur
736 5286 1008 5352 conscius,
1079 5285 1172 5357 qui
1218 5293 1301 5342 est
1348 5285 1699 5342 indeliberata
1748 5283 1829 5340 di-

232 5380 433 5433 cturus.

752 5513 1082 5573 EPISTOLA
1130 5513 1316 5572 XXIII.

299 5662 601 5710 LAURENTIO
627 5666 752 5709 m0
780 5667 1256 5709 EXPERIENTISSIIO
1277 5666 1518 5709 SENATOII
1555 5668 1768 5710 PRAEFE-

797 5741 931 5782 ΕΤῢὸ
961 5740 1262 5781 ΡΙΜΕΤΟΒῙΟ.

233 5822 474 5908 praecipit
501 5847 557 5894 ut
581 5837 794 5894 Istriam
819 5841 1134 5909 provinciam
1165 5841 1358 5909 vinum,
1377 5839 1545 5898 oleum
1569 5842 1824 5898 triticum-

749 5928 844 5984 que
864 5923 1129 5984 empturus
1149 5919 1310 5985 petat.

281 6020 624 6087 Deliberatio
649 6025 859 6120 judicis
877 6030 1138 6120 probatos
1189 6031 1337 6090 viros
1391 6028 1553 6117 debet
1598 6031 1864 6120 publicis”-

466 6121 750 6207 Parnm,
788 6119 1023 6186 LXIX.

1933 4907 2185 4964 dentibus
2206 4915 2632 4975 consueverunt;
2663 4915 2720 4964 et
2738 4909 3050 4966 conditione
3076 4919 3283 4966 mutata
3306 4911 3532 4983 pedibus

1929 5001 2123 5074 juvant
2167 5001 2419 5059 homines
2471 5015 2638 5058 naves
2685 5017 2811 5058 suas
2843 5020 2856 5057 :
2887 5004 3150 5060 vectrices
3176 5004 3295 5061 sine
3344 5005 3533 5064 labore

1933 5095 2176 5162 trahunt,
2206 5102 2261 5150 et
2288 5109 2389 5166 pro
2418 5093 2604 5150 favore
2627 5093 2871 5151 velorum
2920 5104 3147 5153 utuntur
3197 5112 3360 5168 passu
3402 5115 3535 5171 pro-

1934 5185 2178 5257 speriore
2200 5191 2508 5240 nautarum.
2529 5183 2690 5241 Juvat
2712 5185 2918 5243 referre
2959 5188 3414 5258 quemadmodum
3444 5191 3536 5247 ba-

1933 5280 2225 5338 bitationes
2247 5290 2457 5336 vestras
2502 5282 2634 5337 sitas
2679 5295 2803 5338 esse
2841 5283 3238 5354 prospeximus.
3287 5285 3534 5342 Venetia:
3580 5265 3604 5354 ί

1933 5374 2305 5448 praedicabiles
2319 5373 2591 5446 quondam
2614 5376 2786 5448 plenae
2805 5377 3094 5444 nobilibus,
3117 5377 3188 5434 ab
3215 5387 3400 5438 austro
3424 5381 3537 5438 Ra—
3589 5357 3608 5416 τί

1930 5483 2166 5526 veunam
2197 5465 2512 5540 Padumque
2541 5469 2880 5538 contingunt,
2929 5468 3000 5526 ab
3039 5470 3254 5528 oriente
3275 5470 3535 5544 jucundi-
3591 5451 3600 5460 ’

1930 5569 2045 5618 tate
2068 5559 2206 5618 Ionii
2245 5561 2445 5618 littoris
2490 5561 2879 5633 perfruuntur:
2936 5562 3030 5620 ubi
3081 5564 3326 5623 alternus
3370 5575 3536 5626 aestus

1932 5653 2237 5726 egrediens,
2267 5652 2432 5710 modo
2459 5652 2681 5721 claudit,
2695 5653 2858 5711 modo
2878 5657 3056 5726 aperit
3072 5655 3266 5715 faciem
3290 5659 3536 5732 recipro-

1933 5761 1998 5802 ca
2056 5745 2412 5802 inundatione
2459 5759 2796 5817 camporum.
2872 5746 2975 5804 Hic
3013 5748 3170 5808 vobis
3215 5752 3535 5822 aquatilium

1935 5838 2112 5896 avium
2131 5853 2284 5903 more
2302 5837 2495 5894 domus
2507 5845 2611 5894 est.
2635 5838 2770 5895 Nam
2797 5840 2891 5912 qui
2931 5857 3075 5900 nunc
3105 5847 3394 5910 terrestris,
3420 5861 3535 5902 mo-

1934 5931 2005 5989 do
2030 5932 2272 5989 cernitur
2291 5928 2571 5998 insularis;
2603 5938 2664 5986 ut
2684 5931 2794 5990 illic
2819 5933 2990 6006 magis
3015 5935 3250 5994 aestimes
3275 5951 3394 5994 esse
3421 5935 3533 6008 Cy-

1934 6028 2141 6106 cladas,
2171 6025 2264 6086 ubi
2293 6023 2472 6087 subito
2491 6023 2736 6090 locorum
2757 6026 2922 6090 facies
2947 6029 3175 6101 respicis
3193 6029 3526 6090 immutans.

3075 6122 3154 6196 28
