4006 6454
526 394 662 475 eis

1749 408 1823 468 Μ.
1863 405 2137 468 AURELII
2173 402 2570 466 CASSIODORI

3696 413 3813 469 876

526 530 722 587 Earum
741 524 941 596 quippe
966 523 1317 583 similitudine
1347 540 1445 599 per
1471 539 1687 596 aequora
1717 526 1876 594 longe
1926 534 2114 596 paten—
2141 525 2191 585 Α
2218 533 2464 594 speretur
2482 539 2641 593 posse
2661 517 2845 578 venire
2876 515 3185 593 temperies,
3212 519 3431 591 quando
3470 535 3687 577 menses
3712 526 3814 593 qui

530 624 601 677 tia
632 618 901 676 domicilia
924 618 1173 676 videntur
1200 635 1409 691 sparsa,
1438 635 1557 690 quae
1584 627 1775 676 natura
1803 634 1909 674 non
1939 627 2115 689 protu-

526 717 613 780 lit,
663 711 758 769 sed
805 713 1081 770 hominum
1136 729 1265 772 cura
1320 714 1578 772 fundavit.
1622 714 1919 770 Viminibns
1973 714 2113 769 enim

527 807 852 866 ﬂexibilibus
875 808 1092 880 illigatis
1121 817 1338 866 terrena
1358 808 1465 865 illic
1500 814 1823 878 congregata
1874 805 2117 862 soliditas

528 911 852 973 aggregatur
874 920 890 971 ;
914 911 970 961 et
996 902 1208 958 marino
1256 901 1441 959 ﬂuctui
1480 909 1588 957 tam
1643 899 1847 971 fragilis
1888 899 2116 954 munitio

528 1011 642 1052 non
669 996 942 1053 dubitatur
979 996 1201 1068 opponi,
1223 995 1431 1052 scilicet
1475 994 1691 1064 quando
1746 994 2005 1049 vadosum
2030 992 2118 1046 lit-

524 1095 621 1155 tus
645 1087 817 1144 moles
837 1087 1036 1158 ejicere
1063 1088 1233 1145 nescit
1258 1086 1542 1150 undarum,
1566 1094 1623 1142 et
1646 1087 1761 1141 sine
1784 1086 1987 1140 viribus
2008 1084 2116 1139 fer-

534 1186 625 1234 tur
644 1178 787 1250 qnod
807 1178 1105 1235 altitudinis
1132 1178 1333 1234 auxilio
1379 1193 1489 1233 non
1532 1176 1767 1247 juvatur.
1795 1176 2119 1231 Habitatori-

534 1269 636 1325 bus
656 1270 818 1338 igitur
845 1286 952 1326 una
981 1271 1137 1340 copia
1156 1277 1260 1337 est,
1289 1277 1347 1323 ut
1366 1269 1496 1325 solis
1518 1268 1754 1340 piscibus
1777 1267 2115 1338 expleantur.

534 1359 837 1431 Paupertas
867 1361 939 1416 ibi
966 1377 1089 1416 cum
1118 1360 1369 1415 divitibus
1388 1360 1487 1415 sub
1507 1360 1814 1429 tequalitate
1866 1359 2115 1414 convivit.

538 1450 689 1508 Unus
718 1454 868 1510 cibus
894 1468 1082 1509 omnes
1103 1453 1277 1509 reiicit
1306 1470 1321 1516 ;
1348 1452 1603 1507 habitatio
1629 1452 1819 1507 similis
1872 1451 2118 1505 universa

538 1544 852 1613 concludit;
878 1545 1126 1601 nesciunt
1144 1544 1213 1599 de
1234 1544 1517 1614 penatibus
1538 1544 1797 1610 invidere,
1822 1551 1877 1598 et
1902 1543 2000 1599 sub
2020 1542 2123 1596 hac

536 1650 790 1691 mensura
819 1636 1076 1707 degentes
1097 1637 1334 1692 evadunt
1352 1636 1561 1703 vitium,
1592 1637 1678 1692 cui
1717 1635 1972 1692 mundum
2002 1650 2126 1691 con-

518 1735 645 1809 ‘stat
668 1742 788 1783 esse
808 1727 1122 1783 obnoxium.
1149 1724 1207 1782 in
1240 1726 1424 1782 salinis
1446 1736 1624 1783 autem
1666 1727 1983 1783 exercendis
2012 1735 2121 1780 tota

535 1819 817 1875 contentio
840 1827 965 1875 est:
1015 1835 1115 1893 pro
1167 1819 1383 1887 aratris,
1432 1834 1531 1891 pro
1576 1818 1802 1874 falcibus
1855 1818 2125 1889 cylindros

2222 616 2426 670 fructus
2452 616 3023 683 decoquere.poterant
3050 612 3237 668 Boreis
3266 612 3477 668 ﬂatibus
3510 614 3815 668 vehemeno

2218 716 2303 763 ter
2350 707 2635 776 algebant?
2663 705 2801 773 Quid
2847 707 2990 760 enim
3040 705 3367 760 fertilitatem
3427 706 3706 776 producat,
3761 708 3809 762 si

2220 807 2362 855 terra
2398 798 2594 853 :estivis
2626 798 2897 852 mensibus
2940 814 3047 852 non
3080 797 3351 853 calescat?
3398 794 3536 865 Quid
3583 812 3807 866 germen

2221 893 2447 961 aperiat,
2470 891 2513 945 si
2540 900 2767 944 matrem
2794 890 2938 963 [ms.,
2988 886 3136 957 Niv.,
3168 888 3296 955 σω,
3328 885 3537 959 matris]
3567 890 3803 960 pluviam

2218 1000 2327 1039 non
2358 984 2634 1039 resumat?
2664 982 2780 1038 Duo
2801 983 2914 1037 haec
2939 983 3219 1038 elementis
3243 983 3490 1039 omnibus
3513 983 3805 1054 probamus

2221 1074 2461 1139 adversa,
2492 1074 2725 1141 rigorem
2755 1081 3075 1144 perpetuum
3105 1081 3160 1129 et
3209 1073 3537 1128 contrariam
3582 1072 3808 1127 siccita-

2222 1172 2350 1219 tem.
2382 1164 2730 1219 Mutaverunt
2768 1178 2825 1218 se
2863 1171 3106 1233 tempora
3154 1178 3261 1218 non
3292 1162 3550 1217 mutando
3579 1160 3728 1232 [Νξιν.
3759 1174 3809 1214 et

2219 1253 2347 1319 ϐα..
2380 1254 2687 1326 mutanda];
2712 1261 2767 1309 et
2794 1254 2937 1323 quod
2958 1255 3137 1311 mixtis
3165 1254 3424 1309 imbribus
3460 1252 3675 1307 solebat
3721 1252 3799 1306 ef-

2224 1347 2334 1415 fici,
2364 1362 2431 1402 ex
2457 1346 2707 1401 ariditate
2733 1345 2848 1400 sola
2874 1360 2981 1400 non
3004 1353 3183 1415 potest
3204 1344 3451 1399 obtineri.
3486 1343 3666 1412 Atque
3686 1342 3807 1396 ideo

2224 1438 2291 1494 de
2315 1438 2586 1493 veteribus
2612 1437 2854 1505 frugibus
2882 1436 3166 1506 prudentia
3213 1444 3302 1491 tua
3348 1435 3579 1490 futuram
3625 1435 3809 1489 vincat

2224 1526 2480 1597 inopiam,
2510 1528 2636 1597 quia
2662 1535 2809 1581 tanta
2834 1525 2932 1582 fuit
2959 1527 3085 1581 anni
3112 1528 3365 1597 prmteriti
3406 1527 3535 1581 felix
3566 1526 3806 1590 ubertas,

2226 1626 2360 1681 utet
2387 1618 2625 1672 venturis
2651 1618 2925 1672 mensibus
2939 1618 3151 1687 provisa
3172 1615 3460 1672 sufﬁciant.
3492 1615 3812 1687 Reponatur

2227 1722 2389 1761 omne
2414 1706 2557 1777 quod
2588 1707 2653 1761 ad
2682 1708 2877 1762 victum
2903 1707 3175 1775 qumritur.
3202 1706 3381 1763 Facile
3422 1706 3666 1775 privatus
3714 1721 3811 1760 nea

2228 1797 2463 1857 cessaria
2491 1796 2710 1866 reperit,
2736 1812 2855 1852 cum
2886 1811 2945 1850 se
2973 1796 3217 1866 publicus
3244 1805 3535 1866 apparatus
3559 1795 3811 1865 expleve-

536 1910 755 1969 volvitis
785 1912 949 1967 :inde
976 1887 1132 1968 vobis
1158 1910 1366 1967 fructus
1393 1887 1568 1967 omnis
1596 1887 2128 1979 enascitur,_quando
2160 1911 2206 1969 B
2230 1888 2322 1943 Γίίο
2521 1902 2589 1941 ne
2620 1895 2686 1979 Αίθ
2736 1901 2971 1979 υνφεεηε
3019 1902 3176 1942 causa
3231 1900 3424 1955 magna
3470 1887 3811 1979 basim?“

539 2003 598 2061 in
619 2004 746 2074 ipsis
766 2010 820 2058 et
845 2018 965 2074 qua:
1010 2019 1120 2059 non
1173 2002 1348 2059 facitis
1402 2001 1713 2074 possidetis.
1766 2000 1979 2057 Moneta
2021 2000 2127 2054 illic

528 2095 941 2173 quodammodo
972 2094 1274 2165 percutitur
1302 2094 1564 2149 victualis.
1587 2092 1704 2147 Arti
1732 2100 1926 2149 vestra:
1954 2092 2130 2147 omnis

528 2187 738 2267 iﬂuctus
768 2189 912 2263 [ms.,
933 2185 1161 2257 fructus]
1188 2187 1436 2241 addictus
1458 2196 1557 2241 est.
1585 2184 1772 2240 Potest
1804 2200 1994 2240 aurum
2041 2183 2132 2237 ali-

543 2281 665 2350 quis
692 2280 869 2335 minus
895 2294 1156 2355 quaerere,
1186 2294 1343 2334 nemo
1367 2286 1449 2333 est
1482 2277 1574 2348 qui
1602 2278 1768 2333 salem
1793 2294 1904 2333 non
1923 2277 2132 2333 deside-

542 2378 630 2424 ret
659 2368 938 2435 invenire;
963 2368 1180 2435 merito,
1210 2366 1426 2436 quando
1455 2366 1544 2422 isti
1576 2367 1738 2421 debet
1792 2366 2005 2439 [Forn.,
2035 2366 2130 2422 de-

542 2457 794 2513 betur....
827 2455 940 2528 qui]
964 2458 1137 2513 omnis
1160 2457 1332 2525 cibus,
1360 2455 1507 2527 quod
1528 2467 1707 2530 potest
1734 2474 1853 2515 esse
1891 2459 2132 2528 gratissi-

538 2563 688 2615 Jnus.
720 2546 952 2602 Proinde
981 2562 1166 2612 naves,
1215 2562 1350 2617 quas
1391 2562 1544 2604 more
1588 2550 1897 2604 animalium
1942 2550 2136 2606 vestris

542 2639 838 2711 parietibus
866 2638 1130 2708 illigastis,
1156 2638 1399 2709 diligenti
1428 2655 1558 2695 cura
1607 2639 1813 2696 reﬁcite
1839 2680 1854 2707 ,
1907 2650 1966 2695 ut
2011 2656 2134 2698 cum

543 2743 643 2784 vos
670 2729 753 2783 vir
781 2728 1278 2799 experientissimns
1306 2727 1644 2797 Laurentius,
1694 2731 1785 2801 qui
1829 2730 1896 2786 ad
1948 2747 2137 2803 procu-

548 2820 746 2876 randas
772 2823 977 2890 species
1008 2820 1245 2877 directus
1272 2830 1372 2887 est,
1430 2838 1775 2879 commonere
1824 2824 2131 2889 tentaverit,

550 2912 818 2971 festinetis
840 2928 1125 2970 excurrere
1151 2932 1166 2983 ;
1218 2923 1483 2985 quatenus
1511 2931 1775 2987 expensas
1805 2918 2136 2974 necessarias

550 3009 694 3065 nulla
717 3007 1031 3064 difﬁcultate
1050 3007 1292 3074 tardetis,
1315 3008 1406 3078 qui
1430 3024 1528 3079 pro
1549 3009 1809 3080 qualitate
1832 3011 1971 3067 aeris
1987 3026 2136 3066 com-

536 3101 807 3181 pendium
829 3102 982 3157 vobis
1010 3101 1209 3169 eligere
1232 3102 1463 3172 potestis
1491 3102 1717 3159 itineris.

1072 3235 1407 3292 EPISTULA
1443 3237 1607 3295 XXV.

548 3346 810 3389 AIBBOSIO
858 3346 981 3386 VIRO
1047 3345 1323 3398 ιιιυετιι,
1390 3346 1585 3388 ΑαΕΝτι
1652 3349 1828 3401 VICBS,

1009 3418 1263 3459 PREFEC'I'
1272 3418 1330 3459 US
1358 3420 1472 3459 PR8
1480 3419 1661 3461 T0310.

555 3489 643 3548 Ex
663 3490 965 3561 quibusdam
982 3493 1151 3568 signis
1181 3495 1424 3568 futuram,
1448 3496 1678 3567 incipiam
1709 3497 1937 3568 colligit;
1967 3499 2048 3552 cui
2084 3508 2139 3552 ut

628 3572 947 3685 occuriatur,
964 3567 1110 3635 jubet
1146 3574 1372 3619 veterum
1400 3567 1607 3639 fmgum
1636 3569 1815 3640 ingens
1835 3567 1990 3641 copia
2015 3587 2139 3625 con-

631 3648 781 3685 areae
802 3650 882 3685 ur.

630 3648 882 3705 gregetur.

630 3724 952 3795 Plerumque
980 3725 1196 3782 solliciti
1221 3726 1373 3795 ﬁunt,
1397 3726 1488 3798 qui
1509 3736 1746 3785 mutatos
1774 3745 1953 3785 rerum
1998 3731 2145 3785 ordi-

554 3832 652 3874 nes
694 3817 991 3887 intuentur,
1026 3815 1159 3888 quia'
1199 3834 1343 3889 saepe
1390 3820 1719 3889 portendunt
1768 3821 1968 3891 aliqua,
2025 3836 2143 3891 qua:

558 3908 940 3966 consuetudini
986 3911 1282 3982 probantur
1325 3910 1577 3966 adversa.
1620 3912 1763 3967 Nihil
1816 3915 1958 3968 enim
2029 3914 2145 3971 sine

555 4018 720 4059 causa
749 4001 973 4072 geritur,
1005 4018 1105 4058 nec
1132 4002 1366 4058 mundus
1391 4000 1624 4060 fortuitis
1653 4006 1862 4060 casibus
1902 4007 2148 4078 implica-

546 4088 683 4162 tur;
714 4095 807 4150 sed
848 4093 1103 4163 quidquid
1131 4094 1321 4149 venire
1359 4093 1603 4151 videmus
1631 4096 1698 4151 ad
1728 4099 2037 4169 terminum,
2069 4098 2152 4153 di-

556 4187 741 4242 vinum
772 4193 988 4242 constat
1015 4201 1135 4242 esse
1179 4187 1487 4242 consilium.
1529 4188 1940 4258 Suspenduntur
1972 4191 2149 4246 homi-

560 4294 677 4343 nes,
710 4293 829 4332 cum
859 4293 953 4333 sua
978 4292 1133 4348 reges
1173 4280 1465 4334 constituta
1519 4282 1861 4349 mutaverint,
1912 4282 1957 4337 si
1996 4284 2151 4337 aliter

565 4371 737 4425 induti
770 4372 1067 4441 procedant
1095 4388 1257 4443 quam
1287 4388 1475 4427 eorum
1507 4390 1637 4429 usus
1664 4375 1980 4430 inoleverat.
2020 4374 2151 4441 Quis

567 4470 744 4516 autem
771 4464 838 4518 de
868 4465 1061 4519 talibus
1090 4479 1198 4519 non
1228 4479 1418 4534 magna
1445 4467 1761 4523 curiositate
1799 4469 2062 4533 turbetur,
2106 4469 2151 4523 si

568 4568 724 4607 versa
757 4556 871 4609 vice
899 4556 1366 4624 consuetudinum,
1401 4574 1429 4612 a
1460 4559 1722 4614 sideribus
1749 4559 1946 4630 aliquid
1969 4561 2151 4615 venire

1894 3350 2135 3391 SENATOR

2232 1978 2538 2046 discruciet,
2570 1977 2634 2033 ad
2665 1977 3150 2033 considerationem
3178 1985 3449 2032 revertere
3483 1977 3808 2031 naturalium

2230 2084 2432 2135 rerum,
2467 2078 2519 2124 et
2549 2067 2607 2122 lit
2642 2069 2848 2125 ratione
2901 2078 3126 2134 certum,
3175 2068 3318 2139 quod
3365 2069 3603 2139 stupenti
3652 2070 3809 2136 vulgo

2231 2161 2440 2217 videtur
2464 2162 2787 2230 ambiguum.
2828 2161 2916 2217 Sic
2940 2162 3081 2217 enim
3122 2169 3333 2217 constat
3368 2160 3551 2216 divina
3593 2162 3809 2215 ordina—
3868 2220 3869 2229 χ

2233 2253 2382 2307 tione
2407 2252 2761 2322 dispositum:
2806 2254 2882 2307 sic
2926 2261 3071 2308 astra
3107 2253 3381 2323 praesentis
3428 2253 3482 2308 in
3529 2250 3811 2309 domiciliis
3867 2238 3873 2247 ’

2234 2346 2344 2401 suis
2370 2346 2567 2399 mutuis
2596 2344 3147 2400 administrationibus
3166 2354 3551 2411 convenerunt,
3572 2355 3632 2399 ut
3653 2360 3808 2415 supra

2234 2437 2450 2492 solitum
2480 2437 2648 2492 hiems
2685 2436 2827 2492 sicca
2856 2437 3171 2492 redderetur
3196 2444 3251 2492 et
3291 2436 3498 2505 frigida.
3540 2436 3680 2493 Hinc
3716 2453 3811 2493 aer

2235 2529 2446 2585 nivibus
2466 2528 2633 2583 nimio
2672 2529 2851 2597 rigore
2877 2528 3147 2593 densatus,
3179 2529 3369 2585 ardore
3410 2529 3543 2584 solis
3572 2531 3628 2584 in
3670 2530 3808 2585 nulla

2235 2620 2456 2674 raritate
2485 2618 2772 2689 perductus
2794 2626 2876 2673 est
2901 2636 2913 2672 :
2949 2619 3044 2674 sed
3074 2618 3125 2672 in
3155 2629 3425 2689 assumpta
3459 2618 3811 2675 crassitudine

2236 2710 2554 2781 perdurans,
2600 2718 2655 2764 et
2690 2709 2955 2765 caloribus
2992 2709 3106 2778 ejus
3148 2710 3373 2775 obstitit,
3431 2720 3481 2765 et
3536 2720 3807 2780 aspectum

2236 2801 2484 2856 humanm
2530 2802 2830 2871 fragilitatis
2877 2802 3052 2856 elusit.
3106 2801 3275 2856 Media
3317 2803 3457 2857 enim
3499 2818 3619 2873 quae
3665 2811 3806 2864 sunt,

2238 2894 2439 2951 nostris
2474 2894 2819 2949 dominantur
2866 2894 3172 2957 obtutibus;
3213 2902 3267 2948 et
3304 2910 3401 2965 per
3452 2895 3567 2965 ipsa
3611 2902 3809 2949 tantum

2238 2985 2420 3041 videre
2450 3001 2752 3057 possumus,
2784 2996 3039 3057 quantum
3075 2987 3225 3042 nobis
3254 2988 3334 3044 sui
3364 2992 3611 3058 corpor’s
3640 2986 3807 3044 tenni-

2238 3083 2351 3134 tate
2380 3076 2701 3133 concedunt.
2734 3077 2849 3133 Hoc
2890 3080 3031 3134 enim
3072 3080 3231 3134 inane
3267 3095 3542 3149 magnum,
3572 3081 3718 3149 quod
3743 3081 3812 3134 in-

2238 3179 2324 3227 ter
2380 3171 2573 3227 cmlum
2616 3178 2922 3240 terramque
2961 3172 3213 3227 elementi
3268 3187 3417 3228 more
3471 3180 3807 3245 pervagatur,

2164 3277 2208 3342 ρ
2238 3262 2362 3317 dum
2394 3263 2677 3332 contigerit
2706 3277 2826 3319 esse
2866 3280 3075 3334 purum,
3104 3272 3158 3319 et
3185 3264 3313 3319 solis
3337 3264 3581 3320 claritate
3608 3280 3809 3335 resper-

2238 3372 2379 3423 sum,
2403 3363 2612 3411 vestros
2634 3356 2899 3411 veraciter
2928 3355 3113 3426 pandit
3141 3364 3386 3426 aspectus
3412 3372 3424 3408 :
3457 3356 3503 3410 si
3546 3370 3676 3411 vero
3718 3355 3809 3411 ali-

2240 3462 2345 3517 qua
2393 3445 2553 3501 fuerit
2615 3446 2976 3515 permixtione
3024 3454 3437 3515 congregatum,
3496 3454 3624 3502 tunc
3670 3454 3811 3502 tenso

2241 3540 2392 3609 quasi
2420 3540 2652 3608 quodam
2683 3540 2855 3606 corio,
2888 3555 2986 3596 nec
3015 3540 3227 3595 colores
3256 3541 3528 3611 proprios,
3561 3556 3665 3597 nec
3687 3541 3809 3596 calo

2240 3648 2330 3687 res
2359 3631 2639 3701 pervenire
2670 3630 2797 3685 facit
2817 3639 3106 3687 astrorum.
3138 3630 3289 3698 Quod
3316 3633 3477 3686 etiam
3508 3632 3629 3687 aliis
3656 3647 3812 3688 secu-

2244 3722 2309 3777 lis
2363 3738 2488 3778 acre
2545 3722 2726 3777 nubilo
2778 3737 2875 3792 pro
2917 3729 3159 3791 tempore
3210 3720 3523 3791 frequenter
3575 3721 3810 3776 efficitur.

2247 3817 2408 3889 200
2434 3812 2569 3868 llinc
2616 3822 2699 3868 est
2742 3812 2887 3881 quod
2917 3812 3115 3867 diutius
3157 3812 3287 3867 radii
3329 3812 3567 3867 siderum
3615 3811 3815 3866 insolito

2238 3909 2432 3983 colore
2465 3905 2654 3961 fuscati
2682 3913 2825 3970 sunt,
2858 3906 3001 3975 quod
3032 3920 3227 3960 novum
3274 3904 3441 3973 frigus
3484 3920 3697 3960 messor
3736 3919 3818 3959 ex-

2249 3999 2414 4069 pavit,
2447 3997 2587 4068 quod
2616 4012 2833 4051 accessu
2864 3998 3122 4067 temporis
3150 4012 3307 4066 poma
3338 3996 3658 4059 duruerunt,
3688 3995 3819 4066 quod

2251 4103 2472 4142 uvarum
2502 4097 2747 4141 senectus
2777 4087 2969 4142 acerba
3000 4095 3097 4142 est.
3131 4086 3236 4142 Sed
3268 4088 3312 4143 si
3343 4088 3447 4143 hoc
3482 4089 3677 4144 divinm
3704 4105 3820 4159 pro-

2250 4178 2501 4233 videntire
2550 4178 2813 4245 tradatur,
2848 4188 3091 4247 satagere
3138 4195 3245 4233 non
3293 4179 3575 4245 debemus,
3619 4181 3821 4251 quando

2253 4270 2416 4341 ipsius
2464 4270 2687 4340 imperio
2724 4270 2964 4341 prodigia
3003 4288 3243 4341 quaerere
3283 4273 3656 4342 prohibemur.
3702 4273 3823 4327 illud

2253 4368 2434 4415 tamen
2459 4362 2574 4416 sine
2602 4360 2765 4416 dubio
2797 4362 3024 4417 terrenis
3050 4362 3309 4417 fructibus
3332 4363 3700 4426 adversarium
3721 4379 3827 4418 esse

2254 4456 2648 4524 cognoscimus,
2675 4455 2765 4510 ubi
2787 4456 3039 4510 alimonia
3068 4466 3321 4511 consueta
3354 4458 3549 4511 nutriri
3580 4458 3697 4525 lege
3716 4473 3829 4527 pro-

2256 4548 2369 4617 pria
2400 4562 2503 4601 non
2527 4545 2784 4601 videmus.
2812 4544 3041 4602 Proinde
3070 4557 3192 4615 agat
3239 4548 3543 4603 soliicitudo
3573 4558 3744 4603 vestra
3771 4563 3830 4602 ne

568 4644 815 4698 videatur
843 4645 1167 4701 obscurum?
1206 4648 1339 4703 Nam
1380 4651 1515 4706 sicut
1573 4661 1718 4705 ρριιω
1761 4653 2020 4708 securitas
2068 4661 2151 4709 est
2182 4651 2227 4710 ι)
2256 4634 2353 4691 nes
2382 4637 2537 4692 unius
2566 4638 2690 4691 anni
2731 4637 2981 4693 sterilitas
3013 4639 3225 4694 turbare
3269 4639 3547 4706 videatur;
3600 4641 3726 4694 dum
3761 4642 3830 4695 sic

569 4735 683 4791 suis
706 4736 910 4792 vicibus
929 4745 1169 4808 tempora
1193 4750 1383 4796 notare
1402 4743 1669 4796 currentia
1687 4783 1701 4808 ,
1734 4743 1811 4798 sic
1832 4756 2023 4811 magna
2054 4758 2150 4798 cu-

569 4828 1197 4900 riositate’complemur,
1242 4848 1361 4886 cum
1410 4834 1605 4887 mutari
1652 4836 1775 4887 talia
1828 4837 2149 4891 sentiuntur.

572 4919 746 4988 Quale
772 4929 876 4991 est,
899 4936 1050 4991 rogo,
1083 4922 1355 4976 stellarum
1386 4925 1701 4994 primarium
1743 4927 2073 4997 conspicere,
2101 4936 2156 4983 et

573 5013 689 5083 ejus
714 5013 875 5068 solita
898 5012 1096 5067 lumina
1126 5028 1234 5067 non
1268 5013 1481 5081 videre;
1522 5015 1724 5085 lunam,
1764 5018 1937 5072 noctis
1972 5018 2154 5086 decus,

573 5100 772 5156 intueri
792 5102 925 5156 orbe
961 5115 1060 5155 suo
1087 5100 1321 5171 plenam,
1362 5112 1415 5158 ct
1458 5103 1687 5158 naturali
1734 5104 2020 5174 splendore
2063 5123 2157 5163 va-

573 5194 826 5249 cuatam?
846 5192 1127 5249 Cernimus
1162 5194 1337 5250 adhuc
1364 5197 1541 5251 cuncti
1570 5198 1724 5266 quasi
1768 5208 2022 5254 venetum
2067 5218 2159 5259 so-

574 5284 717 5352 lem;
738 5284 997 5340 miramur
1017 5285 1193 5341 media
1215 5286 1302 5341 die
1328 5287 1541 5342 umbras
1557 5304 1785 5360 corpora
1810 5308 1918 5347 non
1940 5290 2157 5361 habere,

576 5383 633 5430 et
663 5375 903 5444 vigorem
940 5377 1091 5432 illum
1126 5378 1400 5433 fortissimi
1429 5380 1625 5435 caloris
1650 5398 1817 5453 usque
1868 5383 1935 5438 ad
1982 5392 2161 5440 extre-

573 5482 725 5523 mam
746 5469 1003 5539 temporis
1028 5470 1273 5526 inertiam
1300 5472 1628 5542 pervenisse,
1652 5474 1795 5545 quod
1818 5490 1925 5530 non
1947 5476 2159 5547 eclipsis

572 5569 964 5617 momentaneo
990 5560 1220 5627 defectu,
1248 5563 1340 5619 sed
1361 5564 1528 5620 totius
1547 5579 1684 5636 pene
1706 5567 1834 5620 anni
1855 5566 1939 5635 agi
1969 5567 2162 5622 nihilo-

581 5651 760 5708 minus
780 5661 993 5709 constat
1012 5668 1263 5729 excursu.
1296 5654 1479 5722 Qualis
1500 5670 1629 5725 ergo
1660 5656 1821 5711 timor
1851 5665 1935 5711 est
1966 5657 2162 5714 diutius

580 5741 848 5803 sustinere
868 5745 1012 5813 quod
1039 5746 1125 5801 vel
1154 5746 1207 5800 in
1237 5763 1442 5803 summa
1472 5748 1610 5804 solet
1636 5750 1865 5820 populos
1886 5751 2163 5807 celeritate

584 5835 825 5888 terrere?
847 5834 1141 5891 Habuimus
1163 5837 1341 5907 itaque
1360 5840 1475 5896 sine
1498 5841 1747 5910 procellis
1772 5842 2024 5913 hiemem,
2047 5845 2163 5900 sine

578 5924 857 6003 iteruperie
880 5940 1127 5995 vernum,
1152 5929 1268 5984 sine
1290 5930 1570 5988 ardoribus
1595 5941 1857 5991 aestatem.
1884 5931 2036 5992 Unde
2053 5935 2163 6004 jam

2255 4729 2322 4783 ab
2350 4729 2440 4783 illo
2470 4730 2641 4798 primo
2666 4730 3098 4786 administratore
3126 4731 3401 4800 dignitatis
3436 4743 3639 4788 nostrae
3665 4734 3831 4804 provi-

2254 4834 2372 4874 sum
2416 4829 2517 4889 est,
2567 4828 2627 4875 ut
2670 4821 2980 4890 princedcns
3028 4823 3182 4894 copia
3222 4833 3544 4894 sequentem
3591 4826 3833 4880 valuisset

2256 4911 2500 4981 mitigare
2525 4913 2818 4983 penuriam.

2769 5046 3096 5104 EPISTOLA
3134 5048 3319 5105 XXVI.

2262 5153 2433 5193 ΡΜ]ιο
2460 5154 2585 5195 VIRO
2630 5154 2869 5196 STRENUO
2899 5156 3136 5197 SENATOR
3170 5157 3491 5197 PBEFECTUS
3539 5156 3829 5198 PMTOIIO.

2262 5228 2529 5303 Succurrit
2576 5229 2788 5303 libenter
2818 5238 2867 5284 et
2904 5233 3065 5303 gratis
3110 5231 3312 5287 Venetis
3366 5234 3547 5303 inapt'a
3601 5234 3665 5289 ob
3716 5234 3833 5288 nisi

2331 5300 2653 5353 sterilitatem
2682 5300 3057 5369 laborantibus,
3091 5303 3279 5357 tributa
3322 5300 3632 5361 remittendo
3662 5302 3711 5362 et
3743 5316 3833 5361 .-

2332 5385 2499 5425 nonas
2525 5371 2869 5427 concedendo.

2331 5481 2664 5553 Frequenter
2717 5484 2917 5540 utilitas
2964 5485 3175 5555 publica
3219 5488 3603 5558 compendiosa
3646 5488 3835 5559 pietate

2262 5583 2523 5638 servatur,
2555 5574 2770 5643 quando
2794 5575 2925 5630 illud
2946 5576 3112 5646 magis
3138 5578 3384 5647 acquirit,
3407 5580 3555 5649 quod
3581 5580 3835 5635 bonorum

2264 5665 2652 5723 intercessione
2681 5670 2966 5725 remiserit.
3000 5670 3234 5727 Veniens
3262 5673 3443 5743 itaque
3489 5673 3573 5727 vir
3620 5688 3835 5728 venera-

2266 5758 2387 5815 bilis
2422 5759 2766 5831 Augustinus,
2819 5763 2931 5818 vita
2972 5764 3150 5819 clarus
3197 5773 3252 5819 et
3296 5765 3533 5830 nomine,
3582 5765 3835 5821 Venetam

2268 5851 2420 5907 nobis
2448 5854 2795 5910 necessitates
2828 5853 2991 5910 ﬂebili
3036 5855 3354 5925 allegatione
3390 5856 3707 5921 declaravit,
3739 5872 3835 5914 non

2268 5940 2398 6011 vini,
2428 5956 2534 5996 non
2559 5943 2743 6025 tritici,
2780 5960 2887 6002 non
2914 5946 3088 6016 panici
3111 5947 3318 6018 species
3339 5946 3482 6019 apud
3509 5948 3659 6023 ipsos
3682 5946 3836 6004 fuisse
