  <div class='ocr_page' id='page_1' title='image "/cluster/home/n/w/nwhite01/storage/ocr_20150623/69/hvd.32044015469349/446.png"; bbox 0 0 4006 6452; ppageno 0'>
   <div class='ocr_carea' id='block_1_1' title="bbox 261 369 392 430">
    <p class='ocr_par' dir='ltr' id='par_1_1' title="bbox 261 369 392 430">
     <span class='ocr_line' id='line_1_1' title="bbox 261 369 392 430; baseline 0.015 -2"><span class='ocrx_word' id='word_1_1' title='bbox 261 369 392 430; x_wconf 80' lang='lat'><strong>877</strong></span> 
     </span>
    </p>
   </div>
   <div class='ocr_carea' id='block_1_2' title="bbox 1568 383 2325 461">
    <p class='ocr_par' dir='ltr' id='par_1_2' title="bbox 1568 383 2325 461">
     <span class='ocr_line' id='line_1_2' title="bbox 1568 383 2325 461; baseline 0.009 -17"><span class='ocrx_word' id='word_1_2' title='bbox 1568 383 1932 461; x_wconf 71' lang='lat' dir='ltr'><strong>VARIABUM</strong></span> <span class='ocrx_word' id='word_1_3' title='bbox 1962 390 2168 450; x_wconf 81' lang='lat' dir='ltr'><strong>LIBER</strong></span> <span class='ocrx_word' id='word_1_4' title='bbox 2212 385 2325 451; x_wconf 83' lang='lat' dir='ltr'><strong>XII.</strong></span> 
     </span>
    </p>
   </div>
   <div class='ocr_carea' id='block_1_3' title="bbox 3459 405 3570 469">
    <p class='ocr_par' dir='ltr' id='par_1_3' title="bbox 3459 405 3570 469">
     <span class='ocr_line' id='line_1_3' title="bbox 3459 405 3570 469; baseline 0.018 -2"><span class='ocrx_word' id='word_1_5' title='bbox 3459 405 3570 469; x_wconf 64' lang='grc' dir='ltr'><strong>ενδ</strong></span> 
     </span>
    </p>
   </div>
   <div class='ocr_carea' id='block_1_4' title="bbox 262 494 3573 590">
    <p class='ocr_par' dir='ltr' id='par_1_4' title="bbox 262 494 3573 590">
     <span class='ocr_line' id='line_1_4' title="bbox 262 494 3573 590; baseline 0.01 -45"><span class='ocrx_word' id='word_1_6' title='bbox 262 497 630 563; x_wconf 83' lang='lat' dir='ltr'><strong>procreatas:</strong></span> <span class='ocrx_word' id='word_1_7' title='bbox 662 507 907 560; x_wconf 78' lang='lat' dir='ltr'><strong>asserens</strong></span> <span class='ocrx_word' id='word_1_8' title='bbox 928 494 996 553; x_wconf 85' lang='lat' dir='ltr'><strong>ad</strong></span> <span class='ocrx_word' id='word_1_9' title='bbox 1017 503 1224 560; x_wconf 85' lang='lat' dir='ltr'><strong>tantam</strong></span> <span class='ocrx_word' id='word_1_10' title='bbox 1259 499 1536 572; x_wconf 82' lang='lat' dir='ltr'><strong>penuriam</strong></span> <span class='ocrx_word' id='word_1_11' title='bbox 1564 503 1868 575; x_wconf 85' lang='lat' dir='ltr'><strong>provincia-</strong></span> <span class='ocrx_word' id='word_1_12' title='bbox 1900 511 1948 572; x_wconf 77' lang='grc' dir='ltr'><strong>Α</strong></span> <span class='ocrx_word' id='word_1_13' title='bbox 1974 506 2067 576; x_wconf 87' lang='lat' dir='ltr'><strong>qui</strong></span> <span class='ocrx_word' id='word_1_14' title='bbox 2095 507 2400 564; x_wconf 90' lang='lat' dir='ltr'><strong>sanctitatis</strong></span> <span class='ocrx_word' id='word_1_15' title='bbox 2437 510 2628 580; x_wconf 63' lang='lat' dir='ltr'><strong>vestra:</strong></span> <span class='ocrx_word' id='word_1_16' title='bbox 2657 512 3086 590; x_wconf 78' lang='lat' dir='ltr'><strong>ordinationibus</strong></span> <span class='ocrx_word' id='word_1_17' title='bbox 3131 515 3393 589; x_wconf 84' lang='lat' dir='ltr'><strong>obsecuti,</strong></span> <span class='ocrx_word' id='word_1_18' title='bbox 3438 519 3573 578; x_wconf 89' lang='lat' dir='ltr'><strong>nihil</strong></span> 
     </span>
    </p>
   </div>
   <div class='ocr_carea' id='block_1_5' title="bbox 262 581 1876 662">
    <p class='ocr_par' dir='ltr' id='par_1_5' title="bbox 262 581 1876 662">
     <span class='ocr_line' id='line_1_5' title="bbox 262 581 1876 662; baseline 0.007 -24"><span class='ocrx_word' id='word_1_19' title='bbox 262 581 411 638; x_wconf 87' lang='lat' dir='ltr'><strong>lium</strong></span> <span class='ocrx_word' id='word_1_20' title='bbox 443 585 751 653; x_wconf 83' lang='lat' dir='ltr'><strong>pervenisse</strong></span> <span class='ocrx_word' id='word_1_21' title='bbox 780 586 1046 657; x_wconf 80' lang='lat' dir='ltr'><strong>fortunas,</strong></span> <span class='ocrx_word' id='word_1_22' title='bbox 1088 596 1147 644; x_wconf 89' lang='lat' dir='ltr'><strong>ut</strong></span> <span class='ocrx_word' id='word_1_23' title='bbox 1176 589 1297 645; x_wconf 62' lang='lat' dir='ltr'><strong>vita:</strong></span> <span class='ocrx_word' id='word_1_24' title='bbox 1334 591 1571 662; x_wconf 86' lang='lat' dir='ltr'><strong>pericula</strong></span> <span class='ocrx_word' id='word_1_25' title='bbox 1609 594 1876 650; x_wconf 86' lang='lat' dir='ltr'><strong>sustinere</strong></span> 
     </span>
    </p>
   </div>
   <div class='ocr_carea' id='block_1_6' title="bbox 261 677 1875 752">
    <p class='ocr_par' dir='ltr' id='par_1_6' title="bbox 261 677 1875 752">
     <span class='ocr_line' id='line_1_6' title="bbox 261 677 1875 752; baseline 0.009 -23"><span class='ocrx_word' id='word_1_26' title='bbox 261 677 525 749; x_wconf 83' lang='lat' dir='ltr'><strong>possint,</strong></span> <span class='ocrx_word' id='word_1_27' title='bbox 562 679 672 734; x_wconf 89' lang='lat' dir='ltr'><strong>.nisi</strong></span> <span class='ocrx_word' id='word_1_28' title='bbox 720 680 797 734; x_wconf 90' lang='lat' dir='ltr'><strong>eis</strong></span> <span class='ocrx_word' id='word_1_29' title='bbox 847 681 1024 752; x_wconf 90' lang='lat' dir='ltr'><strong>pietas</strong></span> <span class='ocrx_word' id='word_1_30' title='bbox 1082 683 1280 752; x_wconf 75' lang='lat' dir='ltr'><strong>regalis</strong></span> <span class='ocrx_word' id='word_1_31' title='bbox 1324 685 1484 740; x_wconf 88' lang='lat' dir='ltr'><strong>solita</strong></span> <span class='ocrx_word' id='word_1_32' title='bbox 1539 687 1875 752; x_wconf 78' lang='lat' dir='ltr'><strong>humanitate</strong></span> 
     </span>
    </p>
   </div>
   <div class='ocr_carea' id='block_1_7' title="bbox 257 768 1874 850">
    <p class='ocr_par' dir='ltr' id='par_1_7' title="bbox 257 768 1874 850">
     <span class='ocr_line' id='line_1_7' title="bbox 257 768 1874 850; baseline 0.008 -29"><span class='ocrx_word' id='word_1_33' title='bbox 257 769 638 838; x_wconf 76' lang='lat' dir='ltr'><strong>prospexerit.</strong></span> <span class='ocrx_word' id='word_1_34' title='bbox 670 768 824 836; x_wconf 85' lang='lat' dir='ltr'><strong>Quod</strong></span> <span class='ocrx_word' id='word_1_35' title='bbox 855 772 1008 826; x_wconf 88' lang='lat' dir='ltr'><strong>nobis</strong></span> <span class='ocrx_word' id='word_1_36' title='bbox 1033 772 1252 842; x_wconf 85' lang='lat' dir='ltr'><strong>crudele</strong></span> <span class='ocrx_word' id='word_1_37' title='bbox 1281 774 1451 830; x_wconf 90' lang='lat' dir='ltr'><strong>visum</strong></span> <span class='ocrx_word' id='word_1_38' title='bbox 1483 785 1583 844; x_wconf 89' lang='lat' dir='ltr'><strong>est,</strong></span> <span class='ocrx_word' id='word_1_39' title='bbox 1612 777 1813 850; x_wconf 89' lang='lat' dir='ltr'><strong>aliquid</strong></span> <span class='ocrx_word' id='word_1_40' title='bbox 1842 794 1874 834; x_wconf 91' lang='lat' dir='ltr'><strong>a</strong></span> 
     </span>
    </p>
   </div>
   <div class='ocr_carea' id='block_1_8' title="bbox 260 859 1874 944">
    <p class='ocr_par' dir='ltr' id='par_1_8' title="bbox 260 859 1874 944">
     <span class='ocr_line' id='line_1_8' title="bbox 260 859 1874 944; baseline 0.01 -31"><span class='ocrx_word' id='word_1_41' title='bbox 260 859 589 930; x_wconf 82' lang='lat' dir='ltr'><strong>petentibus</strong></span> <span class='ocrx_word' id='word_1_42' title='bbox 617 863 921 932; x_wconf 83' lang='lat' dir='ltr'><strong>postulare;</strong></span> <span class='ocrx_word' id='word_1_43' title='bbox 953 873 1007 921; x_wconf 92' lang='lat' dir='ltr'><strong>et</strong></span> <span class='ocrx_word' id='word_1_44' title='bbox 1032 867 1161 922; x_wconf 88' lang='lat' dir='ltr'><strong>illud</strong></span> <span class='ocrx_word' id='word_1_45' title='bbox 1190 882 1431 938; x_wconf 88' lang='lat' dir='ltr'><strong>sperare,</strong></span> <span class='ocrx_word' id='word_1_46' title='bbox 1461 885 1567 940; x_wconf 88' lang='lat' dir='ltr'><strong>quo</strong></span> <span class='ocrx_word' id='word_1_47' title='bbox 1598 873 1874 944; x_wconf 84' lang='lat' dir='ltr'><strong>provincia</strong></span> 
     </span>
    </p>
   </div>
   <div class='ocr_carea' id='block_1_9' title="bbox 263 955 1874 1037">
    <p class='ocr_par' dir='ltr' id='par_1_9' title="bbox 263 955 1874 1037">
     <span class='ocr_line' id='line_1_9' title="bbox 263 955 1874 1037; baseline 0.009 -30"><span class='ocrx_word' id='word_1_48' title='bbox 263 955 627 1024; x_wconf 80' lang='lat' dir='ltr'><strong>cognoscitur</strong></span> <span class='ocrx_word' id='word_1_49' title='bbox 649 956 910 1027; x_wconf 85' lang='lat' dir='ltr'><strong>indigere.</strong></span> <span class='ocrx_word' id='word_1_50' title='bbox 941 958 982 1014; x_wconf 87' lang='lat' dir='ltr'><strong>A</strong></span> <span class='ocrx_word' id='word_1_51' title='bbox 1015 960 1208 1016; x_wconf 86' lang='lat' dir='ltr'><strong>talibus</strong></span> <span class='ocrx_word' id='word_1_52' title='bbox 1246 963 1388 1036; x_wconf 84' lang='lat' dir='ltr'><strong>enim</strong></span> <span class='ocrx_word' id='word_1_53' title='bbox 1429 964 1571 1020; x_wconf 87' lang='lat' dir='ltr'><strong>solas</strong></span> <span class='ocrx_word' id='word_1_54' title='bbox 1607 964 1874 1037; x_wconf 86' lang='lat' dir='ltr'><strong>lacrymas</strong></span> 
     </span>
    </p>
   </div>
   <div class='ocr_carea' id='block_1_10' title="bbox 262 1047 1873 1125">
    <p class='ocr_par' dir='ltr' id='par_1_10' title="bbox 262 1047 1873 1125">
     <span class='ocr_line' id='line_1_10' title="bbox 262 1047 1873 1125; baseline 0.009 -25"><span class='ocrx_word' id='word_1_55' title='bbox 262 1047 463 1114; x_wconf 77' lang='lat' dir='ltr'><strong>exigit,</strong></span> <span class='ocrx_word' id='word_1_56' title='bbox 517 1047 608 1118; x_wconf 89' lang='lat' dir='ltr'><strong>qui</strong></span> <span class='ocrx_word' id='word_1_57' title='bbox 649 1049 794 1117; x_wconf 86' lang='lat' dir='ltr'><strong>quod</strong></span> <span class='ocrx_word' id='word_1_58' title='bbox 837 1065 944 1106; x_wconf 88' lang='lat' dir='ltr'><strong>non</strong></span> <span class='ocrx_word' id='word_1_59' title='bbox 996 1051 1283 1118; x_wconf 87' lang='lat' dir='ltr'><strong>invenitur,</strong></span> <span class='ocrx_word' id='word_1_60' title='bbox 1334 1055 1580 1125; x_wconf 89' lang='lat' dir='ltr'><strong>imponit.</strong></span> <span class='ocrx_word' id='word_1_61' title='bbox 1630 1055 1699 1111; x_wconf 87' lang='lat' dir='ltr'><strong>Et</strong></span> <span class='ocrx_word' id='word_1_62' title='bbox 1748 1058 1873 1114; x_wconf 90' lang='lat' dir='ltr'><strong>ideo</strong></span> 
     </span>
    </p>
   </div>
   <div class='ocr_carea' id='block_1_11' title="bbox 261 1137 1869 1217">
    <p class='ocr_par' dir='ltr' id='par_1_11' title="bbox 261 1137 1869 1217">
     <span class='ocr_line' id='line_1_11' title="bbox 261 1137 1869 1217; baseline 0.006 -25"><span class='ocrx_word' id='word_1_63' title='bbox 261 1137 415 1192; x_wconf 84' lang='lat' dir='ltr'><strong>tanti</strong></span> <span class='ocrx_word' id='word_1_64' title='bbox 465 1137 563 1192; x_wconf 91' lang='lat' dir='ltr'><strong>viri</strong></span> <span class='ocrx_word' id='word_1_65' title='bbox 608 1137 932 1208; x_wconf 87' lang='lat' dir='ltr'><strong>allegatione</strong></span> <span class='ocrx_word' id='word_1_66' title='bbox 979 1143 1230 1212; x_wconf 89' lang='lat' dir='ltr'><strong>permoti,</strong></span> <span class='ocrx_word' id='word_1_67' title='bbox 1282 1143 1464 1200; x_wconf 88' lang='lat' dir='ltr'><strong>vinum</strong></span> <span class='ocrx_word' id='word_1_68' title='bbox 1513 1154 1568 1200; x_wconf 91' lang='lat' dir='ltr'><strong>et</strong></span> <span class='ocrx_word' id='word_1_69' title='bbox 1613 1147 1869 1217; x_wconf 90' lang='lat' dir='ltr'><strong>triticum,</strong></span> 
     </span>
    </p>
   </div>
   <div class='ocr_carea' id='block_1_12' title="bbox 261 1227 1870 1306">
    <p class='ocr_par' dir='ltr' id='par_1_12' title="bbox 261 1227 1870 1306">
     <span class='ocr_line' id='line_1_12' title="bbox 261 1227 1870 1306; baseline 0.008 -25"><span class='ocrx_word' id='word_1_70' title='bbox 261 1229 424 1296; x_wconf 91' lang='lat' dir='ltr'><strong>quod</strong></span> <span class='ocrx_word' id='word_1_71' title='bbox 463 1244 563 1284; x_wconf 91' lang='lat' dir='ltr'><strong>nos</strong></span> <span class='ocrx_word' id='word_1_72' title='bbox 602 1227 654 1282; x_wconf 90' lang='lat' dir='ltr'><strong>in</strong></span> <span class='ocrx_word' id='word_1_73' title='bbox 690 1239 951 1300; x_wconf 89' lang='lat' dir='ltr'><strong>apparatu</strong></span> <span class='ocrx_word' id='word_1_74' title='bbox 995 1233 1284 1298; x_wconf 75' lang='lat' dir='ltr'><strong>exercitus,</strong></span> <span class='ocrx_word' id='word_1_75' title='bbox 1342 1249 1409 1290; x_wconf 84' lang='lat' dir='ltr'><strong>ex</strong></span> <span class='ocrx_word' id='word_1_76' title='bbox 1450 1233 1870 1306; x_wconf 88' lang='lat' dir='ltr'><strong>Concordiense,</strong></span> 
     </span>
    </p>
   </div>
   <div class='ocr_carea' id='block_1_13' title="bbox 259 1321 1874 1404">
    <p class='ocr_par' dir='ltr' id='par_1_13' title="bbox 259 1321 1874 1404">
     <span class='ocr_line' id='line_1_13' title="bbox 259 1321 1874 1404; baseline 0.007 -26"><span class='ocrx_word' id='word_1_77' title='bbox 259 1321 620 1392; x_wconf 85' lang='lat' dir='ltr'><strong>Aquileiense</strong></span> <span class='ocrx_word' id='word_1_78' title='bbox 660 1332 715 1378; x_wconf 91' lang='lat' dir='ltr'><strong>et</strong></span> <span class='ocrx_word' id='word_1_79' title='bbox 742 1323 1113 1394; x_wconf 90' lang='lat' dir='ltr'><strong>Forojuliense</strong></span> <span class='ocrx_word' id='word_1_80' title='bbox 1154 1328 1460 1384; x_wconf 86' lang='lat' dir='ltr'><strong>civitatibus</strong></span> <span class='ocrx_word' id='word_1_81' title='bbox 1495 1331 1750 1404; x_wconf 80' lang='lat' dir='ltr'><strong>colligere</strong></span> <span class='ocrx_word' id='word_1_82' title='bbox 1795 1334 1874 1389; x_wconf 91' lang='lat' dir='ltr'><strong>fe-</strong></span> 
     </span>
    </p>
   </div>
   <div class='ocr_carea' id='block_1_14' title="bbox 259 1417 1874 1486">
    <p class='ocr_par' dir='ltr' id='par_1_14' title="bbox 259 1417 1874 1486">
     <span class='ocr_line' id='line_1_14' title="bbox 259 1417 1874 1486; baseline 0.006 -15"><span class='ocrx_word' id='word_1_83' title='bbox 259 1429 552 1481; x_wconf 87' lang='lat' dir='ltr'><strong>ceramus,</strong></span> <span class='ocrx_word' id='word_1_84' title='bbox 589 1417 840 1486; x_wconf 70' lang='lat' dir='ltr'><strong>prmsenti</strong></span> <span class='ocrx_word' id='word_1_85' title='bbox 887 1419 1216 1475; x_wconf 88' lang='lat' dir='ltr'><strong>auctoritate</strong></span> <span class='ocrx_word' id='word_1_86' title='bbox 1261 1421 1584 1478; x_wconf 86' lang='lat' dir='ltr'><strong>remittimus</strong></span> <span class='ocrx_word' id='word_1_87' title='bbox 1620 1441 1633 1476; x_wconf 91' lang='lat'>:</span> <span class='ocrx_word' id='word_1_88' title='bbox 1683 1438 1874 1481; x_wconf 89' lang='lat' dir='ltr'><strong>carnes</strong></span> 
     </span>
    </p>
   </div>
   <div class='ocr_carea' id='block_1_15' title="bbox 259 1510 1876 1588">
    <p class='ocr_par' dir='ltr' id='par_1_15' title="bbox 259 1510 1876 1588">
     <span class='ocr_line' id='line_1_15' title="bbox 259 1510 1876 1588; baseline 0.006 -25"><span class='ocrx_word' id='word_1_89' title='bbox 259 1515 507 1576; x_wconf 81' lang='lat' dir='ltr'><strong>tantum,</strong></span> <span class='ocrx_word' id='word_1_90' title='bbox 535 1510 670 1566; x_wconf 88' lang='lat' dir='ltr'><strong>sicut</strong></span> <span class='ocrx_word' id='word_1_91' title='bbox 691 1511 870 1566; x_wconf 89' lang='lat' dir='ltr'><strong>brevis</strong></span> <span class='ocrx_word' id='word_1_92' title='bbox 894 1512 1047 1568; x_wconf 86' lang='lat' dir='ltr'><strong>vobis</strong></span> <span class='ocrx_word' id='word_1_93' title='bbox 1073 1511 1230 1568; x_wconf 91' lang='lat' dir='ltr'><strong>datus</strong></span> <span class='ocrx_word' id='word_1_94' title='bbox 1250 1514 1511 1580; x_wconf 85' lang='lat' dir='ltr'><strong>continet,</strong></span> <span class='ocrx_word' id='word_1_95' title='bbox 1535 1515 1730 1572; x_wconf 78' lang='lat' dir='ltr'><strong>exinde</strong></span> <span class='ocrx_word' id='word_1_96' title='bbox 1749 1532 1876 1588; x_wconf 86' lang='lat' dir='ltr'><strong>pro-</strong></span> 
     </span>
    </p>
   </div>
   <div class='ocr_carea' id='block_1_16' title="bbox 256 1599 1872 1673">
    <p class='ocr_par' dir='ltr' id='par_1_16' title="bbox 256 1599 1872 1673">
     <span class='ocr_line' id='line_1_16' title="bbox 256 1599 1872 1673; baseline 0.007 -19"><span class='ocrx_word' id='word_1_97' title='bbox 256 1599 541 1658; x_wconf 81' lang='lat' dir='ltr'><strong>videntes.</strong></span> <span class='ocrx_word' id='word_1_98' title='bbox 571 1599 711 1657; x_wconf 79' lang='lat' dir='ltr'><strong>Hinc</strong></span> <span class='ocrx_word' id='word_1_99' title='bbox 738 1602 905 1670; x_wconf 90' lang='lat' dir='ltr'><strong>enim,</strong></span> <span class='ocrx_word' id='word_1_100' title='bbox 946 1619 1070 1659; x_wconf 90' lang='lat' dir='ltr'><strong>cum</strong></span> <span class='ocrx_word' id='word_1_101' title='bbox 1111 1619 1332 1662; x_wconf 90' lang='lat' dir='ltr'><strong>necesse</strong></span> <span class='ocrx_word' id='word_1_102' title='bbox 1376 1605 1556 1673; x_wconf 89' lang='lat' dir='ltr'><strong>fuerit,</strong></span> <span class='ocrx_word' id='word_1_103' title='bbox 1595 1605 1872 1668; x_wconf 79' lang='lat' dir='ltr'><strong>sufiicien-</strong></span> 
     </span>
    </p>
   </div>
   <div class='ocr_carea' id='block_1_17' title="bbox 257 1677 1876 1770">
    <p class='ocr_par' dir='ltr' id='par_1_17' title="bbox 257 1677 1876 1770">
     <span class='ocr_line' id='line_1_17' title="bbox 257 1677 1876 1770; baseline 0.005 -22"><span class='ocrx_word' id='word_1_104' title='bbox 257 1677 575 1750; x_wconf 86' lang='lat' dir='ltr'><strong>temtritici</strong></span> <span class='ocrx_word' id='word_1_105' title='bbox 600 1693 837 1764; x_wconf 86' lang='lat' dir='ltr'><strong>speciem</strong></span> <span class='ocrx_word' id='word_1_106' title='bbox 865 1694 1217 1753; x_wconf 86' lang='lat' dir='ltr'><strong>destinamus.</strong></span> <span class='ocrx_word' id='word_1_107' title='bbox 1253 1695 1322 1751; x_wconf 83' lang='lat' dir='ltr'><strong>Et</strong></span> <span class='ocrx_word' id='word_1_108' title='bbox 1349 1698 1604 1770; x_wconf 89' lang='lat' dir='ltr'><strong>quoniam</strong></span> <span class='ocrx_word' id='word_1_109' title='bbox 1626 1698 1681 1755; x_wconf 90' lang='lat' dir='ltr'><strong>in</strong></span> <span class='ocrx_word' id='word_1_110' title='bbox 1721 1700 1876 1758; x_wconf 83' lang='lat' dir='ltr'><strong>lstria</strong></span> 
     </span>
    </p>
   </div>
   <div class='ocr_carea' id='block_1_18' title="bbox 259 1786 1872 1863">
    <p class='ocr_par' dir='ltr' id='par_1_18' title="bbox 259 1786 1872 1863">
     <span class='ocr_line' id='line_1_18' title="bbox 259 1786 1872 1863; baseline 0.007 -23"><span class='ocrx_word' id='word_1_111' title='bbox 259 1786 461 1842; x_wconf 88' lang='lat' dir='ltr'><strong>vinum</strong></span> <span class='ocrx_word' id='word_1_112' title='bbox 525 1786 742 1842; x_wconf 89' lang='lat' dir='ltr'><strong>abunde</strong></span> <span class='ocrx_word' id='word_1_113' title='bbox 790 1794 978 1844; x_wconf 88' lang='lat' dir='ltr'><strong>natum</strong></span> <span class='ocrx_word' id='word_1_114' title='bbox 1044 1804 1164 1845; x_wconf 90' lang='lat' dir='ltr'><strong>esse</strong></span> <span class='ocrx_word' id='word_1_115' title='bbox 1219 1791 1606 1860; x_wconf 84' lang='lat' dir='ltr'><strong>comperimus,</strong></span> <span class='ocrx_word' id='word_1_116' title='bbox 1658 1792 1872 1863; x_wconf 78' lang='lat' dir='ltr'><strong>exinde,</strong></span> 
     </span>
    </p>
   </div>
   <div class='ocr_carea' id='block_1_19' title="bbox 257 1877 1951 1971">
    <p class='ocr_par' dir='ltr' id='par_1_19' title="bbox 257 1877 1951 1971">
     <span class='ocr_line' id='line_1_19' title="bbox 257 1877 1951 1971; baseline 0.006 -40"><span class='ocrx_word' id='word_1_117' title='bbox 257 1884 537 1947; x_wconf 87' lang='lat' dir='ltr'><strong>quantum</strong></span> <span class='ocrx_word' id='word_1_118' title='bbox 589 1877 659 1934; x_wconf 91' lang='lat' dir='ltr'><strong>de</strong></span> <span class='ocrx_word' id='word_1_119' title='bbox 711 1880 1037 1951; x_wconf 85' lang='lat' dir='ltr'><strong>supradictis</strong></span> <span class='ocrx_word' id='word_1_120' title='bbox 1091 1881 1397 1938; x_wconf 86' lang='lat' dir='ltr'><strong>civitatibus</strong></span> <span class='ocrx_word' id='word_1_121' title='bbox 1443 1893 1716 1956; x_wconf 87' lang='lat' dir='ltr'><strong>speratum</strong></span> <span class='ocrx_word' id='word_1_122' title='bbox 1767 1896 1870 1957; x_wconf 90' lang='lat' dir='ltr'><strong>est,</strong></span> <span class='ocrx_word' id='word_1_123' title='bbox 1901 1910 1951 1971; x_wconf 78' lang='grc' dir='ltr'><strong>Β</strong></span> 
     </span>
    </p>
   </div>
   <div class='ocr_carea' id='block_1_20' title="bbox 258 1969 1872 2050">
    <p class='ocr_par' dir='ltr' id='par_1_20' title="bbox 258 1969 1872 2050">
     <span class='ocr_line' id='line_1_20' title="bbox 258 1969 1872 2050; baseline 0.006 -24"><span class='ocrx_word' id='word_1_124' title='bbox 258 1969 568 2040; x_wconf 86' lang='lat' dir='ltr'><strong>postulate,</strong></span> <span class='ocrx_word' id='word_1_125' title='bbox 603 1971 743 2028; x_wconf 87' lang='lat' dir='ltr'><strong>sicut</strong></span> <span class='ocrx_word' id='word_1_126' title='bbox 787 1972 841 2027; x_wconf 90' lang='lat' dir='ltr'><strong>in</strong></span> <span class='ocrx_word' id='word_1_127' title='bbox 873 1972 992 2030; x_wconf 93' lang='lat' dir='ltr'><strong>foro</strong></span> <span class='ocrx_word' id='word_1_128' title='bbox 1023 1989 1208 2030; x_wconf 90' lang='lat' dir='ltr'><strong>rerum</strong></span> <span class='ocrx_word' id='word_1_129' title='bbox 1250 1977 1522 2033; x_wconf 88' lang='lat' dir='ltr'><strong>venalium</strong></span> <span class='ocrx_word' id='word_1_130' title='bbox 1568 1981 1872 2050; x_wconf 86' lang='lat' dir='ltr'><strong>reperitur;</strong></span> 
     </span>
    </p>
   </div>
   <div class='ocr_carea' id='block_1_21' title="bbox 258 2064 1873 2144">
    <p class='ocr_par' dir='ltr' id='par_1_21' title="bbox 258 2064 1873 2144">
     <span class='ocr_line' id='line_1_21' title="bbox 258 2064 1873 2144; baseline 0.008 -29"><span class='ocrx_word' id='word_1_131' title='bbox 258 2070 548 2131; x_wconf 88' lang='lat' dir='ltr'><strong>quatenus</strong></span> <span class='ocrx_word' id='word_1_132' title='bbox 569 2077 673 2118; x_wconf 90' lang='lat' dir='ltr'><strong>nec</strong></span> <span class='ocrx_word' id='word_1_133' title='bbox 701 2064 804 2134; x_wconf 89' lang='lat' dir='ltr'><strong>ipsi</strong></span> <span class='ocrx_word' id='word_1_134' title='bbox 835 2064 956 2118; x_wconf 63' lang='lat' dir='ltr'><strong>laedi</strong></span> <span class='ocrx_word' id='word_1_135' title='bbox 983 2066 1212 2135; x_wconf 86' lang='lat' dir='ltr'><strong>possint,</strong></span> <span class='ocrx_word' id='word_1_136' title='bbox 1251 2082 1373 2123; x_wconf 91' lang='lat' dir='ltr'><strong>cum</strong></span> <span class='ocrx_word' id='word_1_137' title='bbox 1404 2069 1483 2124; x_wconf 90' lang='lat' dir='ltr'><strong>eis</strong></span> <span class='ocrx_word' id='word_1_138' title='bbox 1519 2071 1691 2142; x_wconf 90' lang='lat' dir='ltr'><strong>pretia</strong></span> <span class='ocrx_word' id='word_1_139' title='bbox 1729 2073 1873 2144; x_wconf 84' lang='lat' dir='ltr'><strong>justa</strong></span> 
     </span>
    </p>
   </div>
   <div class='ocr_carea' id='block_1_22' title="bbox 255 2155 1871 2233">
    <p class='ocr_par' dir='ltr' id='par_1_22' title="bbox 255 2155 1871 2233">
     <span class='ocr_line' id='line_1_22' title="bbox 255 2155 1871 2233; baseline 0.008 -24"><span class='ocrx_word' id='word_1_140' title='bbox 255 2163 577 2210; x_wconf 84' lang='lat' dir='ltr'><strong>servantur.</strong></span> <span class='ocrx_word' id='word_1_141' title='bbox 608 2155 954 2228; x_wconf 85' lang='lat' dir='ltr'><strong>Quapropter</strong></span> <span class='ocrx_word' id='word_1_142' title='bbox 981 2167 1302 2230; x_wconf 78' lang='lat' dir='ltr'><strong>przeseutem</strong></span> <span class='ocrx_word' id='word_1_143' title='bbox 1323 2162 1706 2233; x_wconf 81' lang='lat' dir='ltr'><strong>indulgentiam</strong></span> <span class='ocrx_word' id='word_1_144' title='bbox 1727 2167 1871 2222; x_wconf 90' lang='lat' dir='ltr'><strong>nulla</strong></span> 
     </span>
    </p>
   </div>
   <div class='ocr_carea' id='block_1_23' title="bbox 255 2249 1873 2322">
    <p class='ocr_par' dir='ltr' id='par_1_23' title="bbox 255 2249 1873 2322">
     <span class='ocr_line' id='line_1_23' title="bbox 255 2249 1873 2322; baseline 0.007 -18"><span class='ocrx_word' id='word_1_145' title='bbox 255 2249 508 2306; x_wconf 84' lang='lat' dir='ltr'><strong>credatis</strong></span> <span class='ocrx_word' id='word_1_146' title='bbox 535 2251 830 2307; x_wconf 85' lang='lat' dir='ltr'><strong>venalitate</strong></span> <span class='ocrx_word' id='word_1_147' title='bbox 862 2253 1185 2322; x_wconf 77' lang='lat' dir='ltr'><strong>taxandam;</strong></span> <span class='ocrx_word' id='word_1_148' title='bbox 1227 2264 1286 2311; x_wconf 91' lang='lat' dir='ltr'><strong>ut</strong></span> <span class='ocrx_word' id='word_1_149' title='bbox 1326 2257 1452 2311; x_wconf 88' lang='lat' dir='ltr'><strong>dum</strong></span> <span class='ocrx_word' id='word_1_150' title='bbox 1489 2256 1646 2314; x_wconf 88' lang='lat' dir='ltr'><strong>fuerit</strong></span> <span class='ocrx_word' id='word_1_151' title='bbox 1698 2275 1873 2316; x_wconf 44' lang='lat' dir='ltr'><strong>reme</strong></span> 
     </span>
    </p>
   </div>
   <div class='ocr_carea' id='block_1_24' title="bbox 257 2342 1872 2420">
    <p class='ocr_par' dir='ltr' id='par_1_24' title="bbox 257 2342 1872 2420">
     <span class='ocr_line' id='line_1_24' title="bbox 257 2342 1872 2420; baseline 0.008 -24"><span class='ocrx_word' id='word_1_152' title='bbox 257 2342 418 2398; x_wconf 85' lang='lat' dir='ltr'><strong>dium</strong></span> <span class='ocrx_word' id='word_1_153' title='bbox 446 2344 760 2412; x_wconf 84' lang='lat' dir='ltr'><strong>gratuitum,</strong></span> <span class='ocrx_word' id='word_1_154' title='bbox 790 2346 964 2416; x_wconf 89' lang='lat' dir='ltr'><strong>possit</strong></span> <span class='ocrx_word' id='word_1_155' title='bbox 1001 2347 1238 2405; x_wconf 78' lang='lat' dir='ltr'><strong>existere</strong></span> <span class='ocrx_word' id='word_1_156' title='bbox 1280 2350 1628 2408; x_wconf 87' lang='lat' dir='ltr'><strong>nihilominus</strong></span> <span class='ocrx_word' id='word_1_157' title='bbox 1670 2353 1872 2420; x_wconf 87' lang='lat' dir='ltr'><strong>glorio—</strong></span> 
     </span>
    </p>
   </div>
   <div class='ocr_carea' id='block_1_25' title="bbox 256 2434 1866 2513">
    <p class='ocr_par' dir='ltr' id='par_1_25' title="bbox 256 2434 1866 2513">
     <span class='ocr_line' id='line_1_25' title="bbox 256 2434 1866 2513; baseline 0.005 -21"><span class='ocrx_word' id='word_1_158' title='bbox 256 2450 412 2492; x_wconf 89' lang='lat' dir='ltr'><strong>sum.</strong></span> <span class='ocrx_word' id='word_1_159' title='bbox 438 2434 709 2492; x_wconf 84' lang='lat' dir='ltr'><strong>Noveritis</strong></span> <span class='ocrx_word' id='word_1_160' title='bbox 735 2437 878 2493; x_wconf 91' lang='lat' dir='ltr'><strong>enim</strong></span> <span class='ocrx_word' id='word_1_161' title='bbox 901 2439 1052 2507; x_wconf 82' lang='lat' dir='ltr'><strong>gravi</strong></span> <span class='ocrx_word' id='word_1_162' title='bbox 1076 2456 1174 2495; x_wconf 92' lang='lat' dir='ltr'><strong>vos</strong></span> <span class='ocrx_word' id='word_1_163' title='bbox 1194 2439 1386 2510; x_wconf 85' lang='lat' dir='ltr'><strong>subjici</strong></span> <span class='ocrx_word' id='word_1_164' title='bbox 1414 2458 1574 2513; x_wconf 88' lang='lat' dir='ltr'><strong>posse</strong></span> <span class='ocrx_word' id='word_1_165' title='bbox 1601 2443 1866 2512; x_wconf 66' lang='lat' dir='ltr'><strong>vindictae,</strong></span> 
     </span>
    </p>
   </div>
   <div class='ocr_carea' id='block_1_26' title="bbox 253 2526 1870 2599">
    <p class='ocr_par' dir='ltr' id='par_1_26' title="bbox 253 2526 1870 2599">
     <span class='ocr_line' id='line_1_26' title="bbox 253 2526 1870 2599; baseline 0.005 -15"><span class='ocrx_word' id='word_1_166' title='bbox 253 2528 309 2584; x_wconf 85' lang='lat' dir='ltr'><strong>si</strong></span> <span class='ocrx_word' id='word_1_167' title='bbox 356 2526 488 2598; x_wconf 88' lang='lat' dir='ltr'><strong>quid</strong></span> <span class='ocrx_word' id='word_1_168' title='bbox 534 2528 882 2586; x_wconf 88' lang='lat' dir='ltr'><strong>interdictum</strong></span> <span class='ocrx_word' id='word_1_169' title='bbox 930 2538 1014 2586; x_wconf 89' lang='lat' dir='ltr'><strong>est</strong></span> <span class='ocrx_word' id='word_1_170' title='bbox 1041 2530 1176 2599; x_wconf 89' lang='lat' dir='ltr'><strong>dari,</strong></span> <span class='ocrx_word' id='word_1_171' title='bbox 1225 2548 1254 2588; x_wconf 94' lang='lat' dir='ltr'><strong>a</strong></span> <span class='ocrx_word' id='word_1_172' title='bbox 1284 2533 1436 2592; x_wconf 90' lang='lat' dir='ltr'><strong>vobis</strong></span> <span class='ocrx_word' id='word_1_173' title='bbox 1482 2534 1730 2591; x_wconf 88' lang='lat' dir='ltr'><strong>videatur</strong></span> <span class='ocrx_word' id='word_1_174' title='bbox 1774 2551 1870 2592; x_wconf 78' lang='lat' dir='ltr'><strong>ac~</strong></span> 
     </span>
    </p>
   </div>
   <div class='ocr_carea' id='block_1_27' title="bbox 243 2629 505 2693">
    <p class='ocr_par' dir='ltr' id='par_1_27' title="bbox 243 2629 505 2693">
     <span class='ocr_line' id='line_1_27' title="bbox 243 2629 505 2693; baseline 0.011 -19"><span class='ocrx_word' id='word_1_175' title='bbox 243 2629 505 2693; x_wconf 78' lang='lat' dir='ltr'><strong>.ceptum.</strong></span> 
     </span>
    </p>
   </div>
   <div class='ocr_carea' id='block_1_28' title="bbox 771 2773 1360 2835">
    <p class='ocr_par' dir='ltr' id='par_1_28' title="bbox 771 2773 1360 2835">
     <span class='ocr_line' id='line_1_28' title="bbox 771 2773 1360 2835; baseline 0.007 -6"><span class='ocrx_word' id='word_1_176' title='bbox 771 2773 1110 2832; x_wconf 81' lang='lat' dir='ltr'><strong>EPISTULA</strong></span> <span class='ocrx_word' id='word_1_177' title='bbox 1148 2777 1360 2835; x_wconf 78' lang='lat' dir='ltr'><strong>XXVII.</strong></span> 
     </span>
    </p>
   </div>
   <div class='ocr_carea' id='block_1_29' title="bbox 256 2902 1867 2972">
    <p class='ocr_par' dir='ltr' id='par_1_29' title="bbox 256 2902 1867 2972">
     <span class='ocr_line' id='line_1_29' title="bbox 256 2902 1867 2972; baseline 0.006 -26"><span class='ocrx_word' id='word_1_178' title='bbox 256 2902 430 2946; x_wconf 75' lang='lat' dir='ltr'><strong>DATIO</strong></span> <span class='ocrx_word' id='word_1_179' title='bbox 486 2904 739 2948; x_wconf 80' lang='lat' dir='ltr'><strong>EPISCOPO</strong></span> <span class='ocrx_word' id='word_1_180' title='bbox 804 2907 1194 2949; x_wconf 71' lang='lat' dir='ltr'><strong>MEDIOLANENSI</strong></span> <span class='ocrx_word' id='word_1_181' title='bbox 1258 2910 1498 2952; x_wconf 75' lang='lat' dir='ltr'><strong>SENA&#39;I&#39;OR</strong></span> <span class='ocrx_word' id='word_1_182' title='bbox 1546 2913 1867 2972; x_wconf 66' lang='grc' dir='ltr'><strong>ῐιηιειιτεοτυε</strong></span> 
     </span>
    </p>
   </div>
   <div class='ocr_carea' id='block_1_30' title="bbox 869 2975 1248 3020">
    <p class='ocr_par' dir='ltr' id='par_1_30' title="bbox 869 2975 1248 3020">
     <span class='ocr_line' id='line_1_30' title="bbox 869 2975 1248 3020; baseline 0.005 -2"><span class='ocrx_word' id='word_1_183' title='bbox 869 2980 1156 3019; x_wconf 69' lang='grc' dir='ltr'><strong>ΡΒίΕΤΟΙιΙΟ</strong></span> <span class='ocrx_word' id='word_1_184' title='bbox 1198 2975 1248 3020; x_wconf 59' lang='lat' dir='ltr'><strong>ﬁ.</strong></span> 
     </span>
    </p>
   </div>
   <div class='ocr_carea' id='block_1_31' title="bbox 256 3048 1859 3131">
    <p class='ocr_par' dir='ltr' id='par_1_31' title="bbox 256 3048 1859 3131">
     <span class='ocr_line' id='line_1_31' title="bbox 256 3048 1859 3131; baseline 0.007 -25"><span class='ocrx_word' id='word_1_185' title='bbox 256 3048 435 3106; x_wconf 79' lang='lat' dir='ltr'><strong>Mittit</strong></span> <span class='ocrx_word' id='word_1_186' title='bbox 489 3050 749 3123; x_wconf 79' lang='lat' dir='ltr'><strong>ingentem</strong></span> <span class='ocrx_word' id='word_1_187' title='bbox 787 3053 962 3131; x_wconf 66' lang='lat' dir='ltr'><strong>panici</strong></span> <span class='ocrx_word' id='word_1_188' title='bbox 995 3071 1299 3131; x_wconf 39' lang='lat' dir='ltr'><strong>‘numerum</strong></span> <span class='ocrx_word' id='word_1_189' title='bbox 1344 3058 1532 3128; x_wconf 84' lang='lat' dir='ltr'><strong>papula</strong></span> <span class='ocrx_word' id='word_1_190' title='bbox 1588 3063 1859 3131; x_wconf 84' lang='lat' dir='ltr'><strong>penuriam</strong></span> 
     </span>
    </p>
   </div>
   <div class='ocr_carea' id='block_1_32' title="bbox 720 3123 1406 3194">
    <p class='ocr_par' dir='ltr' id='par_1_32' title="bbox 720 3123 1406 3194">
     <span class='ocr_line' id='line_1_32' title="bbox 720 3123 1406 3194; baseline 0.009 -19"><span class='ocrx_word' id='word_1_191' title='bbox 720 3123 940 3194; x_wconf 73' lang='lat' dir='ltr'><strong>patienti</strong></span> <span class='ocrx_word' id='word_1_192' title='bbox 971 3123 1406 3181; x_wconf 75' lang='lat' dir='ltr'><strong>distribuendum.</strong></span> 
     </span>
    </p>
   </div>
   <div class='ocr_carea' id='block_1_33' title="bbox 340 3235 1862 3317">
    <p class='ocr_par' dir='ltr' id='par_1_33' title="bbox 340 3235 1862 3317">
     <span class='ocr_line' id='line_1_33' title="bbox 340 3235 1862 3317; baseline 0.009 -27"><span class='ocrx_word' id='word_1_193' title='bbox 340 3235 516 3300; x_wconf 79' lang='lat' dir='ltr'><strong>Minus</strong></span> <span class='ocrx_word' id='word_1_194' title='bbox 543 3237 764 3310; x_wconf 87' lang='lat' dir='ltr'><strong>prodest</strong></span> <span class='ocrx_word' id='word_1_195' title='bbox 801 3238 1004 3295; x_wconf 91' lang='lat' dir='ltr'><strong>bonum</strong></span> <span class='ocrx_word' id='word_1_196' title='bbox 1053 3241 1193 3316; x_wconf 86' lang='lat' dir='ltr'><strong>[Ac.,</strong></span> <span class='ocrx_word' id='word_1_197' title='bbox 1244 3243 1453 3317; x_wconf 91' lang='lat' dir='ltr'><strong>verum]</strong></span> <span class='ocrx_word' id='word_1_198' title='bbox 1493 3245 1704 3315; x_wconf 88' lang='lat' dir='ltr'><strong>jubere,</strong></span> <span class='ocrx_word' id='word_1_199' title='bbox 1761 3247 1862 3306; x_wconf 92' lang='lat' dir='ltr'><strong>nisi</strong></span> 
     </span>
    </p>
   </div>
   <div class='ocr_carea' id='block_1_34' title="bbox 259 3329 1864 3412">
    <p class='ocr_par' dir='ltr' id='par_1_34' title="bbox 259 3329 1864 3412">
     <span class='ocr_line' id='line_1_34' title="bbox 259 3329 1864 3412; baseline 0.007 -28"><span class='ocrx_word' id='word_1_200' title='bbox 259 3329 500 3412; x_wconf 73' lang='lat' dir='ltr'><strong>hocper</strong></span> <span class='ocrx_word' id='word_1_201' title='bbox 542 3330 686 3386; x_wconf 89' lang='lat' dir='ltr'><strong>viros</strong></span> <span class='ocrx_word' id='word_1_202' title='bbox 715 3332 1088 3389; x_wconf 88' lang='lat' dir='ltr'><strong>sanctissimos</strong></span> <span class='ocrx_word' id='word_1_203' title='bbox 1133 3335 1361 3391; x_wconf 87' lang='lat' dir='ltr'><strong>velimus</strong></span> <span class='ocrx_word' id='word_1_204' title='bbox 1404 3337 1639 3394; x_wconf 81' lang='lat' dir='ltr'><strong>efficere.</strong></span> <span class='ocrx_word' id='word_1_205' title='bbox 1687 3339 1864 3410; x_wconf 82' lang='lat' dir='ltr'><strong>Auget</strong></span> 
     </span>
    </p>
   </div>
   <div class='ocr_carea' id='block_1_35' title="bbox 258 3419 1862 3501">
    <p class='ocr_par' dir='ltr' id='par_1_35' title="bbox 258 3419 1862 3501">
     <span class='ocr_line' id='line_1_35' title="bbox 258 3419 1862 3501; baseline 0.006 -24"><span class='ocrx_word' id='word_1_206' title='bbox 258 3421 410 3498; x_wconf 85' lang='lat' dir='ltr'><strong>enim</strong></span> <span class='ocrx_word' id='word_1_207' title='bbox 433 3419 750 3477; x_wconf 86' lang='lat' dir='ltr'><strong>beneficium</strong></span> <span class='ocrx_word' id='word_1_208' title='bbox 772 3423 1022 3479; x_wconf 83' lang='lat' dir='ltr'><strong>voluntas</strong></span> <span class='ocrx_word' id='word_1_209' title='bbox 1044 3434 1190 3481; x_wconf 89' lang='lat' dir='ltr'><strong>recta</strong></span> <span class='ocrx_word' id='word_1_210' title='bbox 1209 3425 1475 3496; x_wconf 91' lang='lat' dir='ltr'><strong>justorum</strong></span> <span class='ocrx_word' id='word_1_211' title='bbox 1498 3445 1513 3496; x_wconf 92' lang='lat'><strong>;</strong></span> <span class='ocrx_word' id='word_1_212' title='bbox 1537 3430 1862 3501; x_wconf 89' lang='lat' dir='ltr'><strong>etquidquid</strong></span> 
     </span>
    </p>
   </div>
   <div class='ocr_carea' id='block_1_36' title="bbox 259 3512 1862 3594">
    <p class='ocr_par' dir='ltr' id='par_1_36' title="bbox 259 3512 1862 3594">
     <span class='ocr_line' id='line_1_36' title="bbox 259 3512 1862 3594; baseline 0.007 -26"><span class='ocrx_word' id='word_1_213' title='bbox 259 3512 384 3569; x_wconf 89' lang='lat' dir='ltr'><strong>sine</strong></span> <span class='ocrx_word' id='word_1_214' title='bbox 413 3513 600 3570; x_wconf 80' lang='lat' dir='ltr'><strong>fraude</strong></span> <span class='ocrx_word' id='word_1_215' title='bbox 621 3515 846 3584; x_wconf 83' lang='lat' dir='ltr'><strong>geritur,</strong></span> <span class='ocrx_word' id='word_1_216' title='bbox 876 3515 983 3572; x_wconf 91' lang='lat' dir='ltr'><strong>hoc</strong></span> <span class='ocrx_word' id='word_1_217' title='bbox 1011 3533 1139 3573; x_wconf 87' lang='lat' dir='ltr'><strong>vere</strong></span> <span class='ocrx_word' id='word_1_218' title='bbox 1167 3517 1420 3576; x_wconf 84' lang='lat' dir='ltr'><strong>donantis</strong></span> <span class='ocrx_word' id='word_1_219' title='bbox 1459 3521 1665 3578; x_wconf 88' lang='lat' dir='ltr'><strong>meritis</strong></span> <span class='ocrx_word' id='word_1_220' title='bbox 1691 3523 1862 3594; x_wconf 88' lang='lat' dir='ltr'><strong>appli-</strong></span> 
     </span>
    </p>
   </div>
   <div class='ocr_carea' id='block_1_37' title="bbox 257 3607 1862 3685">
    <p class='ocr_par' dir='ltr' id='par_1_37' title="bbox 257 3607 1862 3685">
     <span class='ocr_line' id='line_1_37' title="bbox 257 3607 1862 3685; baseline 0.005 -21"><span class='ocrx_word' id='word_1_221' title='bbox 257 3615 439 3664; x_wconf 88' lang='lat' dir='ltr'><strong>catur.</strong></span> <span class='ocrx_word' id='word_1_222' title='bbox 473 3607 638 3664; x_wconf 90' lang='lat' dir='ltr'><strong>Decet</strong></span> <span class='ocrx_word' id='word_1_223' title='bbox 670 3609 813 3664; x_wconf 86' lang='lat' dir='ltr'><strong>enim</strong></span> <span class='ocrx_word' id='word_1_224' title='bbox 840 3617 899 3664; x_wconf 92' lang='lat' dir='ltr'><strong>ut</strong></span> <span class='ocrx_word' id='word_1_225' title='bbox 928 3607 1350 3668; x_wconf 82' lang='lat' dir='ltr'><strong>munificentiam</strong></span> <span class='ocrx_word' id='word_1_226' title='bbox 1381 3613 1732 3685; x_wconf 85' lang='lat' dir='ltr'><strong>principalem</strong></span> <span class='ocrx_word' id='word_1_227' title='bbox 1775 3631 1862 3672; x_wconf 91' lang='lat' dir='ltr'><strong>sa-</strong></span> 
     </span>
    </p>
   </div>
   <div class='ocr_carea' id='block_1_38' title="bbox 243 3700 1857 3777">
    <p class='ocr_par' dir='ltr' id='par_1_38' title="bbox 243 3700 1857 3777">
     <span class='ocr_line' id='line_1_38' title="bbox 243 3700 1857 3777; baseline 0.004 -20"><span class='ocrx_word' id='word_1_228' title='bbox 243 3700 555 3768; x_wconf 75' lang='lat' dir='ltr'><strong>cerdotalis</strong></span> <span class='ocrx_word' id='word_1_229' title='bbox 584 3702 795 3772; x_wconf 88' lang='lat' dir='ltr'><strong>puritas</strong></span> <span class='ocrx_word' id='word_1_230' title='bbox 831 3711 1175 3773; x_wconf 83' lang='lat' dir='ltr'><strong>exsequatur.</strong></span> <span class='ocrx_word' id='word_1_231' title='bbox 1206 3704 1338 3759; x_wconf 88' lang='lat' dir='ltr'><strong>Nam</strong></span> <span class='ocrx_word' id='word_1_232' title='bbox 1379 3707 1462 3762; x_wconf 90' lang='lat' dir='ltr'><strong>cui</strong></span> <span class='ocrx_word' id='word_1_233' title='bbox 1494 3715 1576 3762; x_wconf 86' lang='lat' dir='ltr'><strong>est</strong></span> <span class='ocrx_word' id='word_1_234' title='bbox 1604 3707 1857 3777; x_wconf 91' lang='lat' dir='ltr'><strong>studium,</strong></span> 
     </span>
    </p>
   </div>
   <div class='ocr_carea' id='block_1_39' title="bbox 253 3792 1859 3868">
    <p class='ocr_par' dir='ltr' id='par_1_39' title="bbox 253 3792 1859 3868">
     <span class='ocr_line' id='line_1_39' title="bbox 253 3792 1859 3868; baseline 0.004 -19"><span class='ocrx_word' id='word_1_235' title='bbox 253 3792 466 3849; x_wconf 87' lang='lat' dir='ltr'><strong>bonum</strong></span> <span class='ocrx_word' id='word_1_236' title='bbox 493 3792 560 3848; x_wconf 92' lang='lat' dir='ltr'><strong>de</strong></span> <span class='ocrx_word' id='word_1_237' title='bbox 593 3793 815 3864; x_wconf 91' lang='lat' dir='ltr'><strong>proprio</strong></span> <span class='ocrx_word' id='word_1_238' title='bbox 845 3792 1045 3860; x_wconf 89' lang='lat' dir='ltr'><strong>facere,</strong></span> <span class='ocrx_word' id='word_1_239' title='bbox 1076 3794 1420 3852; x_wconf 88' lang='lat' dir='ltr'><strong>laudabiliter</strong></span> <span class='ocrx_word' id='word_1_240' title='bbox 1458 3804 1639 3868; x_wconf 89' lang='lat' dir='ltr'><strong>potest</strong></span> <span class='ocrx_word' id='word_1_241' title='bbox 1683 3799 1859 3856; x_wconf 90' lang='lat' dir='ltr'><strong>aliena</strong></span> 
     </span>
    </p>
   </div>
   <div class='ocr_carea' id='block_1_40' title="bbox 254 3883 1860 3960">
    <p class='ocr_par' dir='ltr' id='par_1_40' title="bbox 254 3883 1860 3960">
     <span class='ocr_line' id='line_1_40' title="bbox 254 3883 1860 3960; baseline 0.005 -20"><span class='ocrx_word' id='word_1_242' title='bbox 254 3892 391 3940; x_wconf 81' lang='lat' dir='ltr'><strong>vota</strong></span> <span class='ocrx_word' id='word_1_243' title='bbox 415 3884 709 3955; x_wconf 86' lang='lat' dir='ltr'><strong>complere.</strong></span> <span class='ocrx_word' id='word_1_244' title='bbox 743 3883 811 3939; x_wconf 88' lang='lat' dir='ltr'><strong>Et</strong></span> <span class='ocrx_word' id='word_1_245' title='bbox 841 3884 962 3940; x_wconf 92' lang='lat' dir='ltr'><strong>ideo</strong></span> <span class='ocrx_word' id='word_1_246' title='bbox 987 3887 1326 3942; x_wconf 87' lang='lat' dir='ltr'><strong>sanctitatem</strong></span> <span class='ocrx_word' id='word_1_247' title='bbox 1356 3896 1587 3944; x_wconf 87' lang='lat' dir='ltr'><strong>vestram</strong></span> <span class='ocrx_word' id='word_1_248' title='bbox 1626 3891 1860 3960; x_wconf 90' lang='lat' dir='ltr'><strong>petimus</strong></span> 
     </span>
    </p>
   </div>
   <div class='ocr_carea' id='block_1_41' title="bbox 257 3974 1859 4052">
    <p class='ocr_par' dir='ltr' id='par_1_41' title="bbox 257 3974 1859 4052">
     <span class='ocr_line' id='line_1_41' title="bbox 257 3974 1859 4052; baseline 0.004 -20"><span class='ocrx_word' id='word_1_249' title='bbox 257 3974 441 4048; x_wconf 87' lang='lat' dir='ltr'><strong>(cujus</strong></span> <span class='ocrx_word' id='word_1_250' title='bbox 462 3977 725 4047; x_wconf 88' lang='lat' dir='ltr'><strong>propositi</strong></span> <span class='ocrx_word' id='word_1_251' title='bbox 754 3983 839 4032; x_wconf 90' lang='lat' dir='ltr'><strong>est</strong></span> <span class='ocrx_word' id='word_1_252' title='bbox 867 3975 1061 4033; x_wconf 85' lang='lat' dir='ltr'><strong>divinis</strong></span> <span class='ocrx_word' id='word_1_253' title='bbox 1090 3978 1352 4034; x_wconf 89' lang='lat' dir='ltr'><strong>inservire</strong></span> <span class='ocrx_word' id='word_1_254' title='bbox 1389 3979 1677 4052; x_wconf 88' lang='lat' dir='ltr'><strong>mandatis)</strong></span> <span class='ocrx_word' id='word_1_255' title='bbox 1705 3990 1765 4038; x_wconf 89' lang='lat' dir='ltr'><strong>ut</strong></span> <span class='ocrx_word' id='word_1_256' title='bbox 1791 3982 1859 4039; x_wconf 91' lang='lat' dir='ltr'><strong>de</strong></span> 
     </span>
    </p>
   </div>
   <div class='ocr_carea' id='block_1_42' title="bbox 253 4067 1855 4145">
    <p class='ocr_par' dir='ltr' id='par_1_42' title="bbox 253 4067 1855 4145">
     <span class='ocr_line' id='line_1_42' title="bbox 253 4067 1855 4145; baseline 0.005 -22"><span class='ocrx_word' id='word_1_257' title='bbox 253 4067 474 4123; x_wconf 88' lang='lat' dir='ltr'><strong>horreis</strong></span> <span class='ocrx_word' id='word_1_258' title='bbox 492 4067 863 4124; x_wconf 90' lang='lat' dir='ltr'><strong>Ticinensihus</strong></span> <span class='ocrx_word' id='word_1_259' title='bbox 883 4077 938 4125; x_wconf 90' lang='lat' dir='ltr'><strong>et</strong></span> <span class='ocrx_word' id='word_1_260' title='bbox 958 4068 1378 4129; x_wconf 90' lang='lat' dir='ltr'><strong>Dertonensibus</strong></span> <span class='ocrx_word' id='word_1_261' title='bbox 1400 4073 1576 4144; x_wconf 91' lang='lat' dir='ltr'><strong>panici</strong></span> <span class='ocrx_word' id='word_1_262' title='bbox 1597 4075 1855 4145; x_wconf 88' lang='lat' dir='ltr'><strong>speciem,</strong></span> 
     </span>
    </p>
   </div>
   <div class='ocr_carea' id='block_1_43' title="bbox 251 4159 1856 4235">
    <p class='ocr_par' dir='ltr' id='par_1_43' title="bbox 251 4159 1856 4235">
     <span class='ocr_line' id='line_1_43' title="bbox 251 4159 1856 4235; baseline 0.005 -21"><span class='ocrx_word' id='word_1_263' title='bbox 251 4160 401 4215; x_wconf 90' lang='lat' dir='ltr'><strong>sicut</strong></span> <span class='ocrx_word' id='word_1_264' title='bbox 427 4174 456 4214; x_wconf 91' lang='lat' dir='ltr'><strong>a</strong></span> <span class='ocrx_word' id='word_1_265' title='bbox 485 4159 725 4230; x_wconf 88' lang='lat' dir='ltr'><strong>principe</strong></span> <span class='ocrx_word' id='word_1_266' title='bbox 757 4159 967 4230; x_wconf 90' lang='lat' dir='ltr'><strong>jussum</strong></span> <span class='ocrx_word' id='word_1_267' title='bbox 1009 4169 1110 4228; x_wconf 90' lang='lat' dir='ltr'><strong>est,</strong></span> <span class='ocrx_word' id='word_1_268' title='bbox 1154 4164 1367 4218; x_wconf 89' lang='lat' dir='ltr'><strong>tertiam</strong></span> <span class='ocrx_word' id='word_1_269' title='bbox 1401 4165 1703 4235; x_wconf 89' lang='lat' dir='ltr'><strong>portionem</strong></span> <span class='ocrx_word' id='word_1_270' title='bbox 1729 4181 1856 4223; x_wconf 84' lang='lat' dir='ltr'><strong>esu-</strong></span> 
     </span>
    </p>
   </div>
   <div class='ocr_carea' id='block_1_44' title="bbox 251 4251 1857 4326">
    <p class='ocr_par' dir='ltr' id='par_1_44' title="bbox 251 4251 1857 4326">
     <span class='ocr_line' id='line_1_44' title="bbox 251 4251 1857 4326; baseline 0.004 -19"><span class='ocrx_word' id='word_1_271' title='bbox 251 4251 421 4307; x_wconf 88' lang='lat' dir='ltr'><strong>rienti</strong></span> <span class='ocrx_word' id='word_1_272' title='bbox 442 4251 642 4322; x_wconf 88' lang='lat' dir='ltr'><strong>populo</strong></span> <span class='ocrx_word' id='word_1_273' title='bbox 674 4251 739 4318; x_wconf 86' lang='lat' dir='ltr'><strong>ad</strong></span> <span class='ocrx_word' id='word_1_274' title='bbox 760 4253 946 4322; x_wconf 84' lang='lat' dir='ltr'><strong>viginti</strong></span> <span class='ocrx_word' id='word_1_275' title='bbox 978 4255 1214 4325; x_wconf 88' lang='lat' dir='ltr'><strong>quinque</strong></span> <span class='ocrx_word' id='word_1_276' title='bbox 1237 4253 1447 4314; x_wconf 85' lang='lat' dir='ltr'><strong>modios</strong></span> <span class='ocrx_word' id='word_1_277' title='bbox 1473 4271 1589 4326; x_wconf 64' lang='lat' dir='ltr'><strong>,per</strong></span> <span class='ocrx_word' id='word_1_278' title='bbox 1625 4257 1857 4314; x_wconf 89' lang='lat' dir='ltr'><strong>solidum</strong></span> 
     </span>
    </p>
   </div>
   <div class='ocr_carea' id='block_1_45' title="bbox 253 4343 1858 4417">
    <p class='ocr_par' dir='ltr' id='par_1_45' title="bbox 253 4343 1858 4417">
     <span class='ocr_line' id='line_1_45' title="bbox 253 4343 1858 4417; baseline 0.003 -19"><span class='ocrx_word' id='word_1_279' title='bbox 253 4343 486 4398; x_wconf 85' lang='lat' dir='ltr'><strong>distrahi</strong></span> <span class='ocrx_word' id='word_1_280' title='bbox 534 4343 635 4398; x_wconf 91' lang='lat' dir='ltr'><strong>sub</strong></span> <span class='ocrx_word' id='word_1_281' title='bbox 665 4352 848 4398; x_wconf 88' lang='lat' dir='ltr'><strong>nostra</strong></span> <span class='ocrx_word' id='word_1_282' title='bbox 889 4345 1232 4400; x_wconf 82' lang='lat' dir='ltr'><strong>ordinatione</strong></span> <span class='ocrx_word' id='word_1_283' title='bbox 1282 4343 1512 4411; x_wconf 86' lang='lat' dir='ltr'><strong>faciatis,</strong></span> <span class='ocrx_word' id='word_1_284' title='bbox 1563 4362 1633 4401; x_wconf 85' lang='lat' dir='ltr'><strong>ne</strong></span> <span class='ocrx_word' id='word_1_285' title='bbox 1677 4346 1858 4417; x_wconf 89' lang='lat' dir='ltr'><strong>cujus-</strong></span> 
     </span>
    </p>
   </div>
   <div class='ocr_carea' id='block_1_46' title="bbox 253 4437 1856 4511">
    <p class='ocr_par' dir='ltr' id='par_1_46' title="bbox 253 4437 1856 4511">
     <span class='ocr_line' id='line_1_46' title="bbox 253 4437 1856 4511; baseline 0.003 -19"><span class='ocrx_word' id='word_1_286' title='bbox 253 4455 424 4511; x_wconf 89' lang='lat' dir='ltr'><strong>quam</strong></span> <span class='ocrx_word' id='word_1_287' title='bbox 451 4438 740 4494; x_wconf 87' lang='lat' dir='ltr'><strong>venalitate</strong></span> <span class='ocrx_word' id='word_1_288' title='bbox 769 4437 836 4493; x_wconf 89' lang='lat' dir='ltr'><strong>ad</strong></span> <span class='ocrx_word' id='word_1_289' title='bbox 860 4437 980 4493; x_wconf 91' lang='lat' dir='ltr'><strong>illos</strong></span> <span class='ocrx_word' id='word_1_290' title='bbox 1016 4438 1316 4508; x_wconf 84' lang='lat' dir='ltr'><strong>perveniat,</strong></span> <span class='ocrx_word' id='word_1_291' title='bbox 1340 4439 1432 4508; x_wconf 92' lang='lat' dir='ltr'><strong>qui</strong></span> <span class='ocrx_word' id='word_1_292' title='bbox 1456 4453 1514 4494; x_wconf 88' lang='lat' dir='ltr'><strong>se</strong></span> <span class='ocrx_word' id='word_1_293' title='bbox 1541 4439 1610 4496; x_wconf 91' lang='lat' dir='ltr'><strong>de</strong></span> <span class='ocrx_word' id='word_1_294' title='bbox 1634 4441 1856 4511; x_wconf 87' lang='lat' dir='ltr'><strong>proprio</strong></span> 
     </span>
    </p>
   </div>
   <div class='ocr_carea' id='block_1_47' title="bbox 251 4527 1855 4599">
    <p class='ocr_par' dir='ltr' id='par_1_47' title="bbox 251 4527 1855 4599">
     <span class='ocr_line' id='line_1_47' title="bbox 251 4527 1855 4599; baseline 0.002 -15"><span class='ocrx_word' id='word_1_295' title='bbox 251 4528 512 4584; x_wconf 89' lang='lat' dir='ltr'><strong>videntur</strong></span> <span class='ocrx_word' id='word_1_296' title='bbox 533 4543 693 4599; x_wconf 86' lang='lat' dir='ltr'><strong>posse</strong></span> <span class='ocrx_word' id='word_1_297' title='bbox 721 4529 1040 4597; x_wconf 86' lang='lat' dir='ltr'><strong>transigere.</strong></span> <span class='ocrx_word' id='word_1_298' title='bbox 1072 4527 1315 4599; x_wconf 83' lang='lat' dir='ltr'><strong>Accipiat</strong></span> <span class='ocrx_word' id='word_1_299' title='bbox 1337 4529 1514 4584; x_wconf 89' lang='lat' dir='ltr'><strong>minus</strong></span> <span class='ocrx_word' id='word_1_300' title='bbox 1537 4529 1745 4587; x_wconf 86' lang='lat' dir='ltr'><strong>habens</strong></span> <span class='ocrx_word' id='word_1_301' title='bbox 1769 4531 1855 4586; x_wconf 84' lang='lat' dir='ltr'><strong>in-</strong></span> 
     </span>
    </p>
   </div>
   <div class='ocr_carea' id='block_1_48' title="bbox 253 4619 1856 4695">
    <p class='ocr_par' dir='ltr' id='par_1_48' title="bbox 253 4619 1856 4695">
     <span class='ocr_line' id='line_1_48' title="bbox 253 4619 1856 4695; baseline 0.001 -19"><span class='ocrx_word' id='word_1_302' title='bbox 253 4620 588 4689; x_wconf 86' lang='lat' dir='ltr'><strong>dulgentiam</strong></span> <span class='ocrx_word' id='word_1_303' title='bbox 637 4620 1007 4691; x_wconf 83' lang='lat' dir='ltr'><strong>principalem.</strong></span> <span class='ocrx_word' id='word_1_304' title='bbox 1039 4619 1332 4690; x_wconf 85' lang='lat' dir='ltr'><strong>Egentibus</strong></span> <span class='ocrx_word' id='word_1_305' title='bbox 1353 4621 1560 4690; x_wconf 90' lang='lat' dir='ltr'><strong>jussum</strong></span> <span class='ocrx_word' id='word_1_306' title='bbox 1602 4621 1752 4695; x_wconf 83' lang='lat' dir='ltr'><strong>[Niv.</strong></span> <span class='ocrx_word' id='word_1_307' title='bbox 1804 4632 1856 4678; x_wconf 82' lang='lat' dir='ltr'><strong>et</strong></span> 
     </span>
    </p>
   </div>
   <div class='ocr_carea' id='block_1_49' title="bbox 1976 601 3656 673">
    <p class='ocr_par' dir='ltr' id='par_1_49' title="bbox 1976 601 3656 673">
     <span class='ocr_line' id='line_1_49' title="bbox 1976 601 3656 673; baseline 0.012 -18"><span class='ocrx_word' id='word_1_308' title='bbox 1976 615 2043 655; x_wconf 82' lang='lat' dir='ltr'><strong>ex</strong></span> <span class='ocrx_word' id='word_1_309' title='bbox 2073 616 2132 656; x_wconf 90' lang='lat' dir='ltr'><strong>se</strong></span> <span class='ocrx_word' id='word_1_310' title='bbox 2158 601 2375 669; x_wconf 80' lang='lat' dir='ltr'><strong>faciant,</strong></span> <span class='ocrx_word' id='word_1_311' title='bbox 2408 603 2504 660; x_wconf 89' lang='lat' dir='ltr'><strong>sed</strong></span> <span class='ocrx_word' id='word_1_312' title='bbox 2531 609 2904 666; x_wconf 89' lang='lat' dir='ltr'><strong>tantummodo</strong></span> <span class='ocrx_word' id='word_1_313' title='bbox 2931 610 3088 668; x_wconf 88' lang='lat' dir='ltr'><strong>vobis</strong></span> <span class='ocrx_word' id='word_1_314' title='bbox 3108 609 3326 670; x_wconf 89' lang='lat' dir='ltr'><strong>obedire</strong></span> <span class='ocrx_word' id='word_1_315' title='bbox 3347 623 3576 673; x_wconf 87' lang='lat' dir='ltr'><strong>conten-</strong></span> <span class='ocrx_word' id='word_1_316' title='bbox 3652 647 3656 650; x_wconf 93' lang='lat'><strong><em>-</em></strong></span> 
     </span>
    </p>
   </div>
   <div class='ocr_carea' id='block_1_50' title="bbox 1976 694 3571 784">
    <p class='ocr_par' dir='ltr' id='par_1_50' title="bbox 1976 694 3571 784">
     <span class='ocr_line' id='line_1_50' title="bbox 1976 694 3571 784; baseline 0.011 -35"><span class='ocrx_word' id='word_1_317' title='bbox 1976 694 2123 750; x_wconf 89' lang='lat' dir='ltr'><strong>dant.</strong></span> <span class='ocrx_word' id='word_1_318' title='bbox 2157 694 2325 756; x_wconf 86' lang='lat' dir='ltr'><strong>Solidi</strong></span> <span class='ocrx_word' id='word_1_319' title='bbox 2343 712 2475 754; x_wconf 91' lang='lat' dir='ltr'><strong>vero</strong></span> <span class='ocrx_word' id='word_1_320' title='bbox 2503 700 2689 769; x_wconf 89' lang='lat' dir='ltr'><strong>quanti</strong></span> <span class='ocrx_word' id='word_1_321' title='bbox 2715 715 2786 759; x_wconf 82' lang='lat' dir='ltr'><strong>ex</strong></span> <span class='ocrx_word' id='word_1_322' title='bbox 2810 704 3116 774; x_wconf 83' lang='lat' dir='ltr'><strong>supradicta</strong></span> <span class='ocrx_word' id='word_1_323' title='bbox 3142 708 3444 778; x_wconf 84' lang='lat' dir='ltr'><strong>quantitate</strong></span> <span class='ocrx_word' id='word_1_324' title='bbox 3468 724 3571 784; x_wconf 89' lang='lat' dir='ltr'><strong>pa-</strong></span> 
     </span>
    </p>
   </div>
   <div class='ocr_carea' id='block_1_51' title="bbox 1977 784 3575 876">
    <p class='ocr_par' dir='ltr' id='par_1_51' title="bbox 1977 784 3575 876">
     <span class='ocr_line' id='line_1_51' title="bbox 1977 784 3575 876; baseline 0.013 -37"><span class='ocrx_word' id='word_1_325' title='bbox 1977 784 2086 840; x_wconf 91' lang='lat' dir='ltr'><strong>nici</strong></span> <span class='ocrx_word' id='word_1_326' title='bbox 2115 786 2395 856; x_wconf 89' lang='lat' dir='ltr'><strong>potuerint</strong></span> <span class='ocrx_word' id='word_1_327' title='bbox 2422 791 2760 862; x_wconf 90' lang='lat' dir='ltr'><strong>congregari,</strong></span> <span class='ocrx_word' id='word_1_328' title='bbox 2793 800 2973 849; x_wconf 85' lang='lat' dir='ltr'><strong>vestra</strong></span> <span class='ocrx_word' id='word_1_329' title='bbox 2999 789 3156 852; x_wconf 84' lang='lat' dir='ltr'><strong>nobis</strong></span> <span class='ocrx_word' id='word_1_330' title='bbox 3181 798 3446 876; x_wconf 84' lang='lat' dir='ltr'><strong>relatiope</strong></span> <span class='ocrx_word' id='word_1_331' title='bbox 3474 799 3575 858; x_wconf 88' lang='lat' dir='ltr'><strong>de-</strong></span> 
     </span>
    </p>
   </div>
   <div class='ocr_carea' id='block_1_52' title="bbox 1962 878 3574 968">
    <p class='ocr_par' dir='ltr' id='par_1_52' title="bbox 1962 878 3574 968">
     <span class='ocr_line' id='line_1_52' title="bbox 1962 878 3574 968; baseline 0.011 -35"><span class='ocrx_word' id='word_1_332' title='bbox 1962 878 2207 947; x_wconf 24' lang='lat' dir='ltr'><strong>,clarate;</strong></span> <span class='ocrx_word' id='word_1_333' title='bbox 2235 889 2294 937; x_wconf 92' lang='lat' dir='ltr'><strong>ut</strong></span> <span class='ocrx_word' id='word_1_334' title='bbox 2323 883 2464 955; x_wconf 91' lang='lat' dir='ltr'><strong>apud</strong></span> <span class='ocrx_word' id='word_1_335' title='bbox 2490 885 2758 962; x_wconf 62' lang='lat' dir='ltr'><strong>arcarium</strong></span> <span class='ocrx_word' id='word_1_336' title='bbox 2792 886 2933 961; x_wconf 54' lang='grc' dir='ltr'><strong>[Λευ</strong></span> <span class='ocrx_word' id='word_1_337' title='bbox 2979 889 3259 968; x_wconf 74' lang='lat' dir='ltr'><strong>arcanum]</strong></span> <span class='ocrx_word' id='word_1_338' title='bbox 3306 894 3574 964; x_wconf 83' lang='lat' dir='ltr'><strong>reconditi</strong></span> 
     </span>
    </p>
   </div>
   <div class='ocr_carea' id='block_1_53' title="bbox 1977 971 3576 1058">
    <p class='ocr_par' dir='ltr' id='par_1_53' title="bbox 1977 971 3576 1058">
     <span class='ocr_line' id='line_1_53' title="bbox 1977 971 3576 1058; baseline 0.01 -32"><span class='ocrx_word' id='word_1_339' title='bbox 1977 971 2045 1026; x_wconf 90' lang='lat' dir='ltr'><strong>ad</strong></span> <span class='ocrx_word' id='word_1_340' title='bbox 2072 988 2233 1046; x_wconf 88' lang='lat' dir='ltr'><strong>supra</strong></span> <span class='ocrx_word' id='word_1_341' title='bbox 2263 984 2618 1034; x_wconf 87' lang='lat' dir='ltr'><strong>memoratam</strong></span> <span class='ocrx_word' id='word_1_342' title='bbox 2661 979 2897 1051; x_wconf 88' lang='lat' dir='ltr'><strong>speciem</strong></span> <span class='ocrx_word' id='word_1_343' title='bbox 2946 984 3334 1058; x_wconf 87' lang='lat' dir='ltr'><strong>reparandam,</strong></span> <span class='ocrx_word' id='word_1_344' title='bbox 3379 986 3576 1050; x_wconf 85' lang='lat' dir='ltr'><strong>futuris</strong></span> 
     </span>
    </p>
   </div>
   <div class='ocr_carea' id='block_1_54' title="bbox 1975 1063 3575 1148">
    <p class='ocr_par' dir='ltr' id='par_1_54' title="bbox 1975 1063 3575 1148">
     <span class='ocr_line' id='line_1_54' title="bbox 1975 1063 3575 1148; baseline 0.011 -27"><span class='ocrx_word' id='word_1_345' title='bbox 1975 1077 2344 1136; x_wconf 88' lang='lat' dir='ltr'><strong>reserventur,</strong></span> <span class='ocrx_word' id='word_1_346' title='bbox 2371 1070 2482 1128; x_wconf 91' lang='lat' dir='ltr'><strong>Deo</strong></span> <span class='ocrx_word' id='word_1_347' title='bbox 2502 1073 2816 1148; x_wconf 78' lang='lat' dir='ltr'><strong>auxiliante,</strong></span> <span class='ocrx_word' id='word_1_348' title='bbox 2842 1063 3204 1148; x_wconf 83' lang='lat' dir='ltr'><strong>temperibus:</strong></span> <span class='ocrx_word' id='word_1_349' title='bbox 3230 1094 3384 1136; x_wconf 91' lang='lat' dir='ltr'><strong>more</strong></span> <span class='ocrx_word' id='word_1_350' title='bbox 3407 1081 3575 1138; x_wconf 89' lang='lat' dir='ltr'><strong>vestis</strong></span> 
     </span>
    </p>
   </div>
   <div class='ocr_carea' id='block_1_55' title="bbox 1975 1159 3577 1242">
    <p class='ocr_par' dir='ltr' id='par_1_55' title="bbox 1975 1159 3577 1242">
     <span class='ocr_line' id='line_1_55' title="bbox 1975 1159 3577 1242; baseline 0.009 -26"><span class='ocrx_word' id='word_1_351' title='bbox 1975 1159 2249 1228; x_wconf 70' lang='lat' dir='ltr'><strong>redivivaz,</strong></span> <span class='ocrx_word' id='word_1_352' title='bbox 2275 1162 2426 1234; x_wconf 89' lang='lat' dir='ltr'><strong>cujus</strong></span> <span class='ocrx_word' id='word_1_353' title='bbox 2454 1164 2713 1224; x_wconf 87' lang='lat' dir='ltr'><strong>adunatio</strong></span> <span class='ocrx_word' id='word_1_354' title='bbox 2735 1184 2835 1240; x_wconf 90' lang='lat' dir='ltr'><strong>per</strong></span> <span class='ocrx_word' id='word_1_355' title='bbox 2859 1168 2948 1226; x_wconf 81' lang='lat' dir='ltr'><strong>fila</strong></span> <span class='ocrx_word' id='word_1_356' title='bbox 2973 1172 3283 1238; x_wconf 85' lang='lat' dir='ltr'><strong>resolvitur,</strong></span> <span class='ocrx_word' id='word_1_357' title='bbox 3314 1179 3375 1230; x_wconf 90' lang='lat' dir='ltr'><strong>ut</strong></span> <span class='ocrx_word' id='word_1_358' title='bbox 3399 1173 3454 1230; x_wconf 89' lang='lat' dir='ltr'><strong>in</strong></span> <span class='ocrx_word' id='word_1_359' title='bbox 3471 1188 3577 1242; x_wconf 70' lang='grc' dir='ltr'><strong>,μο-</strong></span> 
     </span>
    </p>
   </div>
   <div class='ocr_carea' id='block_1_56' title="bbox 1975 1254 3328 1340">
    <p class='ocr_par' dir='ltr' id='par_1_56' title="bbox 1975 1254 3328 1340">
     <span class='ocr_line' id='line_1_56' title="bbox 1975 1254 3328 1340; baseline 0.013 -34"><span class='ocrx_word' id='word_1_360' title='bbox 1975 1268 2100 1310; x_wconf 90' lang='lat' dir='ltr'><strong>vam</strong></span> <span class='ocrx_word' id='word_1_361' title='bbox 2130 1254 2322 1312; x_wconf 88' lang='lat' dir='ltr'><strong>faciem</strong></span> <span class='ocrx_word' id='word_1_362' title='bbox 2347 1258 2632 1331; x_wconf 90' lang='lat' dir='ltr'><strong>splendido</strong></span> <span class='ocrx_word' id='word_1_363' title='bbox 2659 1263 2840 1334; x_wconf 90' lang='lat' dir='ltr'><strong>potius</strong></span> <span class='ocrx_word' id='word_1_364' title='bbox 2867 1264 3065 1340; x_wconf 85' lang='lat' dir='ltr'><strong>decore</strong></span> <span class='ocrx_word' id='word_1_365' title='bbox 3093 1272 3328 1340; x_wconf 79' lang='lat' dir='ltr'><strong>texatur.</strong></span> 
     </span>
    </p>
   </div>
   <div class='ocr_carea' id='block_1_57' title="bbox 2647 1415 2888 1478">
    <p class='ocr_par' dir='ltr' id='par_1_57' title="bbox 2647 1415 2888 1478">
     <span class='ocr_line' id='line_1_57' title="bbox 2647 1415 2888 1478; baseline 0.021 -6"><span class='ocrx_word' id='word_1_366' title='bbox 2647 1415 2888 1478; x_wconf 84' lang='lat' dir='ltr'><strong>XXVIII.</strong></span> 
     </span>
    </p>
   </div>
   <div class='ocr_carea' id='block_1_58' title="bbox 2642 1526 2899 1568">
    <p class='ocr_par' dir='ltr' id='par_1_58' title="bbox 2642 1526 2899 1568">
     <span class='ocr_line' id='line_1_58' title="bbox 2642 1526 2899 1568; baseline 0.008 -2"><span class='ocrx_word' id='word_1_367' title='bbox 2642 1526 2899 1568; x_wconf 74' lang='lat' dir='ltr'><strong>IDICTUH.</strong></span> 
     </span>
    </p>
   </div>
   <div class='ocr_carea' id='block_1_59' title="bbox 1975 1612 3629 1706">
    <p class='ocr_par' dir='ltr' id='par_1_59' title="bbox 1975 1612 3629 1706">
     <span class='ocr_line' id='line_1_59' title="bbox 1975 1612 3629 1706; baseline 0.012 -34"><span class='ocrx_word' id='word_1_368' title='bbox 1975 1612 2491 1706; x_wconf 61' lang='lat' dir='ltr'><strong>IndicatLigttribus</strong></span> <span class='ocrx_word' id='word_1_369' title='bbox 2515 1622 2783 1706; x_wconf 56' lang='lat' dir='ltr'><strong>victoriam</strong></span> <span class='ocrx_word' id='word_1_370' title='bbox 2818 1641 2847 1678; x_wconf 79' lang='grc' dir='ltr'><strong><em>ε</em></strong></span> <span class='ocrx_word' id='word_1_371' title='bbox 2894 1621 3346 1706; x_wconf 57' lang='lat' dir='ltr'><strong>Burqundipnilius</strong></span> <span class='ocrx_word' id='word_1_372' title='bbox 3392 1649 3573 1706; x_wconf 68' lang='grc' dir='ltr'><strong>τερον·</strong></span> <span class='ocrx_word' id='word_1_373' title='bbox 3617 1638 3629 1646; x_wconf 87' lang='grc'><strong>’</strong></span> 
     </span>
    </p>
   </div>
   <div class='ocr_carea' id='block_1_60' title="bbox 2050 1692 3571 1784">
    <p class='ocr_par' dir='ltr' id='par_1_60' title="bbox 2050 1692 3571 1784">
     <span class='ocr_line' id='line_1_60' title="bbox 2050 1692 3571 1784; baseline 0.014 -44"><span class='ocrx_word' id='word_1_374' title='bbox 2050 1695 2231 1784; x_wconf 48' lang='lat' dir='ltr'><strong>tritam,</strong></span> <span class='ocrx_word' id='word_1_375' title='bbox 2255 1701 2303 1774; x_wconf 69' lang='lat' dir='ltr'><strong>et</strong></span> <span class='ocrx_word' id='word_1_376' title='bbox 2325 1692 2503 1776; x_wconf 63' lang='lat' dir='ltr'><strong>fugam</strong></span> <span class='ocrx_word' id='word_1_377' title='bbox 2529 1693 2965 1784; x_wconf 47' lang='lat' dir='ltr'><strong>A&#39;Icmannerunt...</strong></span> <span class='ocrx_word' id='word_1_378' title='bbox 2985 1692 3201 1784; x_wconf 54' lang='lat' dir='ltr'><strong>&#39;Deinge</strong></span> <span class='ocrx_word' id='word_1_379' title='bbox 3234 1701 3359 1784; x_wconf 65' lang='lat' dir='ltr'><strong>dicit</strong></span> <span class='ocrx_word' id='word_1_380' title='bbox 3395 1692 3571 1784; x_wconf 68' lang='lat' dir='ltr'><strong>regem</strong></span> 
     </span>
    </p>
   </div>
   <div class='ocr_carea' id='block_1_61' title="bbox 2051 1759 3571 1844">
    <p class='ocr_par' dir='ltr' id='par_1_61' title="bbox 2051 1759 3571 1844">
     <span class='ocr_line' id='line_1_61' title="bbox 2051 1759 3571 1844; baseline 0.014 -34"><span class='ocrx_word' id='word_1_381' title='bbox 2051 1759 2114 1844; x_wconf 73' lang='lat' dir='ltr'><strong>ob</strong></span> <span class='ocrx_word' id='word_1_382' title='bbox 2135 1759 2366 1830; x_wconf 74' lang='lat' dir='ltr'><strong>inopi/lin</strong></span> <span class='ocrx_word' id='word_1_383' title='bbox 2383 1759 2468 1844; x_wconf 44' lang='lat' dir='ltr'><strong>&#39;ei‘s</strong></span> <span class='ocrx_word' id='word_1_384' title='bbox 2494 1765 2762 1844; x_wconf 70' lang='lat' dir='ltr'><strong>relaxnssc</strong></span> <span class='ocrx_word' id='word_1_385' title='bbox 2783 1766 3052 1844; x_wconf 67' lang='lat' dir='ltr'><strong>dimidiam</strong></span> <span class='ocrx_word' id='word_1_386' title='bbox 3078 1769 3256 1844; x_wconf 74' lang='lat' dir='ltr'><strong>tributi</strong></span> <span class='ocrx_word' id='word_1_387' title='bbox 3275 1759 3506 1844; x_wconf 46' lang='lat' dir='ltr'><strong>parte&quot;:</strong></span> <span class='ocrx_word' id='word_1_388' title='bbox 3519 1759 3571 1832; x_wconf 71' lang='lat' dir='ltr'><strong>et</strong></span> 
     </span>
    </p>
   </div>
   <div class='ocr_carea' id='block_1_62' title="bbox 2049 1830 3224 1912">
    <p class='ocr_par' dir='ltr' id='par_1_62' title="bbox 2049 1830 3224 1912">
     <span class='ocr_line' id='line_1_62' title="bbox 2049 1830 3224 1912; baseline 0.01 -29"><span class='ocrx_word' id='word_1_389' title='bbox 2049 1830 2240 1886; x_wconf 78' lang='lat' dir='ltr'><strong>horrea</strong></span> <span class='ocrx_word' id='word_1_390' title='bbox 2259 1849 2354 1887; x_wconf 76' lang='lat' dir='ltr'><strong>sua</strong></span> <span class='ocrx_word' id='word_1_391' title='bbox 2376 1833 2446 1888; x_wconf 85' lang='lat' dir='ltr'><strong>ad</strong></span> <span class='ocrx_word' id='word_1_392' title='bbox 2473 1851 2560 1890; x_wconf 78' lang='lat' dir='ltr'><strong>eos</strong></span> <span class='ocrx_word' id='word_1_393' title='bbox 2581 1836 2920 1894; x_wconf 79' lang='lat' dir='ltr'><strong>sublevandos</strong></span> <span class='ocrx_word' id='word_1_394' title='bbox 2945 1841 3224 1912; x_wconf 80' lang='lat' dir='ltr'><strong>aperuisse.</strong></span> 
     </span>
    </p>
   </div>
   <div class='ocr_carea' id='block_1_63' title="bbox 2047 1943 3570 2020">
    <p class='ocr_par' dir='ltr' id='par_1_63' title="bbox 2047 1943 3570 2020">
     <span class='ocr_line' id='line_1_63' title="bbox 2047 1943 3570 2020; baseline 0.011 -20"><span class='ocrx_word' id='word_1_395' title='bbox 2047 1943 2181 2012; x_wconf 84' lang='lat' dir='ltr'><strong>Quis</strong></span> <span class='ocrx_word' id='word_1_396' title='bbox 2201 1947 2408 2004; x_wconf 90' lang='lat' dir='ltr'><strong>nesciat</strong></span> <span class='ocrx_word' id='word_1_397' title='bbox 2435 1950 2829 2020; x_wconf 90' lang='lat' dir='ltr'><strong>providentiam</strong></span> <span class='ocrx_word' id='word_1_398' title='bbox 2860 1952 3097 2010; x_wconf 87' lang='lat' dir='ltr'><strong>divinam</strong></span> <span class='ocrx_word' id='word_1_399' title='bbox 3138 1956 3324 2015; x_wconf 88' lang='lat' dir='ltr'><strong>usibus</strong></span> <span class='ocrx_word' id='word_1_400' title='bbox 3369 1961 3570 2018; x_wconf 77' lang='lat' dir='ltr'><strong>nostris</strong></span> 
     </span>
    </p>
   </div>
   <div class='ocr_carea' id='block_1_64' title="bbox 1977 2037 3570 2120">
    <p class='ocr_par' dir='ltr' id='par_1_64' title="bbox 1977 2037 3570 2120">
     <span class='ocr_line' id='line_1_64' title="bbox 1977 2037 3570 2120; baseline 0.01 -28"><span class='ocrx_word' id='word_1_401' title='bbox 1977 2037 2154 2109; x_wconf 86' lang='lat' dir='ltr'><strong>aliqua</strong></span> <span class='ocrx_word' id='word_1_402' title='bbox 2178 2039 2316 2096; x_wconf 83' lang='lat' dir='ltr'><strong>velle</strong></span> <span class='ocrx_word' id='word_1_403' title='bbox 2344 2042 2664 2114; x_wconf 90' lang='lat' dir='ltr'><strong>subducere,</strong></span> <span class='ocrx_word' id='word_1_404' title='bbox 2705 2053 2766 2101; x_wconf 92' lang='lat' dir='ltr'><strong>ut</strong></span> <span class='ocrx_word' id='word_1_405' title='bbox 2795 2046 3088 2102; x_wconf 88' lang='lat' dir='ltr'><strong>humanum</strong></span> <span class='ocrx_word' id='word_1_406' title='bbox 3120 2050 3291 2120; x_wconf 90' lang='lat' dir='ltr'><strong>possit</strong></span> <span class='ocrx_word' id='word_1_407' title='bbox 3327 2051 3570 2108; x_wconf 91' lang='lat' dir='ltr'><strong>animum</strong></span> 
     </span>
    </p>
   </div>
   <div class='ocr_carea' id='block_1_65' title="bbox 1975 2133 3572 2212">
    <p class='ocr_par' dir='ltr' id='par_1_65' title="bbox 1975 2133 3572 2212">
     <span class='ocr_line' id='line_1_65' title="bbox 1975 2133 3572 2212; baseline 0.009 -26"><span class='ocrx_word' id='word_1_408' title='bbox 1975 2133 2368 2203; x_wconf 84' lang='lat' dir='ltr'><strong>comprobare?</strong></span> <span class='ocrx_word' id='word_1_409' title='bbox 2395 2134 2529 2190; x_wconf 82' lang='lat' dir='ltr'><strong>Nam</strong></span> <span class='ocrx_word' id='word_1_410' title='bbox 2555 2136 2600 2192; x_wconf 91' lang='lat' dir='ltr'><strong>si</strong></span> <span class='ocrx_word' id='word_1_411' title='bbox 2621 2137 2825 2193; x_wconf 89' lang='lat' dir='ltr'><strong>nullum</strong></span> <span class='ocrx_word' id='word_1_412' title='bbox 2854 2139 3068 2210; x_wconf 88' lang='lat' dir='ltr'><strong>penitus</strong></span> <span class='ocrx_word' id='word_1_413' title='bbox 3095 2140 3335 2212; x_wconf 83' lang='lat' dir='ltr'><strong>indigere</strong></span> <span class='ocrx_word' id='word_1_414' title='bbox 3362 2145 3572 2200; x_wconf 91' lang='lat' dir='ltr'><strong>contin-</strong></span> 
     </span>
    </p>
   </div>
   <div class='ocr_carea' id='block_1_66' title="bbox 1973 2225 3572 2299">
    <p class='ocr_par' dir='ltr' id='par_1_66' title="bbox 1973 2225 3572 2299">
     <span class='ocr_line' id='line_1_66' title="bbox 1973 2225 3572 2299; baseline 0.009 -20"><span class='ocrx_word' id='word_1_415' title='bbox 1973 2233 2148 2294; x_wconf 83' lang='lat' dir='ltr'><strong>geret,</strong></span> <span class='ocrx_word' id='word_1_416' title='bbox 2178 2225 2359 2282; x_wconf 86' lang='lat' dir='ltr'><strong>locum</strong></span> <span class='ocrx_word' id='word_1_417' title='bbox 2389 2228 2619 2299; x_wconf 85' lang='lat' dir='ltr'><strong>proinde</strong></span> <span class='ocrx_word' id='word_1_418' title='bbox 2657 2228 2876 2299; x_wconf 87' lang='lat' dir='ltr'><strong>largitas</strong></span> <span class='ocrx_word' id='word_1_419' title='bbox 2904 2247 3013 2286; x_wconf 86' lang='lat' dir='ltr'><strong>non</strong></span> <span class='ocrx_word' id='word_1_420' title='bbox 3044 2231 3289 2290; x_wconf 88' lang='lat' dir='ltr'><strong>haberet.</strong></span> <span class='ocrx_word' id='word_1_421' title='bbox 3322 2234 3456 2291; x_wconf 90' lang='lat' dir='ltr'><strong>Data</strong></span> <span class='ocrx_word' id='word_1_422' title='bbox 3485 2244 3572 2293; x_wconf 84' lang='lat' dir='ltr'><strong>est</strong></span> 
     </span>
    </p>
   </div>
   <div class='ocr_carea' id='block_1_67' title="bbox 1973 2317 3571 2396">
    <p class='ocr_par' dir='ltr' id='par_1_67' title="bbox 1973 2317 3571 2396">
     <span class='ocr_line' id='line_1_67' title="bbox 1973 2317 3571 2396; baseline 0.008 -24"><span class='ocrx_word' id='word_1_423' title='bbox 1973 2317 2270 2389; x_wconf 89' lang='lat' dir='ltr'><strong>provinciis</strong></span> <span class='ocrx_word' id='word_1_424' title='bbox 2297 2320 2351 2374; x_wconf 90' lang='lat' dir='ltr'><strong>in</strong></span> <span class='ocrx_word' id='word_1_425' title='bbox 2373 2322 2519 2391; x_wconf 75' lang='lat' dir='ltr'><strong>regis</strong></span> <span class='ocrx_word' id='word_1_426' title='bbox 2540 2321 2710 2378; x_wconf 90' lang='lat' dir='ltr'><strong>nostri</strong></span> <span class='ocrx_word' id='word_1_427' title='bbox 2737 2322 2896 2379; x_wconf 91' lang='lat' dir='ltr'><strong>laude</strong></span> <span class='ocrx_word' id='word_1_428' title='bbox 2923 2325 3177 2396; x_wconf 90' lang='lat' dir='ltr'><strong>penuria;</strong></span> <span class='ocrx_word' id='word_1_429' title='bbox 3208 2327 3422 2385; x_wconf 85' lang='lat' dir='ltr'><strong>steriles</strong></span> <span class='ocrx_word' id='word_1_430' title='bbox 3444 2326 3571 2385; x_wconf 80' lang='lat' dir='ltr'><strong>facti</strong></span> 
     </span>
    </p>
   </div>
   <div class='ocr_carea' id='block_1_68' title="bbox 1971 2411 3654 2488">
    <p class='ocr_par' dir='ltr' id='par_1_68' title="bbox 1971 2411 3654 2488">
     <span class='ocr_line' id='line_1_68' title="bbox 1971 2411 3654 2488; baseline 0.01 -24"><span class='ocrx_word' id='word_1_431' title='bbox 1971 2419 2096 2465; x_wconf 89' lang='lat' dir='ltr'><strong>sunt</strong></span> <span class='ocrx_word' id='word_1_432' title='bbox 2129 2411 2265 2481; x_wconf 83' lang='lat' dir='ltr'><strong>agri,</strong></span> <span class='ocrx_word' id='word_1_433' title='bbox 2295 2419 2356 2467; x_wconf 92' lang='lat' dir='ltr'><strong>ut</strong></span> <span class='ocrx_word' id='word_1_434' title='bbox 2396 2411 2615 2470; x_wconf 90' lang='lat' dir='ltr'><strong>ubertas</strong></span> <span class='ocrx_word' id='word_1_435' title='bbox 2662 2413 2868 2471; x_wconf 90' lang='lat' dir='ltr'><strong>domini</strong></span> <span class='ocrx_word' id='word_1_436' title='bbox 2908 2417 3082 2488; x_wconf 85' lang='lat' dir='ltr'><strong>possit</strong></span> <span class='ocrx_word' id='word_1_437' title='bbox 3121 2419 3362 2487; x_wconf 85' lang='lat' dir='ltr'><strong>agnosci.</strong></span> <span class='ocrx_word' id='word_1_438' title='bbox 3394 2418 3571 2478; x_wconf 83' lang='lat' dir='ltr'><strong>Minus</strong></span> <span class='ocrx_word' id='word_1_439' title='bbox 3651 2477 3654 2480; x_wconf 82' lang='lat'><strong>.</strong></span> 
     </span>
    </p>
   </div>
   <div class='ocr_carea' id='block_1_69' title="bbox 1971 2504 3569 2580">
    <p class='ocr_par' dir='ltr' id='par_1_69' title="bbox 1971 2504 3569 2580">
     <span class='ocr_line' id='line_1_69' title="bbox 1971 2504 3569 2580; baseline 0.005 -22"><span class='ocrx_word' id='word_1_440' title='bbox 1971 2512 2116 2559; x_wconf 85' lang='lat' dir='ltr'><strong>esset</strong></span> <span class='ocrx_word' id='word_1_441' title='bbox 2137 2504 2567 2575; x_wconf 88' lang='lat' dir='ltr'><strong>acceptissimum</strong></span> <span class='ocrx_word' id='word_1_442' title='bbox 2595 2507 2816 2575; x_wconf 90' lang='lat' dir='ltr'><strong>donum,</strong></span> <span class='ocrx_word' id='word_1_443' title='bbox 2841 2508 2943 2566; x_wconf 88' lang='lat' dir='ltr'><strong>nisi</strong></span> <span class='ocrx_word' id='word_1_444' title='bbox 2962 2509 3330 2580; x_wconf 70' lang='lat' dir='ltr'><strong>praecessisset</strong></span> <span class='ocrx_word' id='word_1_445' title='bbox 3357 2511 3569 2568; x_wconf 84' lang='lat' dir='ltr'><strong>incom-</strong></span> 
     </span>
    </p>
   </div>
   <div class='ocr_carea' id='block_1_70' title="bbox 1970 2597 3570 2676">
    <p class='ocr_par' dir='ltr' id='par_1_70' title="bbox 1970 2597 3570 2676">
     <span class='ocr_line' id='line_1_70' title="bbox 1970 2597 3570 2676; baseline 0.006 -24"><span class='ocrx_word' id='word_1_446' title='bbox 1970 2598 2212 2654; x_wconf 88' lang='lat' dir='ltr'><strong>modum.</strong></span> <span class='ocrx_word' id='word_1_447' title='bbox 2240 2597 2500 2665; x_wconf 90' lang='lat' dir='ltr'><strong>Gaudete,</strong></span> <span class='ocrx_word' id='word_1_448' title='bbox 2534 2601 2842 2673; x_wconf 80' lang='lat' dir='ltr'><strong>provinciae,</strong></span> <span class='ocrx_word' id='word_1_449' title='bbox 2874 2603 3136 2673; x_wconf 89' lang='lat' dir='ltr'><strong>malisque</strong></span> <span class='ocrx_word' id='word_1_450' title='bbox 3161 2604 3358 2660; x_wconf 78' lang='lat' dir='ltr'><strong>vestris</strong></span> <span class='ocrx_word' id='word_1_451' title='bbox 3385 2605 3570 2676; x_wconf 89' lang='lat' dir='ltr'><strong>potius</strong></span> 
     </span>
    </p>
   </div>
   <div class='ocr_carea' id='block_1_71' title="bbox 1969 2691 3566 2768">
    <p class='ocr_par' dir='ltr' id='par_1_71' title="bbox 1969 2691 3566 2768">
     <span class='ocr_line' id='line_1_71' title="bbox 1969 2691 3566 2768; baseline 0.006 -22"><span class='ocrx_word' id='word_1_452' title='bbox 1969 2691 2198 2760; x_wconf 81' lang='lat' dir='ltr'><strong>gratiam</strong></span> <span class='ocrx_word' id='word_1_453' title='bbox 2217 2691 2436 2759; x_wconf 85' lang='lat' dir='ltr'><strong>referte,</strong></span> <span class='ocrx_word' id='word_1_454' title='bbox 2458 2693 2674 2762; x_wconf 87' lang='lat' dir='ltr'><strong>quando</strong></span> <span class='ocrx_word' id='word_1_455' title='bbox 2705 2695 2867 2750; x_wconf 87' lang='lat' dir='ltr'><strong>talem</strong></span> <span class='ocrx_word' id='word_1_456' title='bbox 2892 2696 3137 2766; x_wconf 89' lang='lat' dir='ltr'><strong>probatis</strong></span> <span class='ocrx_word' id='word_1_457' title='bbox 3164 2697 3402 2752; x_wconf 91' lang='lat' dir='ltr'><strong>animum</strong></span> <span class='ocrx_word' id='word_1_458' title='bbox 3424 2698 3566 2768; x_wconf 89' lang='lat' dir='ltr'><strong>prin-</strong></span> 
     </span>
    </p>
   </div>
   <div class='ocr_carea' id='block_1_72' title="bbox 1970 2781 3567 2860">
    <p class='ocr_par' dir='ltr' id='par_1_72' title="bbox 1970 2781 3567 2860">
     <span class='ocr_line' id='line_1_72' title="bbox 1970 2781 3567 2860; baseline 0.005 -23"><span class='ocrx_word' id='word_1_459' title='bbox 1970 2781 2124 2850; x_wconf 85' lang='lat' dir='ltr'><strong>cipis,</strong></span> <span class='ocrx_word' id='word_1_460' title='bbox 2174 2793 2235 2836; x_wconf 87' lang='lat' dir='ltr'><strong>ut</strong></span> <span class='ocrx_word' id='word_1_461' title='bbox 2276 2782 2436 2839; x_wconf 90' lang='lat' dir='ltr'><strong>nullis</strong></span> <span class='ocrx_word' id='word_1_462' title='bbox 2479 2783 2637 2839; x_wconf 90' lang='lat' dir='ltr'><strong>cedat</strong></span> <span class='ocrx_word' id='word_1_463' title='bbox 2665 2785 2926 2841; x_wconf 86' lang='lat' dir='ltr'><strong>adversis.</strong></span> <span class='ocrx_word' id='word_1_464' title='bbox 2961 2784 3040 2840; x_wconf 85' lang='lat' dir='ltr'><strong>En</strong></span> <span class='ocrx_word' id='word_1_465' title='bbox 3070 2787 3244 2858; x_wconf 88' lang='lat' dir='ltr'><strong>pictas</strong></span> <span class='ocrx_word' id='word_1_466' title='bbox 3282 2787 3567 2860; x_wconf 87' lang='lat' dir='ltr'><strong>mirabilis,</strong></span> 
     </span>
    </p>
   </div>
   <div class='ocr_carea' id='block_1_73' title="bbox 1967 2876 3564 2951">
    <p class='ocr_par' dir='ltr' id='par_1_73' title="bbox 1967 2876 3564 2951">
     <span class='ocr_line' id='line_1_73' title="bbox 1967 2876 3564 2951; baseline 0.004 -20"><span class='ocrx_word' id='word_1_467' title='bbox 1967 2890 2088 2946; x_wconf 86' lang='lat' dir='ltr'><strong>quae</strong></span> <span class='ocrx_word' id='word_1_468' title='bbox 2117 2876 2315 2948; x_wconf 91' lang='lat' dir='ltr'><strong>ubique</strong></span> <span class='ocrx_word' id='word_1_469' title='bbox 2343 2878 2542 2936; x_wconf 88' lang='lat' dir='ltr'><strong>nostris</strong></span> <span class='ocrx_word' id='word_1_470' title='bbox 2586 2890 2852 2951; x_wconf 77' lang='lat' dir='ltr'><strong>repugnat</strong></span> <span class='ocrx_word' id='word_1_471' title='bbox 2881 2881 3254 2938; x_wconf 90' lang='lat' dir='ltr'><strong>incommodis.</strong></span> <span class='ocrx_word' id='word_1_472' title='bbox 3287 2882 3420 2938; x_wconf 85' lang='lat' dir='ltr'><strong>Nam</strong></span> <span class='ocrx_word' id='word_1_473' title='bbox 3441 2897 3564 2938; x_wconf 87' lang='lat' dir='ltr'><strong>cum</strong></span> 
     </span>
    </p>
   </div>
   <div class='ocr_carea' id='block_1_74' title="bbox 1951 2967 3563 3043">
    <p class='ocr_par' dir='ltr' id='par_1_74' title="bbox 1951 2967 3563 3043">
     <span class='ocr_line' id='line_1_74' title="bbox 1951 2967 3563 3043; baseline 0.005 -21"><span class='ocrx_word' id='word_1_474' title='bbox 1951 2981 2027 3042; x_wconf 38' lang='lat' dir='ltr'><strong>.se</strong></span> <span class='ocrx_word' id='word_1_475' title='bbox 2048 2967 2232 3023; x_wconf 88' lang='lat' dir='ltr'><strong>feritas</strong></span> <span class='ocrx_word' id='word_1_476' title='bbox 2254 2968 2468 3036; x_wconf 84' lang='lat' dir='ltr'><strong>gentilis</strong></span> <span class='ocrx_word' id='word_1_477' title='bbox 2484 2969 2680 3041; x_wconf 86' lang='lat' dir='ltr'><strong>prioris</strong></span> <span class='ocrx_word' id='word_1_478' title='bbox 2705 2972 2960 3043; x_wconf 88' lang='lat' dir='ltr'><strong>temporis</strong></span> <span class='ocrx_word' id='word_1_479' title='bbox 2981 2974 3295 3041; x_wconf 85' lang='lat' dir='ltr'><strong>animasset,</strong></span> <span class='ocrx_word' id='word_1_480' title='bbox 3323 2971 3563 3040; x_wconf 66' lang='lat' dir='ltr'><strong>Emilia,</strong></span> 
     </span>
    </p>
   </div>
   <div class='ocr_carea' id='block_1_75' title="bbox 1967 3059 3567 3146">
    <p class='ocr_par' dir='ltr' id='par_1_75' title="bbox 1967 3059 3567 3146">
     <span class='ocr_line' id='line_1_75' title="bbox 1967 3059 3567 3146; baseline 0.004 -30"><span class='ocrx_word' id='word_1_481' title='bbox 1967 3067 2023 3116; x_wconf 89' lang='lat' dir='ltr'><strong>et</strong></span> <span class='ocrx_word' id='word_1_482' title='bbox 2046 3059 2260 3130; x_wconf 84' lang='lat' dir='ltr'><strong>Liguria</strong></span> <span class='ocrx_word' id='word_1_483' title='bbox 2290 3068 2490 3127; x_wconf 87' lang='lat' dir='ltr'><strong>vestra,</strong></span> <span class='ocrx_word' id='word_1_484' title='bbox 2543 3061 2682 3118; x_wconf 90' lang='lat' dir='ltr'><strong>sicut</strong></span> <span class='ocrx_word' id='word_1_485' title='bbox 2714 3078 2814 3118; x_wconf 89' lang='lat' dir='ltr'><strong>vos</strong></span> <span class='ocrx_word' id='word_1_486' title='bbox 2849 3063 3088 3120; x_wconf 88' lang='lat' dir='ltr'><strong>retinere</strong></span> <span class='ocrx_word' id='word_1_487' title='bbox 3137 3065 3294 3146; x_wconf 69' lang='lat'><strong>201</strong></span> <span class='ocrx_word' id='word_1_488' title='bbox 3342 3079 3567 3122; x_wconf 88' lang='lat' dir='ltr'><strong>necesse</strong></span> 
     </span>
    </p>
   </div>
   <div class='ocr_carea' id='block_1_76' title="bbox 1967 3151 3566 3228">
    <p class='ocr_par' dir='ltr' id='par_1_76' title="bbox 1967 3151 3566 3228">
     <span class='ocr_line' id='line_1_76' title="bbox 1967 3151 3566 3228; baseline 0.003 -19"><span class='ocrx_word' id='word_1_489' title='bbox 1967 3160 2069 3219; x_wconf 90' lang='lat' dir='ltr'><strong>est,</strong></span> <span class='ocrx_word' id='word_1_490' title='bbox 2093 3151 2533 3222; x_wconf 84' lang='lat' dir='ltr'><strong>Burgundionum</strong></span> <span class='ocrx_word' id='word_1_491' title='bbox 2554 3152 2862 3212; x_wconf 87' lang='lat' dir='ltr'><strong>incursione</strong></span> <span class='ocrx_word' id='word_1_492' title='bbox 2880 3165 3215 3227; x_wconf 90' lang='lat' dir='ltr'><strong>quateretur,</strong></span> <span class='ocrx_word' id='word_1_493' title='bbox 3245 3161 3566 3228; x_wconf 80' lang='lat' dir='ltr'><strong>gereretque</strong></span> 
     </span>
    </p>
   </div>
   <div class='ocr_carea' id='block_1_77' title="bbox 1965 3237 3564 3315">
    <p class='ocr_par' dir='ltr' id='par_1_77' title="bbox 1965 3237 3564 3315">
     <span class='ocr_line' id='line_1_77' title="bbox 1965 3237 3564 3315; baseline 0.003 -21"><span class='ocrx_word' id='word_1_494' title='bbox 1965 3237 2164 3294; x_wconf 88' lang='lat' dir='ltr'><strong>bellum</strong></span> <span class='ocrx_word' id='word_1_495' title='bbox 2189 3237 2256 3294; x_wconf 89' lang='lat' dir='ltr'><strong>de</strong></span> <span class='ocrx_word' id='word_1_496' title='bbox 2284 3238 2563 3294; x_wconf 88' lang='lat' dir='ltr'><strong>vicinitate</strong></span> <span class='ocrx_word' id='word_1_497' title='bbox 2609 3238 2886 3306; x_wconf 90' lang='lat' dir='ltr'><strong>furtivum,</strong></span> <span class='ocrx_word' id='word_1_498' title='bbox 2918 3241 3097 3299; x_wconf 90' lang='lat' dir='ltr'><strong>subito</strong></span> <span class='ocrx_word' id='word_1_499' title='bbox 3138 3243 3420 3315; x_wconf 69' lang='lat' dir='ltr'><strong>prtcsentis</strong></span> <span class='ocrx_word' id='word_1_500' title='bbox 3459 3243 3564 3298; x_wconf 84' lang='lat' dir='ltr'><strong>int—</strong></span> 
     </span>
    </p>
   </div>
   <div class='ocr_carea' id='block_1_78' title="bbox 1891 3307 3560 3406">
    <p class='ocr_par' dir='ltr' id='par_1_78' title="bbox 1891 3307 3560 3406">
     <span class='ocr_line' id='line_1_78' title="bbox 1891 3307 3560 3406; baseline 0.002 -20"><span class='ocrx_word' id='word_1_501' title='bbox 1891 3307 1937 3370; x_wconf 79' lang='lat' dir='ltr'><strong><em>C</em></strong></span> <span class='ocrx_word' id='word_1_502' title='bbox 1966 3330 2103 3403; x_wconf 91' lang='lat' dir='ltr'><strong>perii</strong></span> <span class='ocrx_word' id='word_1_503' title='bbox 2135 3338 2392 3401; x_wconf 86' lang='lat' dir='ltr'><strong>tanquam</strong></span> <span class='ocrx_word' id='word_1_504' title='bbox 2414 3330 2545 3386; x_wconf 90' lang='lat' dir='ltr'><strong>solis</strong></span> <span class='ocrx_word' id='word_1_505' title='bbox 2573 3339 2724 3388; x_wconf 90' lang='lat' dir='ltr'><strong>ortus</strong></span> <span class='ocrx_word' id='word_1_506' title='bbox 2745 3329 2884 3387; x_wconf 88' lang='lat' dir='ltr'><strong>fama</strong></span> <span class='ocrx_word' id='word_1_507' title='bbox 2906 3307 3156 3389; x_wconf 58' lang='lat' dir='ltr'><strong>radiavit:</strong></span> <span class='ocrx_word' id='word_1_508' title='bbox 3180 3332 3560 3406; x_wconf 81' lang='lat' dir='ltr'><strong>Expugnatum</strong></span> 
     </span>
    </p>
   </div>
   <div class='ocr_carea' id='block_1_79' title="bbox 1965 3421 3562 3495">
    <p class='ocr_par' dir='ltr' id='par_1_79' title="bbox 1965 3421 3562 3495">
     <span class='ocr_line' id='line_1_79' title="bbox 1965 3421 3562 3495; baseline 0.003 -18"><span class='ocrx_word' id='word_1_509' title='bbox 1965 3437 2026 3477; x_wconf 90' lang='lat' dir='ltr'><strong>se</strong></span> <span class='ocrx_word' id='word_1_510' title='bbox 2085 3421 2257 3478; x_wconf 84' lang='lat' dir='ltr'><strong>hostis</strong></span> <span class='ocrx_word' id='word_1_511' title='bbox 2302 3437 2400 3478; x_wconf 85' lang='lat' dir='ltr'><strong>sua</strong></span> <span class='ocrx_word' id='word_1_512' title='bbox 2464 3422 2885 3495; x_wconf 75' lang='lat' dir='ltr'><strong>przesumptione</strong></span> <span class='ocrx_word' id='word_1_513' title='bbox 2938 3424 3285 3495; x_wconf 89' lang='lat' dir='ltr'><strong>congemuit,</strong></span> <span class='ocrx_word' id='word_1_514' title='bbox 3342 3423 3562 3494; x_wconf 89' lang='lat' dir='ltr'><strong>quando</strong></span> 
     </span>
    </p>
   </div>
   <div class='ocr_carea' id='block_1_80' title="bbox 1964 3510 3558 3588">
    <p class='ocr_par' dir='ltr' id='par_1_80' title="bbox 1964 3510 3558 3588">
     <span class='ocr_line' id='line_1_80' title="bbox 1964 3510 3558 3588; baseline 0.003 -20"><span class='ocrx_word' id='word_1_515' title='bbox 1964 3510 2115 3568; x_wconf 90' lang='lat' dir='ltr'><strong>illum</strong></span> <span class='ocrx_word' id='word_1_516' title='bbox 2139 3513 2393 3584; x_wconf 78' lang='lat' dir='ltr'><strong>cognovit</strong></span> <span class='ocrx_word' id='word_1_517' title='bbox 2416 3512 2707 3570; x_wconf 67' lang='lat' dir='ltr'><strong>nominata:</strong></span> <span class='ocrx_word' id='word_1_518' title='bbox 2727 3514 2902 3583; x_wconf 88' lang='lat' dir='ltr'><strong>gentis</strong></span> <span class='ocrx_word' id='word_1_519' title='bbox 2928 3529 3048 3572; x_wconf 80' lang='lat' dir='ltr'><strong>esse</strong></span> <span class='ocrx_word' id='word_1_520' title='bbox 3075 3524 3366 3583; x_wconf 88' lang='lat' dir='ltr'><strong>rectorem,</strong></span> <span class='ocrx_word' id='word_1_521' title='bbox 3393 3530 3558 3588; x_wconf 88' lang='lat' dir='ltr'><strong>quem</strong></span> 
     </span>
    </p>
   </div>
   <div class='ocr_carea' id='block_1_81' title="bbox 1947 3604 3554 3678">
    <p class='ocr_par' dir='ltr' id='par_1_81' title="bbox 1947 3604 3554 3678">
     <span class='ocr_line' id='line_1_81' title="bbox 1947 3604 3554 3678; baseline 0.003 -18"><span class='ocrx_word' id='word_1_522' title='bbox 1947 3604 2064 3666; x_wconf 77' lang='lat' dir='ltr'><strong>,sub</strong></span> <span class='ocrx_word' id='word_1_523' title='bbox 2090 3605 2276 3662; x_wconf 91' lang='lat' dir='ltr'><strong>militis</strong></span> <span class='ocrx_word' id='word_1_524' title='bbox 2301 3606 2520 3662; x_wconf 90' lang='lat' dir='ltr'><strong>nomine</strong></span> <span class='ocrx_word' id='word_1_525' title='bbox 2543 3607 2870 3678; x_wconf 90' lang='lat' dir='ltr'><strong>probaverat</strong></span> <span class='ocrx_word' id='word_1_526' title='bbox 2889 3622 3011 3666; x_wconf 84' lang='lat' dir='ltr'><strong>esse</strong></span> <span class='ocrx_word' id='word_1_527' title='bbox 3033 3608 3378 3678; x_wconf 83' lang='lat' dir='ltr'><strong>singularem.</strong></span> <span class='ocrx_word' id='word_1_528' title='bbox 3403 3609 3554 3677; x_wconf 79' lang='lat' dir='ltr'><strong>Quo-</strong></span> 
     </span>
    </p>
   </div>
   <div class='ocr_carea' id='block_1_82' title="bbox 1951 3687 3558 3774">
    <p class='ocr_par' dir='ltr' id='par_1_82' title="bbox 1951 3687 3558 3774">
     <span class='ocr_line' id='line_1_82' title="bbox 1951 3687 3558 3774; baseline 0.004 -23"><span class='ocrx_word' id='word_1_529' title='bbox 1951 3698 2066 3774; x_wconf 77' lang='lat' dir='ltr'><strong>ties</strong></span> <span class='ocrx_word' id='word_1_530' title='bbox 2093 3714 2153 3755; x_wconf 92' lang='lat' dir='ltr'><strong>se</strong></span> <span class='ocrx_word' id='word_1_531' title='bbox 2180 3699 2388 3771; x_wconf 84' lang='lat' dir='ltr'><strong>Optavit</strong></span> <span class='ocrx_word' id='word_1_532' title='bbox 2429 3699 2498 3756; x_wconf 91' lang='lat' dir='ltr'><strong>de</strong></span> <span class='ocrx_word' id='word_1_533' title='bbox 2535 3687 2658 3755; x_wconf 85' lang='lat' dir='ltr'><strong>suis</strong></span> <span class='ocrx_word' id='word_1_534' title='bbox 2684 3699 2877 3758; x_wconf 83' lang='lat' dir='ltr'><strong>finibus</strong></span> <span class='ocrx_word' id='word_1_535' title='bbox 2906 3717 3015 3758; x_wconf 88' lang='lat' dir='ltr'><strong>non</strong></span> <span class='ocrx_word' id='word_1_536' title='bbox 3043 3701 3195 3758; x_wconf 82' lang='lat' dir='ltr'><strong>exire</strong></span> <span class='ocrx_word' id='word_1_537' title='bbox 3221 3699 3558 3772; x_wconf 85' lang='lat' dir='ltr'><strong>Burgundio,</strong></span> 
     </span>
    </p>
   </div>
   <div class='ocr_carea' id='block_1_83' title="bbox 1962 3793 3556 3865">
    <p class='ocr_par' dir='ltr' id='par_1_83' title="bbox 1962 3793 3556 3865">
     <span class='ocr_line' id='line_1_83' title="bbox 1962 3793 3556 3865; baseline 0 -17"><span class='ocrx_word' id='word_1_538' title='bbox 1962 3807 2032 3849; x_wconf 89' lang='lat' dir='ltr'><strong>ne</strong></span> <span class='ocrx_word' id='word_1_539' title='bbox 2057 3793 2300 3864; x_wconf 89' lang='lat' dir='ltr'><strong>principe</strong></span> <span class='ocrx_word' id='word_1_540' title='bbox 2322 3802 2511 3850; x_wconf 88' lang='lat' dir='ltr'><strong>nostro</strong></span> <span class='ocrx_word' id='word_1_541' title='bbox 2532 3801 2795 3865; x_wconf 86' lang='lat' dir='ltr'><strong>pugnaret</strong></span> <span class='ocrx_word' id='word_1_542' title='bbox 2819 3793 3075 3863; x_wconf 88' lang='lat' dir='ltr'><strong>adverso;</strong></span> <span class='ocrx_word' id='word_1_543' title='bbox 3100 3793 3254 3864; x_wconf 86' lang='lat' dir='ltr'><strong>cujus</strong></span> <span class='ocrx_word' id='word_1_544' title='bbox 3273 3794 3398 3851; x_wconf 89' lang='lat' dir='ltr'><strong>licet</strong></span> <span class='ocrx_word' id='word_1_545' title='bbox 3418 3809 3556 3865; x_wconf 72' lang='lat' dir='ltr'><strong>prte-</strong></span> 
     </span>
    </p>
   </div>
   <div class='ocr_carea' id='block_1_84' title="bbox 1959 3885 3556 3956">
    <p class='ocr_par' dir='ltr' id='par_1_84' title="bbox 1959 3885 3556 3956">
     <span class='ocr_line' id='line_1_84' title="bbox 1959 3885 3556 3956; baseline -0.001 -14"><span class='ocrx_word' id='word_1_546' title='bbox 1959 3886 2188 3942; x_wconf 88' lang='lat' dir='ltr'><strong>sentiam</strong></span> <span class='ocrx_word' id='word_1_547' title='bbox 2219 3885 2488 3943; x_wconf 90' lang='lat' dir='ltr'><strong>relevatus</strong></span> <span class='ocrx_word' id='word_1_548' title='bbox 2516 3887 2767 3954; x_wconf 81' lang='lat' dir='ltr'><strong>evaserit,</strong></span> <span class='ocrx_word' id='word_1_549' title='bbox 2807 3885 3115 3942; x_wconf 84' lang='lat' dir='ltr'><strong>felicitatem</strong></span> <span class='ocrx_word' id='word_1_550' title='bbox 3146 3894 3325 3940; x_wconf 89' lang='lat' dir='ltr'><strong>tamen</strong></span> <span class='ocrx_word' id='word_1_551' title='bbox 3367 3885 3556 3956; x_wconf 62' lang='lat' dir='ltr'><strong>pacci-</strong></span> 
     </span>
    </p>
   </div>
   <div class='ocr_carea' id='block_1_85' title="bbox 1961 3976 3550 4058">
    <p class='ocr_par' dir='ltr' id='par_1_85' title="bbox 1961 3976 3550 4058">
     <span class='ocr_line' id='line_1_85' title="bbox 1961 3976 3550 4058; baseline -0.003 -22"><span class='ocrx_word' id='word_1_552' title='bbox 1961 3980 2164 4054; x_wconf 90' lang='lat' dir='ltr'><strong>pitatus</strong></span> <span class='ocrx_word' id='word_1_553' title='bbox 2192 3979 2610 4058; x_wconf 54' lang='lat' dir='ltr'><strong>incurriti&#39;lﬂam</strong></span> <span class='ocrx_word' id='word_1_554' title='bbox 2636 3995 2766 4036; x_wconf 83' lang='lat' dir='ltr'><strong>mox</strong></span> <span class='ocrx_word' id='word_1_555' title='bbox 2782 3986 2854 4046; x_wconf 85' lang='grc' dir='ltr'><strong>,ιιι</strong></span> <span class='ocrx_word' id='word_1_556' title='bbox 2877 3976 3047 4058; x_wconf 77' lang='lat' dir='ltr'><strong>Gothi</strong></span> <span class='ocrx_word' id='word_1_557' title='bbox 3068 3977 3136 4032; x_wconf 90' lang='lat' dir='ltr'><strong>ad</strong></span> <span class='ocrx_word' id='word_1_558' title='bbox 3163 3977 3289 4032; x_wconf 90' lang='lat' dir='ltr'><strong>belli</strong></span> <span class='ocrx_word' id='word_1_559' title='bbox 3317 3977 3550 4032; x_wconf 89' lang='lat' dir='ltr'><strong>studium</strong></span> 
     </span>
    </p>
   </div>
   <div class='ocr_carea' id='block_1_86' title="bbox 1957 4053 3546 4142">
    <p class='ocr_par' dir='ltr' id='par_1_86' title="bbox 1957 4053 3546 4142">
     <span class='ocr_line' id='line_1_86' title="bbox 1957 4053 3546 4142; baseline -0.004 -14"><span class='ocrx_word' id='word_1_560' title='bbox 1957 4053 2175 4142; x_wconf 86' lang='lat' dir='ltr'><strong>gemina</strong></span> <span class='ocrx_word' id='word_1_561' title='bbox 2198 4087 2258 4128; x_wconf 92' lang='lat' dir='ltr'><strong>se</strong></span> <span class='ocrx_word' id='word_1_562' title='bbox 2283 4053 2601 4128; x_wconf 86' lang='lat' dir='ltr'><strong>fortitudine</strong></span> <span class='ocrx_word' id='word_1_563' title='bbox 2628 4070 3003 4137; x_wconf 89' lang='lat' dir='ltr'><strong>contulerunt,</strong></span> <span class='ocrx_word' id='word_1_564' title='bbox 3021 4053 3104 4124; x_wconf 77' lang='lat' dir='ltr'><strong>Ita</strong></span> <span class='ocrx_word' id='word_1_565' title='bbox 3134 4083 3393 4140; x_wconf 87' lang='lat' dir='ltr'><strong>prospera</strong></span> <span class='ocrx_word' id='word_1_566' title='bbox 3422 4082 3546 4123; x_wconf 82' lang='lat' dir='ltr'><strong>cou-</strong></span> 
     </span>
    </p>
   </div>
   <div class='ocr_carea' id='block_1_87' title="bbox 1959 4159 3553 4246">
    <p class='ocr_par' dir='ltr' id='par_1_87' title="bbox 1959 4159 3553 4246">
     <span class='ocr_line' id='line_1_87' title="bbox 1959 4159 3553 4246; baseline -0.004 -24"><span class='ocrx_word' id='word_1_567' title='bbox 1959 4166 2260 4222; x_wconf 81' lang='lat' dir='ltr'><strong>certatione</strong></span> <span class='ocrx_word' id='word_1_568' title='bbox 2305 4180 2443 4222; x_wconf 80' lang='lat' dir='ltr'><strong>caesa</strong></span> <span class='ocrx_word' id='word_1_569' title='bbox 2497 4172 2582 4221; x_wconf 86' lang='lat' dir='ltr'><strong>est</strong></span> <span class='ocrx_word' id='word_1_570' title='bbox 2621 4161 2916 4238; x_wconf 85' lang='lat' dir='ltr'><strong>rebellium</strong></span> <span class='ocrx_word' id='word_1_571' title='bbox 2962 4176 3171 4246; x_wconf 72' lang='lat' dir='ltr'><strong>manus,</strong></span> <span class='ocrx_word' id='word_1_572' title='bbox 3225 4159 3380 4231; x_wconf 90' lang='lat' dir='ltr'><strong>quasi</strong></span> <span class='ocrx_word' id='word_1_573' title='bbox 3427 4159 3553 4215; x_wconf 86' lang='lat' dir='ltr'><strong>inde</strong></span> 
     </span>
    </p>
   </div>
   <div class='ocr_carea' id='block_1_88' title="bbox 1945 4253 3556 4340">
    <p class='ocr_par' dir='ltr' id='par_1_88' title="bbox 1945 4253 3556 4340">
     <span class='ocr_line' id='line_1_88' title="bbox 1945 4253 3556 4340; baseline -0.005 -25"><span class='ocrx_word' id='word_1_574' title='bbox 1945 4259 2151 4328; x_wconf 84' lang='lat' dir='ltr'><strong>nudos,</strong></span> <span class='ocrx_word' id='word_1_575' title='bbox 2183 4259 2310 4314; x_wconf 92' lang='lat' dir='ltr'><strong>hinc</strong></span> <span class='ocrx_word' id='word_1_576' title='bbox 2332 4268 2476 4332; x_wconf 89' lang='lat' dir='ltr'><strong>stare</strong></span> <span class='ocrx_word' id='word_1_577' title='bbox 2503 4257 2816 4338; x_wconf 76' lang='lat' dir='ltr'><strong>contigisset</strong></span> <span class='ocrx_word' id='word_1_578' title='bbox 2843 4266 3081 4340; x_wconf 73' lang='lat' dir='ltr'><strong>armatos</strong></span> <span class='ocrx_word' id='word_1_579' title='bbox 3115 4272 3128 4309; x_wconf 91' lang='lat'><strong>:</strong></span> <span class='ocrx_word' id='word_1_580' title='bbox 3178 4253 3344 4309; x_wconf 90' lang='lat' dir='ltr'><strong>divini</strong></span> <span class='ocrx_word' id='word_1_581' title='bbox 3386 4253 3556 4324; x_wconf 74' lang='lat' dir='ltr'><strong>tequi-</strong></span> 
     </span>
    </p>
   </div>
   <div class='ocr_carea' id='block_1_89' title="bbox 1958 4348 3552 4422">
    <p class='ocr_par' dir='ltr' id='par_1_89' title="bbox 1958 4348 3552 4422">
     <span class='ocr_line' id='line_1_89' title="bbox 1958 4348 3552 4422; baseline -0.001 -16"><span class='ocrx_word' id='word_1_582' title='bbox 1958 4359 2071 4406; x_wconf 91' lang='lat' dir='ltr'><strong>tate</strong></span> <span class='ocrx_word' id='word_1_583' title='bbox 2095 4350 2299 4420; x_wconf 88' lang='lat' dir='ltr'><strong>judicii,</strong></span> <span class='ocrx_word' id='word_1_584' title='bbox 2323 4359 2384 4406; x_wconf 88' lang='lat' dir='ltr'><strong>ut</strong></span> <span class='ocrx_word' id='word_1_585' title='bbox 2413 4351 2466 4406; x_wconf 88' lang='lat' dir='ltr'><strong>in</strong></span> <span class='ocrx_word' id='word_1_586' title='bbox 2497 4350 2625 4422; x_wconf 88' lang='lat' dir='ltr'><strong>ipsis</strong></span> <span class='ocrx_word' id='word_1_587' title='bbox 2651 4351 2856 4421; x_wconf 88' lang='lat' dir='ltr'><strong>campis</strong></span> <span class='ocrx_word' id='word_1_588' title='bbox 2883 4348 3066 4421; x_wconf 64' lang='lat' dir='ltr'><strong>praedo</strong></span> <span class='ocrx_word' id='word_1_589' title='bbox 3094 4355 3387 4416; x_wconf 80' lang='lat' dir='ltr'><strong>corruerct,</strong></span> <span class='ocrx_word' id='word_1_590' title='bbox 3413 4363 3552 4418; x_wconf 79' lang='lat' dir='ltr'><strong>quos</strong></span> 
     </span>
    </p>
   </div>
   <div class='ocr_carea' id='block_1_90' title="bbox 1955 4440 3552 4514">
    <p class='ocr_par' dir='ltr' id='par_1_90' title="bbox 1955 4440 3552 4514">
     <span class='ocr_line' id='line_1_90' title="bbox 1955 4440 3552 4514; baseline -0.001 -17"><span class='ocrx_word' id='word_1_591' title='bbox 1955 4451 2172 4498; x_wconf 82' lang='lat' dir='ltr'><strong>vastare</strong></span> <span class='ocrx_word' id='word_1_592' title='bbox 2202 4443 2558 4514; x_wconf 60' lang='lat' dir='ltr'><strong>praesumpsit.</strong></span> <span class='ocrx_word' id='word_1_593' title='bbox 2595 4441 2812 4498; x_wconf 80' lang='lat' dir='ltr'><strong>Exsulta</strong></span> <span class='ocrx_word' id='word_1_594' title='bbox 2843 4441 3270 4497; x_wconf 77' lang='lat' dir='ltr'><strong>adversariorum</strong></span> <span class='ocrx_word' id='word_1_595' title='bbox 3316 4440 3552 4496; x_wconf 88' lang='lat' dir='ltr'><strong>cadave-</strong></span> 
     </span>
    </p>
   </div>
   <div class='ocr_carea' id='block_1_91' title="bbox 1957 4532 3551 4607">
    <p class='ocr_par' dir='ltr' id='par_1_91' title="bbox 1957 4532 3551 4607">
     <span class='ocr_line' id='line_1_91' title="bbox 1957 4532 3551 4607; baseline 0 -17"><span class='ocrx_word' id='word_1_596' title='bbox 1957 4535 2104 4592; x_wconf 88' lang='lat' dir='ltr'><strong>ribus</strong></span> <span class='ocrx_word' id='word_1_597' title='bbox 2125 4542 2316 4591; x_wconf 90' lang='lat' dir='ltr'><strong>ornata</strong></span> <span class='ocrx_word' id='word_1_598' title='bbox 2338 4536 2646 4607; x_wconf 87' lang='lat' dir='ltr'><strong>provincia;</strong></span> <span class='ocrx_word' id='word_1_599' title='bbox 2677 4549 2926 4596; x_wconf 80' lang='lat' dir='ltr'><strong>acervum</strong></span> <span class='ocrx_word' id='word_1_600' title='bbox 2956 4533 3074 4590; x_wconf 86' lang='lat' dir='ltr'><strong>ride</strong></span> <span class='ocrx_word' id='word_1_601' title='bbox 3095 4532 3361 4600; x_wconf 90' lang='lat' dir='ltr'><strong>funerum,</strong></span> <span class='ocrx_word' id='word_1_602' title='bbox 3386 4547 3551 4603; x_wconf 90' lang='lat' dir='ltr'><strong>quem</strong></span> 
     </span>
    </p>
   </div>
   <div class='ocr_carea' id='block_1_92' title="bbox 1958 4623 3550 4708">
    <p class='ocr_par' dir='ltr' id='par_1_92' title="bbox 1958 4623 3550 4708">
     <span class='ocr_line' id='line_1_92' title="bbox 1958 4623 3550 4708; baseline -0.003 -25"><span class='ocrx_word' id='word_1_603' title='bbox 1958 4628 2296 4683; x_wconf 90' lang='lat' dir='ltr'><strong>inimicorum</strong></span> <span class='ocrx_word' id='word_1_604' title='bbox 2325 4627 2455 4684; x_wconf 91' lang='lat' dir='ltr'><strong>vitio</strong></span> <span class='ocrx_word' id='word_1_605' title='bbox 2477 4634 2690 4708; x_wconf 75' lang='lat' dir='ltr'><strong>cpnstat</strong></span> <span class='ocrx_word' id='word_1_606' title='bbox 2719 4625 2987 4682; x_wconf 85' lang='lat' dir='ltr'><strong>effectum.</strong></span> <span class='ocrx_word' id='word_1_607' title='bbox 3021 4623 3175 4680; x_wconf 82' lang='lat' dir='ltr'><strong>Nunc</strong></span> <span class='ocrx_word' id='word_1_608' title='bbox 3194 4623 3385 4680; x_wconf 88' lang='lat' dir='ltr'><strong>melius</strong></span> <span class='ocrx_word' id='word_1_609' title='bbox 3403 4623 3550 4679; x_wconf 89' lang='lat' dir='ltr'><strong>culta</strong></span> 
     </span>
    </p>
   </div>
   <div class='ocr_carea' id='block_1_93' title="bbox 257 4707 3553 4788">
    <p class='ocr_par' dir='ltr' id='par_1_93' title="bbox 257 4707 3553 4788">
     <span class='ocr_line' id='line_1_93' title="bbox 257 4707 3553 4788; baseline -0.001 -18"><span class='ocrx_word' id='word_1_610' title='bbox 257 4715 386 4779; x_wconf 74' lang='lat' dir='ltr'><strong>(2a.,</strong></span> <span class='ocrx_word' id='word_1_611' title='bbox 412 4714 604 4784; x_wconf 69' lang='lat' dir='ltr'><strong>visum]</strong></span> <span class='ocrx_word' id='word_1_612' title='bbox 635 4723 737 4777; x_wconf 89' lang='lat' dir='ltr'><strong>est,</strong></span> <span class='ocrx_word' id='word_1_613' title='bbox 773 4730 880 4770; x_wconf 95' lang='lat' dir='ltr'><strong>non</strong></span> <span class='ocrx_word' id='word_1_614' title='bbox 903 4713 1178 4784; x_wconf 84' lang='lat' dir='ltr'><strong>divitibus,</strong></span> <span class='ocrx_word' id='word_1_615' title='bbox 1202 4713 1507 4774; x_wconf 88' lang='lat' dir='ltr'><strong>subvenire.</strong></span> <span class='ocrx_word' id='word_1_616' title='bbox 1531 4714 1727 4778; x_wconf 86' lang='lat' dir='ltr'><strong>Fundit</strong></span> <span class='ocrx_word' id='word_1_617' title='bbox 1750 4731 1850 4786; x_wconf 87' lang='lat' dir='ltr'><strong>po-</strong></span> <span class='ocrx_word' id='word_1_618' title='bbox 1869 4707 1926 4775; x_wconf 74' lang='grc' dir='ltr'><strong>,ο</strong></span> <span class='ocrx_word' id='word_1_619' title='bbox 1941 4718 2187 4788; x_wconf 82' lang='lat' dir='ltr'><strong>Liguria,</strong></span> <span class='ocrx_word' id='word_1_620' title='bbox 2213 4719 2326 4784; x_wconf 89' lang='lat' dir='ltr'><strong>cui,</strong></span> <span class='ocrx_word' id='word_1_621' title='bbox 2363 4727 2558 4787; x_wconf 84' lang='lat' dir='ltr'><strong>negato</strong></span> <span class='ocrx_word' id='word_1_622' title='bbox 2594 4717 2770 4774; x_wconf 73' lang='lat' dir='ltr'><strong>fructu</strong></span> <span class='ocrx_word' id='word_1_623' title='bbox 2808 4717 3027 4788; x_wconf 87' lang='lat' dir='ltr'><strong>segetis,</strong></span> <span class='ocrx_word' id='word_1_624' title='bbox 3060 4715 3252 4772; x_wconf 87' lang='lat' dir='ltr'><strong>messis</strong></span> <span class='ocrx_word' id='word_1_625' title='bbox 3300 4714 3553 4787; x_wconf 90' lang='lat' dir='ltr'><strong>provenit</strong></span> 
     </span>
    </p>
   </div>
   <div class='ocr_carea' id='block_1_94' title="bbox 257 4805 1848 4878">
    <p class='ocr_par' dir='ltr' id='par_1_94' title="bbox 257 4805 1848 4878">
     <span class='ocr_line' id='line_1_94' title="bbox 257 4805 1848 4878; baseline -0.001 -13"><span class='ocrx_word' id='word_1_626' title='bbox 257 4808 385 4876; x_wconf 83' lang='lat' dir='ltr'><strong>tius,</strong></span> <span class='ocrx_word' id='word_1_627' title='bbox 419 4807 511 4878; x_wconf 90' lang='lat' dir='ltr'><strong>qui</strong></span> <span class='ocrx_word' id='word_1_628' title='bbox 540 4806 703 4861; x_wconf 89' lang='lat' dir='ltr'><strong>mittit</strong></span> <span class='ocrx_word' id='word_1_629' title='bbox 732 4807 785 4860; x_wconf 89' lang='lat' dir='ltr'><strong>in</strong></span> <span class='ocrx_word' id='word_1_630' title='bbox 809 4806 1060 4876; x_wconf 90' lang='lat' dir='ltr'><strong>plenum;</strong></span> <span class='ocrx_word' id='word_1_631' title='bbox 1090 4820 1212 4859; x_wconf 91' lang='lat' dir='ltr'><strong>nam</strong></span> <span class='ocrx_word' id='word_1_632' title='bbox 1236 4805 1362 4860; x_wconf 88' lang='lat' dir='ltr'><strong>illud</strong></span> <span class='ocrx_word' id='word_1_633' title='bbox 1393 4807 1572 4875; x_wconf 89' lang='lat' dir='ltr'><strong>potius</strong></span> <span class='ocrx_word' id='word_1_634' title='bbox 1602 4808 1848 4863; x_wconf 82' lang='lat' dir='ltr'><strong>recondi-</strong></span> 
     </span>
    </p>
   </div>
   <div class='ocr_carea' id='block_1_95' title="bbox 254 4897 1850 4970">
    <p class='ocr_par' dir='ltr' id='par_1_95' title="bbox 254 4897 1850 4970">
     <span class='ocr_line' id='line_1_95' title="bbox 254 4897 1850 4970; baseline 0.002 -17"><span class='ocrx_word' id='word_1_635' title='bbox 254 4905 367 4965; x_wconf 90' lang='lat' dir='ltr'><strong>tur,</strong></span> <span class='ocrx_word' id='word_1_636' title='bbox 400 4897 541 4968; x_wconf 94' lang='lat' dir='ltr'><strong>quod</strong></span> <span class='ocrx_word' id='word_1_637' title='bbox 569 4899 709 4953; x_wconf 85' lang='lat' dir='ltr'><strong>vasis</strong></span> <span class='ocrx_word' id='word_1_638' title='bbox 737 4897 918 4952; x_wconf 87' lang='lat' dir='ltr'><strong>vacuis</strong></span> <span class='ocrx_word' id='word_1_639' title='bbox 943 4907 1319 4966; x_wconf 87' lang='lat' dir='ltr'><strong>congregatur.</strong></span> <span class='ocrx_word' id='word_1_640' title='bbox 1363 4897 1704 4970; x_wconf 87' lang='lat' dir='ltr'><strong>Quapropter</strong></span> <span class='ocrx_word' id='word_1_641' title='bbox 1724 4915 1850 4956; x_wconf 89' lang='lat' dir='ltr'><strong>san-</strong></span> 
     </span>
    </p>
   </div>
   <div class='ocr_carea' id='block_1_96' title="bbox 257 4990 1844 5062">
    <p class='ocr_par' dir='ltr' id='par_1_96' title="bbox 257 4990 1844 5062">
     <span class='ocr_line' id='line_1_96' title="bbox 257 4990 1844 5062; baseline 0 -15"><span class='ocrx_word' id='word_1_642' title='bbox 257 4993 420 5048; x_wconf 90' lang='lat' dir='ltr'><strong>ctitas</strong></span> <span class='ocrx_word' id='word_1_643' title='bbox 447 5002 626 5046; x_wconf 87' lang='lat' dir='ltr'><strong>vestra</strong></span> <span class='ocrx_word' id='word_1_644' title='bbox 655 4992 1018 5046; x_wconf 89' lang='lat' dir='ltr'><strong>miserationis</strong></span> <span class='ocrx_word' id='word_1_645' title='bbox 1039 4990 1216 5046; x_wconf 82' lang='lat' dir='ltr'><strong>officia</strong></span> <span class='ocrx_word' id='word_1_646' title='bbox 1251 5007 1358 5047; x_wconf 92' lang='lat' dir='ltr'><strong>non</strong></span> <span class='ocrx_word' id='word_1_647' title='bbox 1383 5001 1532 5062; x_wconf 91' lang='lat' dir='ltr'><strong>putet</strong></span> <span class='ocrx_word' id='word_1_648' title='bbox 1560 4993 1807 5062; x_wconf 86' lang='lat' dir='ltr'><strong>injuriam</strong></span> <span class='ocrx_word' id='word_1_649' title='bbox 1831 5011 1844 5047; x_wconf 88' lang='lat'><strong>:</strong></span> 
     </span>
    </p>
   </div>
   <div class='ocr_carea' id='block_1_97' title="bbox 254 5085 1845 5157">
    <p class='ocr_par' dir='ltr' id='par_1_97' title="bbox 254 5085 1845 5157">
     <span class='ocr_line' id='line_1_97' title="bbox 254 5085 1845 5157; baseline 0.002 -18"><span class='ocrx_word' id='word_1_650' title='bbox 254 5087 381 5157; x_wconf 87' lang='lat' dir='ltr'><strong>quia</strong></span> <span class='ocrx_word' id='word_1_651' title='bbox 413 5092 586 5141; x_wconf 91' lang='lat' dir='ltr'><strong>totum</strong></span> <span class='ocrx_word' id='word_1_652' title='bbox 610 5085 765 5140; x_wconf 81' lang='lat' dir='ltr'><strong>vobis</strong></span> <span class='ocrx_word' id='word_1_653' title='bbox 787 5085 1006 5154; x_wconf 88' lang='lat' dir='ltr'><strong>dignum</strong></span> <span class='ocrx_word' id='word_1_654' title='bbox 1038 5094 1138 5152; x_wconf 92' lang='lat' dir='ltr'><strong>est,</strong></span> <span class='ocrx_word' id='word_1_655' title='bbox 1183 5085 1272 5140; x_wconf 92' lang='lat' dir='ltr'><strong>ubi</strong></span> <span class='ocrx_word' id='word_1_656' title='bbox 1321 5085 1494 5156; x_wconf 89' lang='lat' dir='ltr'><strong>pietas</strong></span> <span class='ocrx_word' id='word_1_657' title='bbox 1536 5087 1804 5144; x_wconf 88' lang='lat' dir='ltr'><strong>invenitur</strong></span> <span class='ocrx_word' id='word_1_658' title='bbox 1832 5105 1845 5156; x_wconf 85' lang='lat'>;</span> 
     </span>
    </p>
   </div>
   <div class='ocr_carea' id='block_1_98' title="bbox 254 5177 1852 5258">
    <p class='ocr_par' dir='ltr' id='par_1_98' title="bbox 254 5177 1852 5258">
     <span class='ocr_line' id='line_1_98' title="bbox 254 5177 1852 5258; baseline 0.002 -26"><span class='ocrx_word' id='word_1_659' title='bbox 254 5178 517 5248; x_wconf 87' lang='lat' dir='ltr'><strong>siquidem</strong></span> <span class='ocrx_word' id='word_1_660' title='bbox 559 5178 735 5234; x_wconf 86' lang='lat' dir='ltr'><strong>aliena</strong></span> <span class='ocrx_word' id='word_1_661' title='bbox 780 5178 1044 5233; x_wconf 89' lang='lat' dir='ltr'><strong>desideria</strong></span> <span class='ocrx_word' id='word_1_662' title='bbox 1095 5177 1326 5234; x_wconf 86' lang='lat' dir='ltr'><strong>ﬁdeliter</strong></span> <span class='ocrx_word' id='word_1_663' title='bbox 1371 5193 1581 5246; x_wconf 88' lang='lat' dir='ltr'><strong>gerere,</strong></span> <span class='ocrx_word' id='word_1_664' title='bbox 1629 5180 1734 5258; x_wconf 89' lang='lat' dir='ltr'><strong>hoc</strong></span> <span class='ocrx_word' id='word_1_665' title='bbox 1768 5190 1852 5236; x_wconf 90' lang='lat' dir='ltr'><strong>est</strong></span> 
     </span>
    </p>
   </div>
   <div class='ocr_carea' id='block_1_99' title="bbox 151 5267 1847 5343">
    <p class='ocr_par' dir='ltr' id='par_1_99' title="bbox 151 5267 1847 5343">
     <span class='ocr_line' id='line_1_99' title="bbox 151 5267 1847 5343; baseline 0.001 -19"><span class='ocrx_word' id='word_1_666' title='bbox 151 5282 153 5284; x_wconf 76' lang='lat'><strong><em>‘</em></strong></span> <span class='ocrx_word' id='word_1_667' title='bbox 253 5268 396 5324; x_wconf 93' lang='lat' dir='ltr'><strong>bona</strong></span> <span class='ocrx_word' id='word_1_668' title='bbox 424 5270 645 5343; x_wconf 88' lang='lat' dir='ltr'><strong>propria</strong></span> <span class='ocrx_word' id='word_1_669' title='bbox 673 5269 983 5340; x_wconf 89' lang='lat' dir='ltr'><strong>perfecisse.</strong></span> <span class='ocrx_word' id='word_1_670' title='bbox 1016 5268 1097 5323; x_wconf 88' lang='lat' dir='ltr'><strong>Ad</strong></span> <span class='ocrx_word' id='word_1_671' title='bbox 1117 5284 1280 5338; x_wconf 91' lang='lat' dir='ltr'><strong>quam</strong></span> <span class='ocrx_word' id='word_1_672' title='bbox 1303 5284 1440 5334; x_wconf 92' lang='lat' dir='ltr'><strong>rem,</strong></span> <span class='ocrx_word' id='word_1_673' title='bbox 1471 5269 1582 5324; x_wconf 90' lang='lat' dir='ltr'><strong>Deo</strong></span> <span class='ocrx_word' id='word_1_674' title='bbox 1602 5267 1847 5340; x_wconf 86' lang='lat' dir='ltr'><strong>juvante,</strong></span> 
     </span>
    </p>
   </div>
   <div class='ocr_carea' id='block_1_100' title="bbox 247 5360 1845 5434">
    <p class='ocr_par' dir='ltr' id='par_1_100' title="bbox 247 5360 1845 5434">
     <span class='ocr_line' id='line_1_100' title="bbox 247 5360 1845 5434; baseline -0.004 -10"><span class='ocrx_word' id='word_1_675' title='bbox 247 5362 648 5434; x_wconf 77' lang='lat' dir='ltr'><strong>procurandam</strong></span> <span class='ocrx_word' id='word_1_676' title='bbox 669 5361 821 5418; x_wconf 87' lang='lat' dir='ltr'><strong>illum</strong></span> <span class='ocrx_word' id='word_1_677' title='bbox 840 5369 1001 5432; x_wconf 87' lang='lat' dir='ltr'><strong>atque</strong></span> <span class='ocrx_word' id='word_1_678' title='bbox 1022 5360 1170 5416; x_wconf 92' lang='lat' dir='ltr'><strong>illum</strong></span> <span class='ocrx_word' id='word_1_679' title='bbox 1197 5361 1502 5418; x_wconf 89' lang='lat' dir='ltr'><strong>curavimus</strong></span> <span class='ocrx_word' id='word_1_680' title='bbox 1531 5361 1807 5420; x_wconf 89' lang='lat' dir='ltr'><strong>destinare</strong></span> <span class='ocrx_word' id='word_1_681' title='bbox 1832 5381 1845 5417; x_wconf 92' lang='lat'>:</span> 
     </span>
    </p>
   </div>
   <div class='ocr_carea' id='block_1_101' title="bbox 324 5569 1844 5656">
    <p class='ocr_par' dir='ltr' id='par_1_101' title="bbox 324 5569 1844 5656">
     <span class='ocr_line' id='line_1_101' title="bbox 324 5569 1844 5656; baseline 0 -28"><span class='ocrx_word' id='word_1_682' title='bbox 324 5583 351 5613; x_wconf 77' lang='grc' dir='ltr'>ιι</span> <span class='ocrx_word' id='word_1_683' title='bbox 377 5573 495 5630; x_wconf 84' lang='lat' dir='ltr'><strong>Hoc</strong></span> <span class='ocrx_word' id='word_1_684' title='bbox 523 5573 779 5656; x_wconf 70' lang='lat' dir='ltr'><strong>scriptum</strong></span> <span class='ocrx_word' id='word_1_685' title='bbox 807 5579 898 5656; x_wconf 63' lang='lat' dir='ltr'><strong>est</strong></span> <span class='ocrx_word' id='word_1_686' title='bbox 909 5579 1032 5656; x_wconf 80' lang='lat' dir='ltr'><strong>post</strong></span> <span class='ocrx_word' id='word_1_687' title='bbox 1059 5572 1393 5656; x_wconf 63' lang='lat' dir='ltr'><strong>consulatum</strong></span> <span class='ocrx_word' id='word_1_688' title='bbox 1423 5569 1705 5656; x_wconf 37' lang='lat' dir='ltr'><strong>Belisariil:</strong></span> <span class='ocrx_word' id='word_1_689' title='bbox 1735 5588 1844 5656; x_wconf 88' lang='lat' dir='ltr'><strong>quo</strong></span> 
     </span>
    </p>
   </div>
   <div class='ocr_carea' id='block_1_102' title="bbox 255 5644 1844 5717">
    <p class='ocr_par' dir='ltr' id='par_1_102' title="bbox 255 5644 1844 5717">
     <span class='ocr_line' id='line_1_102' title="bbox 255 5644 1844 5717; baseline 0.001 -18"><span class='ocrx_word' id='word_1_690' title='bbox 255 5651 497 5717; x_wconf 87' lang='lat' dir='ltr'><strong>tempore</strong></span> <span class='ocrx_word' id='word_1_691' title='bbox 528 5644 784 5701; x_wconf 86' lang='lat' dir='ltr'><strong>adversus</strong></span> <span class='ocrx_word' id='word_1_692' title='bbox 811 5644 1064 5714; x_wconf 81' lang='lat' dir='ltr'><strong>Witigem</strong></span> <span class='ocrx_word' id='word_1_693' title='bbox 1094 5644 1392 5717; x_wconf 85' lang='lat' dir='ltr'><strong>Gothorum</strong></span> <span class='ocrx_word' id='word_1_694' title='bbox 1444 5659 1625 5717; x_wconf 62' lang='lat' dir='ltr'><strong>regem</strong></span> <span class='ocrx_word' id='word_1_695' title='bbox 1669 5644 1844 5717; x_wconf 84' lang='lat' dir='ltr'><strong>(cujus</strong></span> 
     </span>
    </p>
   </div>
   <div class='ocr_carea' id='block_1_103' title="bbox 254 5714 1844 5788">
    <p class='ocr_par' dir='ltr' id='par_1_103' title="bbox 254 5714 1844 5788">
     <span class='ocr_line' id='line_1_103' title="bbox 254 5714 1844 5788; baseline 0.003 -19"><span class='ocrx_word' id='word_1_696' title='bbox 254 5714 460 5788; x_wconf 70' lang='lat' dir='ltr'><strong>aliquot</strong></span> <span class='ocrx_word' id='word_1_697' title='bbox 504 5733 683 5788; x_wconf 86' lang='lat' dir='ltr'><strong>supra,</strong></span> <span class='ocrx_word' id='word_1_698' title='bbox 726 5717 817 5773; x_wconf 91' lang='lat' dir='ltr'><strong>lib.</strong></span> <span class='ocrx_word' id='word_1_699' title='bbox 865 5734 919 5784; x_wconf 86' lang='lat' dir='ltr'><strong>x,</strong></span> <span class='ocrx_word' id='word_1_700' title='bbox 964 5723 1177 5772; x_wconf 82' lang='lat' dir='ltr'><strong>exstant</strong></span> <span class='ocrx_word' id='word_1_701' title='bbox 1215 5715 1501 5788; x_wconf 86' lang='lat' dir='ltr'><strong>rescripta)</strong></span> <span class='ocrx_word' id='word_1_702' title='bbox 1558 5714 1844 5773; x_wconf 83' lang='lat' dir='ltr'><strong>Belisarius</strong></span> 
     </span>
    </p>
   </div>
   <div class='ocr_carea' id='block_1_104' title="bbox 255 5783 1844 5845">
    <p class='ocr_par' dir='ltr' id='par_1_104' title="bbox 255 5783 1844 5845">
     <span class='ocr_line' id='line_1_104' title="bbox 255 5783 1844 5845; baseline 0.002 -4"><span class='ocrx_word' id='word_1_703' title='bbox 255 5783 480 5842; x_wconf 78' lang='lat' dir='ltr'><strong>Romam</strong></span> <span class='ocrx_word' id='word_1_704' title='bbox 508 5783 838 5845; x_wconf 58' lang='lat' dir='ltr'><strong>vi&#39;obtinens</strong></span> <span class='ocrx_word' id='word_1_705' title='bbox 875 5783 1178 5844; x_wconf 87' lang='lat' dir='ltr'><strong>resistebat.</strong></span> <span class='ocrx_word' id='word_1_706' title='bbox 1211 5787 1342 5842; x_wconf 86' lang='lat' dir='ltr'><strong>Nam</strong></span> <span class='ocrx_word' id='word_1_707' title='bbox 1389 5783 1650 5844; x_wconf 59' lang='lat' dir='ltr'><strong>eo&#39;anno</strong></span> <span class='ocrx_word' id='word_1_708' title='bbox 1695 5795 1844 5844; x_wconf 89' lang='lat' dir='ltr'><strong>tanta</strong></span> 
     </span>
    </p>
   </div>
   <div class='ocr_carea' id='block_1_105' title="bbox 291 5857 1846 5929">
    <p class='ocr_par' dir='ltr' id='par_1_105' title="bbox 291 5857 1846 5929">
     <span class='ocr_line' id='line_1_105' title="bbox 291 5857 1846 5929; baseline 0.002 -16"><span class='ocrx_word' id='word_1_709' title='bbox 291 5873 351 5913; x_wconf 88' lang='lat' dir='ltr'><strong>er</strong></span> <span class='ocrx_word' id='word_1_710' title='bbox 376 5861 680 5915; x_wconf 89' lang='lat' dir='ltr'><strong>universum</strong></span> <span class='ocrx_word' id='word_1_711' title='bbox 707 5860 876 5917; x_wconf 89' lang='lat' dir='ltr'><strong>fames</strong></span> <span class='ocrx_word' id='word_1_712' title='bbox 897 5860 1014 5924; x_wconf 89' lang='lat' dir='ltr'><strong>fuit,</strong></span> <span class='ocrx_word' id='word_1_713' title='bbox 1047 5872 1105 5915; x_wconf 87' lang='lat' dir='ltr'><strong>ut</strong></span> <span class='ocrx_word' id='word_1_714' title='bbox 1135 5860 1317 5915; x_wconf 87' lang='lat' dir='ltr'><strong>Datius</strong></span> <span class='ocrx_word' id='word_1_715' title='bbox 1337 5857 1621 5929; x_wconf 88' lang='lat' dir='ltr'><strong>episcopus</strong></span> <span class='ocrx_word' id='word_1_716' title='bbox 1639 5858 1846 5916; x_wconf 82' lang='lat' dir='ltr'><strong>Medio-</strong></span> 
     </span>
    </p>
   </div>
   <div class='ocr_carea' id='block_1_106' title="bbox 241 5871 1842 6005">
    <p class='ocr_par' dir='ltr' id='par_1_106' title="bbox 241 5871 1842 6005">
     <span class='ocr_line' id='line_1_106' title="bbox 291 5871 1842 5929; baseline 0.002 -16"><span class='ocrx_word' id='word_1_717' title='bbox 291 5873 351 5913; x_wconf 85' lang='lat' dir='ltr'><strong>er</strong></span> <span class='ocrx_word' id='word_1_718' title='bbox 376 5874 680 5915; x_wconf 72' lang='lat' dir='ltr'><strong>universum</strong></span> <span class='ocrx_word' id='word_1_719' title='bbox 707 5871 876 5917; x_wconf 84' lang='lat' dir='ltr'><strong>tames</strong></span> <span class='ocrx_word' id='word_1_720' title='bbox 897 5871 1014 5924; x_wconf 73' lang='lat' dir='ltr'><strong>fuit,</strong></span> <span class='ocrx_word' id='word_1_721' title='bbox 1047 5872 1105 5915; x_wconf 89' lang='lat' dir='ltr'><strong>ut</strong></span> <span class='ocrx_word' id='word_1_722' title='bbox 1135 5871 1317 5915; x_wconf 85' lang='lat' dir='ltr'><strong>uanus</strong></span> <span class='ocrx_word' id='word_1_723' title='bbox 1337 5873 1621 5929; x_wconf 77' lang='lat' dir='ltr'><strong>episcopus</strong></span> <span class='ocrx_word' id='word_1_724' title='bbox 1639 5871 1842 5916; x_wconf 72' lang='lat' dir='ltr'><strong>medio-</strong></span> 
     </span>
     <span class='ocr_line' id='line_1_107' title="bbox 241 5871 1842 6005; baseline 0.001 -20"><span class='ocrx_word' id='word_1_725' title='bbox 241 5871 487 5990; x_wconf 55' lang='lat' dir='ltr'><strong>ifhneusis</strong></span> <span class='ocrx_word' id='word_1_726' title='bbox 514 5931 780 5990; x_wconf 83' lang='lat' dir='ltr'><strong>relatione</strong></span> <span class='ocrx_word' id='word_1_727' title='bbox 799 5947 891 5989; x_wconf 87' lang='lat' dir='ltr'><strong>sua</strong></span> <span class='ocrx_word' id='word_1_728' title='bbox 921 5933 1026 5990; x_wconf 85' lang='lat' dir='ltr'><strong>hoc</strong></span> <span class='ocrx_word' id='word_1_729' title='bbox 1051 5932 1328 6005; x_wconf 87' lang='lat' dir='ltr'><strong>evidenter</strong></span> <span class='ocrx_word' id='word_1_730' title='bbox 1351 5931 1645 6004; x_wconf 61' lang='lat' dir='ltr'><strong>curaverit,</strong></span> <span class='ocrx_word' id='word_1_731' title='bbox 1676 5945 1842 6002; x_wconf 89' lang='lat' dir='ltr'><strong>quas-</strong></span> 
     </span>
    </p>
   </div>
   <div class='ocr_carea' id='block_1_107' title="bbox 241 5955 248 5964">
    <p class='ocr_par' dir='ltr' id='par_1_107' title="bbox 241 5955 248 5964">
     <span class='ocr_line' id='line_1_108' title="bbox 241 5955 248 5964; baseline 0 0"><span class='ocrx_word' id='word_1_732' title='bbox 241 5955 248 5964; x_wconf 77' lang='grc'><strong>›</strong></span> 
     </span>
    </p>
   </div>
   <div class='ocr_carea' id='block_1_108' title="bbox 1957 4805 3548 4878">
    <p class='ocr_par' dir='ltr' id='par_1_108' title="bbox 1957 4805 3548 4878">
     <span class='ocr_line' id='line_1_109' title="bbox 1957 4805 3548 4878; baseline -0.006 -11"><span class='ocrx_word' id='word_1_733' title='bbox 1957 4811 2184 4867; x_wconf 90' lang='lat' dir='ltr'><strong>hostilis.</strong></span> <span class='ocrx_word' id='word_1_734' title='bbox 2215 4809 2347 4864; x_wconf 84' lang='lat' dir='ltr'><strong>Nam</strong></span> <span class='ocrx_word' id='word_1_735' title='bbox 2377 4810 2476 4865; x_wconf 83' lang='lat' dir='ltr'><strong>etsi</strong></span> <span class='ocrx_word' id='word_1_736' title='bbox 2505 4810 2705 4864; x_wconf 87' lang='lat' dir='ltr'><strong>tributa</strong></span> <span class='ocrx_word' id='word_1_737' title='bbox 2733 4819 2820 4863; x_wconf 91' lang='lat' dir='ltr'><strong>tua</strong></span> <span class='ocrx_word' id='word_1_738' title='bbox 2843 4809 3021 4862; x_wconf 89' lang='lat' dir='ltr'><strong>minus</strong></span> <span class='ocrx_word' id='word_1_739' title='bbox 3043 4813 3335 4878; x_wconf 89' lang='lat' dir='ltr'><strong>potuerunt</strong></span> <span class='ocrx_word' id='word_1_740' title='bbox 3354 4805 3548 4874; x_wconf 83' lang='lat' dir='ltr'><strong>accipi,</strong></span> 
     </span>
    </p>
   </div>
   <div class='ocr_carea' id='block_1_109' title="bbox 1945 4895 3547 4978">
    <p class='ocr_par' dir='ltr' id='par_1_109' title="bbox 1945 4895 3547 4978">
     <span class='ocr_line' id='line_1_110' title="bbox 1945 4895 3547 4978; baseline -0.006 -21"><span class='ocrx_word' id='word_1_741' title='bbox 1945 4902 2259 4978; x_wconf 54' lang='lat' dir='ltr'><strong>triumphos</strong></span> <span class='ocrx_word' id='word_1_742' title='bbox 2293 4903 2345 4957; x_wconf 91' lang='lat' dir='ltr'><strong>in</strong></span> <span class='ocrx_word' id='word_1_743' title='bbox 2378 4909 2430 4958; x_wconf 90' lang='lat' dir='ltr'><strong>te</strong></span> <span class='ocrx_word' id='word_1_744' title='bbox 2462 4909 2618 4957; x_wconf 85' lang='lat' dir='ltr'><strong>natos</strong></span> <span class='ocrx_word' id='word_1_745' title='bbox 2646 4900 2877 4956; x_wconf 84' lang='lat' dir='ltr'><strong>feliciter</strong></span> <span class='ocrx_word' id='word_1_746' title='bbox 2900 4898 3160 4955; x_wconf 88' lang='lat' dir='ltr'><strong>obtulisti.</strong></span> <span class='ocrx_word' id='word_1_747' title='bbox 3193 4896 3284 4956; x_wconf 85' lang='lat' dir='ltr'><strong>His</strong></span> <span class='ocrx_word' id='word_1_748' title='bbox 3332 4895 3547 4951; x_wconf 88' lang='lat' dir='ltr'><strong>additur</strong></span> 
     </span>
    </p>
   </div>
   <div class='ocr_carea' id='block_1_110' title="bbox 1956 4987 3550 5066">
    <p class='ocr_par' dir='ltr' id='par_1_110' title="bbox 1956 4987 3550 5066">
     <span class='ocr_line' id='line_1_111' title="bbox 1956 4987 3550 5066; baseline -0.005 -16"><span class='ocrx_word' id='word_1_749' title='bbox 1956 4996 2377 5052; x_wconf 82' lang='lat' dir='ltr'><strong>Alemannorum</strong></span> <span class='ocrx_word' id='word_1_750' title='bbox 2409 5011 2581 5066; x_wconf 91' lang='lat' dir='ltr'><strong>nuper</strong></span> <span class='ocrx_word' id='word_1_751' title='bbox 2609 4992 2787 5062; x_wconf 83' lang='lat' dir='ltr'><strong>fugata</strong></span> <span class='ocrx_word' id='word_1_752' title='bbox 2810 4992 3110 5064; x_wconf 88' lang='lat' dir='ltr'><strong>subreptio,</strong></span> <span class='ocrx_word' id='word_1_753' title='bbox 3141 5005 3258 5059; x_wconf 75' lang='lat' dir='ltr'><strong>qua:</strong></span> <span class='ocrx_word' id='word_1_754' title='bbox 3285 4989 3338 5043; x_wconf 91' lang='lat' dir='ltr'><strong>in</strong></span> <span class='ocrx_word' id='word_1_755' title='bbox 3361 4987 3550 5058; x_wconf 84' lang='lat' dir='ltr'><strong>primis</strong></span> 
     </span>
    </p>
   </div>
   <div class='ocr_carea' id='block_1_111' title="bbox 1959 5073 3550 5160">
    <p class='ocr_par' dir='ltr' id='par_1_111' title="bbox 1959 5073 3550 5160">
     <span class='ocr_line' id='line_1_112' title="bbox 1959 5073 3550 5160; baseline -0.008 -15"><span class='ocrx_word' id='word_1_756' title='bbox 1959 5073 2243 5146; x_wconf 88' lang='lat' dir='ltr'><strong>conatibus</strong></span> <span class='ocrx_word' id='word_1_757' title='bbox 2289 5090 2401 5146; x_wconf 90' lang='lat' dir='ltr'><strong>suis</strong></span> <span class='ocrx_word' id='word_1_758' title='bbox 2447 5091 2526 5146; x_wconf 92' lang='lat' dir='ltr'><strong>sic</strong></span> <span class='ocrx_word' id='word_1_759' title='bbox 2567 5089 2826 5160; x_wconf 91' lang='lat' dir='ltr'><strong>probatur</strong></span> <span class='ocrx_word' id='word_1_760' title='bbox 2854 5099 3136 5159; x_wconf 86' lang='lat' dir='ltr'><strong>oppressa,</strong></span> <span class='ocrx_word' id='word_1_761' title='bbox 3168 5093 3226 5137; x_wconf 90' lang='lat' dir='ltr'><strong>ut</strong></span> <span class='ocrx_word' id='word_1_762' title='bbox 3252 5082 3411 5136; x_wconf 88' lang='lat' dir='ltr'><strong>simul</strong></span> <span class='ocrx_word' id='word_1_763' title='bbox 3453 5081 3550 5135; x_wconf 87' lang='lat' dir='ltr'><strong>ad-</strong></span> 
     </span>
    </p>
   </div>
   <div class='ocr_carea' id='block_1_112' title="bbox 1955 5173 3548 5250">
    <p class='ocr_par' dir='ltr' id='par_1_112' title="bbox 1955 5173 3548 5250">
     <span class='ocr_line' id='line_1_113' title="bbox 1955 5173 3548 5250; baseline -0.008 -14"><span class='ocrx_word' id='word_1_764' title='bbox 1955 5188 2178 5238; x_wconf 89' lang='lat' dir='ltr'><strong>ventum</strong></span> <span class='ocrx_word' id='word_1_765' title='bbox 2226 5195 2383 5236; x_wconf 89' lang='lat' dir='ltr'><strong>suum</strong></span> <span class='ocrx_word' id='word_1_766' title='bbox 2423 5179 2687 5250; x_wconf 82' lang='lat' dir='ltr'><strong>junxisset</strong></span> <span class='ocrx_word' id='word_1_767' title='bbox 2714 5189 2769 5235; x_wconf 91' lang='lat' dir='ltr'><strong>et</strong></span> <span class='ocrx_word' id='word_1_768' title='bbox 2810 5179 3038 5247; x_wconf 80' lang='lat' dir='ltr'><strong>exitum,</strong></span> <span class='ocrx_word' id='word_1_769' title='bbox 3085 5174 3241 5246; x_wconf 91' lang='lat' dir='ltr'><strong>quasi</strong></span> <span class='ocrx_word' id='word_1_770' title='bbox 3296 5173 3548 5229; x_wconf 72' lang='lat' dir='ltr'><strong>salutaris</strong></span> 
     </span>
    </p>
   </div>
   <div class='ocr_carea' id='block_1_113' title="bbox 1953 5267 3550 5344">
    <p class='ocr_par' dir='ltr' id='par_1_113' title="bbox 1953 5267 3550 5344">
     <span class='ocr_line' id='line_1_114' title="bbox 1953 5267 3550 5344; baseline -0.004 -17"><span class='ocrx_word' id='word_1_771' title='bbox 1953 5271 2080 5329; x_wconf 85' lang='lat' dir='ltr'><strong>ferri</strong></span> <span class='ocrx_word' id='word_1_772' title='bbox 2109 5273 2453 5329; x_wconf 77' lang='lat' dir='ltr'><strong>exsecatione</strong></span> <span class='ocrx_word' id='word_1_773' title='bbox 2481 5281 2738 5344; x_wconf 88' lang='lat' dir='ltr'><strong>purgata;</strong></span> <span class='ocrx_word' id='word_1_774' title='bbox 2768 5281 3034 5342; x_wconf 89' lang='lat' dir='ltr'><strong>quatenus</strong></span> <span class='ocrx_word' id='word_1_775' title='bbox 3061 5277 3118 5324; x_wconf 89' lang='lat' dir='ltr'><strong>et</strong></span> <span class='ocrx_word' id='word_1_776' title='bbox 3159 5267 3301 5322; x_wconf 89' lang='lat' dir='ltr'><strong>male</strong></span> <span class='ocrx_word' id='word_1_777' title='bbox 3345 5280 3550 5338; x_wconf 31' lang='lat' dir='ltr'><strong>pracsul-</strong></span> 
     </span>
    </p>
   </div>
   <div class='ocr_carea' id='block_1_114' title="bbox 1954 5359 3546 5446">
    <p class='ocr_par' dir='ltr' id='par_1_114' title="bbox 1954 5359 3546 5446">
     <span class='ocr_line' id='line_1_115' title="bbox 1954 5359 3546 5446; baseline -0.003 -26"><span class='ocrx_word' id='word_1_778' title='bbox 1954 5365 2216 5422; x_wconf 86' lang='lat' dir='ltr'><strong>mentium</strong></span> <span class='ocrx_word' id='word_1_779' title='bbox 2239 5365 2601 5423; x_wconf 80' lang='lat' dir='ltr'><strong>vindicaretur</strong></span> <span class='ocrx_word' id='word_1_780' title='bbox 2626 5379 2902 5428; x_wconf 83' lang='lat' dir='ltr'><strong>excessus,</strong></span> <span class='ocrx_word' id='word_1_781' title='bbox 2940 5371 2997 5446; x_wconf 79' lang='lat' dir='ltr'><strong>et</strong></span> <span class='ocrx_word' id='word_1_782' title='bbox 3039 5359 3405 5432; x_wconf 86' lang='lat' dir='ltr'><strong>subjectorum</strong></span> <span class='ocrx_word' id='word_1_783' title='bbox 3435 5375 3546 5416; x_wconf 91' lang='lat' dir='ltr'><strong>non</strong></span> 
     </span>
    </p>
   </div>
   <div class='ocr_carea' id='block_1_115' title="bbox 1948 5566 3548 5642">
    <p class='ocr_par' dir='ltr' id='par_1_115' title="bbox 1948 5566 3548 5642">
     <span class='ocr_line' id='line_1_116' title="bbox 1948 5566 3548 5642; baseline -0.002 -14"><span class='ocrx_word' id='word_1_784' title='bbox 1948 5571 2073 5628; x_wconf 86' lang='lat' dir='ltr'><strong>dam</strong></span> <span class='ocrx_word' id='word_1_785' title='bbox 2101 5570 2352 5628; x_wconf 88' lang='lat' dir='ltr'><strong>mulieres</strong></span> <span class='ocrx_word' id='word_1_786' title='bbox 2379 5570 2433 5626; x_wconf 90' lang='lat' dir='ltr'><strong>in</strong></span> <span class='ocrx_word' id='word_1_787' title='bbox 2461 5569 2690 5642; x_wconf 64' lang='lat' dir='ltr'><strong>Liguriae</strong></span> <span class='ocrx_word' id='word_1_788' title='bbox 2707 5568 2951 5642; x_wconf 78' lang='lat' dir='ltr'><strong>partibus</strong></span> <span class='ocrx_word' id='word_1_789' title='bbox 2971 5585 3041 5627; x_wconf 80' lang='lat' dir='ltr'><strong>ex</strong></span> <span class='ocrx_word' id='word_1_790' title='bbox 3067 5567 3275 5642; x_wconf 9' lang='lat' dir='ltr'><strong>familiar</strong></span> <span class='ocrx_word' id='word_1_791' title='bbox 3293 5566 3548 5642; x_wconf 65' lang='lat' dir='ltr'><strong>Ecclesiae</strong></span> 
     </span>
    </p>
   </div>
   <div class='ocr_carea' id='block_1_116' title="bbox 1951 5639 3547 5726">
    <p class='ocr_par' dir='ltr' id='par_1_116' title="bbox 1951 5639 3547 5726">
     <span class='ocr_line' id='line_1_117' title="bbox 1951 5639 3547 5726; baseline -0.008 -22"><span class='ocrx_word' id='word_1_792' title='bbox 1951 5643 2509 5726; x_wconf 25' lang='lat' dir='ltr'><strong>squropriostl‘ilios.</strong></span> <span class='ocrx_word' id='word_1_793' title='bbox 2896 5639 3036 5725; x_wconf 73' lang='lat' dir='ltr'><strong>fame</strong></span> <span class='ocrx_word' id='word_1_794' title='bbox 3071 5641 3391 5697; x_wconf 85' lang='lat' dir='ltr'><strong>comedisse.</strong></span> <span class='ocrx_word' id='word_1_795' title='bbox 3417 5639 3547 5726; x_wconf 42' lang='lat' dir='ltr'><strong>Haec</strong></span> 
     </span>
    </p>
   </div>
   <div class='ocr_carea' id='block_1_117' title="bbox 1950 5710 3548 5794">
    <p class='ocr_par' dir='ltr' id='par_1_117' title="bbox 1950 5710 3548 5794">
     <span class='ocr_line' id='line_1_118' title="bbox 1950 5710 3548 5794; baseline -0.002 -24"><span class='ocrx_word' id='word_1_796' title='bbox 1950 5730 2018 5771; x_wconf 81' lang='lat' dir='ltr'><strong>ex</strong></span> <span class='ocrx_word' id='word_1_797' title='bbox 2043 5710 2510 5794; x_wconf 50' lang='lat' dir='ltr'><strong>librg&#39;goritilicali</strong></span> <span class='ocrx_word' id='word_1_798' title='bbox 2532 5710 2595 5768; x_wconf 83' lang='lat' dir='ltr'><strong>in</strong></span> <span class='ocrx_word' id='word_1_799' title='bbox 2626 5711 2747 5794; x_wconf 63' lang='lat' dir='ltr'><strong>\[ita</strong></span> <span class='ocrx_word' id='word_1_800' title='bbox 2775 5710 2989 5794; x_wconf 58' lang='lat' dir='ltr'><strong>Silverii</strong></span> <span class='ocrx_word' id='word_1_801' title='bbox 3019 5727 3343 5794; x_wconf 35' lang='lat' dir='ltr'><strong>pgngquaa</strong></span> <span class='ocrx_word' id='word_1_802' title='bbox 3367 5720 3548 5794; x_wconf 75' lang='lat' dir='ltr'><strong>exstat</strong></span> 
     </span>
    </p>
   </div>
   <div class='ocr_carea' id='block_1_118' title="bbox 1951 5783 3540 5856">
    <p class='ocr_par' dir='ltr' id='par_1_118' title="bbox 1951 5783 3540 5856">
     <span class='ocr_line' id='line_1_119' title="bbox 1951 5783 3540 5856; baseline 0.001 -15"><span class='ocrx_word' id='word_1_803' title='bbox 1951 5795 2098 5842; x_wconf 93' lang='lat' dir='ltr'><strong>tomo</strong></span> <span class='ocrx_word' id='word_1_804' title='bbox 2121 5785 2182 5856; x_wconf 25' lang='lat' dir='ltr'><strong>ill</strong></span> <span class='ocrx_word' id='word_1_805' title='bbox 2228 5784 2615 5856; x_wconf 87' lang='lat' dir='ltr'><strong>Conciliorum,</strong></span> <span class='ocrx_word' id='word_1_806' title='bbox 2654 5785 2783 5841; x_wconf 85' lang='lat' dir='ltr'><strong>item</strong></span> <span class='ocrx_word' id='word_1_807' title='bbox 2835 5799 2905 5841; x_wconf 77' lang='lat' dir='ltr'><strong>ex</strong></span> <span class='ocrx_word' id='word_1_808' title='bbox 2941 5783 3111 5842; x_wconf 81' lang='lat' dir='ltr'><strong>Paulo</strong></span> <span class='ocrx_word' id='word_1_809' title='bbox 3149 5783 3413 5852; x_wconf 80' lang='lat' dir='ltr'><strong>Diacono,</strong></span> <span class='ocrx_word' id='word_1_810' title='bbox 3444 5783 3540 5842; x_wconf 89' lang='lat' dir='ltr'><strong>lib.</strong></span> 
     </span>
    </p>
   </div>
   <div class='ocr_carea' id='block_1_119' title="bbox 1951 5855 2352 5920">
    <p class='ocr_par' dir='ltr' id='par_1_119' title="bbox 1951 5855 2352 5920">
     <span class='ocr_line' id='line_1_120' title="bbox 1951 5855 2352 5920; baseline -0.017 -2"><span class='ocrx_word' id='word_1_811' title='bbox 1951 5873 2082 5920; x_wconf 77' lang='lat' dir='ltr'><strong>xvu.</strong></span> <span class='ocrx_word' id='word_1_812' title='bbox 2111 5855 2352 5914; x_wconf 67' lang='lat' dir='ltr'><strong>Formas.</strong></span> 
     </span>
    </p>
   </div>
  </div>
