4006 6484
537 415 641 475 879

1746 413 1793 471 M
1807 458 1820 471 .
1864 415 2136 473 AURELll
2175 410 2570 474 CASSIODORI

3672 400 3822 480 '880

532 545 753 587 ommno
781 537 1115 600 grassaretur
1144 529 1409 586 interitus.
1444 526 1663 583 Possem
1705 528 1919 596 quidem
1966 528 2118 584 vobis
2150 534 2192 589 Α
2224 544 2346 583 nem
2376 544 2553 583 rerum
2596 528 2774 584 szccnli
2806 534 3032 587 mutavit
3063 533 3366 590 humanitas
3394 551 3410 589 :
3443 546 3544 590 nos
3566 532 3824 604 iubemur

532 626 872 680 dinumerare
900 634 1099 696 quanta
1131 625 1183 679 in
1214 624 1332 678 aliis
1362 623 1493 677 locis
1534 627 1764 676 hostium
1792 623 1947 675 turba
1974 620 2117 675 ceci-

531 718 671 773 derit
698 736 709 770 :
742 717 837 771 sed
866 732 1017 771 more
1046 716 1263 769 humani
1296 715 1457 767 animi
1482 713 1547 766 ad
1572 720 1745 767 vestra
1774 712 1945 767 felicia
1970 711 2117 766 festi-

532 819 746 878 nantes,
778 808 908 864 illud
936 824 1035 863 nos
1068 817 1271 863 tantum
1296 808 1475 862 dicere
1505 806 1717 876 cupitis,
1750 805 1894 873 quod
1925 804 1989 858 ad
2023 820 2117 859 vos

532 900 841 970 specialiter
889 900 1161 969 pertinere
1218 898 1447 953 sentitis.
1506 895 1811 951 Redeamus
1865 910 1995 965 ergo
2051 894 2118 948 ad

531 1009 697 1049 suave
725 993 1064 1063 principium,
1089 991 1303 1061 quando
1324 1006 1458 1060 quos
1480 989 1714 1045 defendit
1735 1006 1764 1043 a
1790 989 1915 1043 belli
1945 987 2116 1054 clade,

534 1100 635 1138 nec
656 1085 850 1153 in0pim
881 1084 1081 1153 patitur
1109 1082 1346 1152 pericula
1375 1084 1661 1137 sustinere.
1708 1082 1840 1136 Nam
1868 1082 1958 1151 qui
1996 1096 2120 1152 per-

535 1178 671 1232 culit
694 1179 905 1233 hostem
935 1180 1244 1248 provincizc,
1269 1185 1323 1231 et
1353 1177 1546 1232 famem
1570 1178 1727 1245 jussit
1748 1178 1918 1232 exire.
1943 1176 1986 1230 Ο
2011 1192 2125 1231 (τρι-οι

534 1280 718 1326 tamen
761 1280 877 1327 toto
907 1271 1038 1327 orbe
1067 1269 1495 1342 praedicandum!
1529 1268 1729 1323 Contra
1772 1268 2121 1337 indigentiam

535 1378 733 1417 szevam
779 1364 999 1433 gloriosi
1042 1363 1296 1433 principis
1348 1369 1550 1431 pugnat
1590 1361 1915 1426 humanitas,
1970 1360 2123 1430 cujus

535 1468 666 1509 vere
688 1462 864 1509 castra
894 1460 1017 1507 sunt
1038 1454 1233 1508 horrea
1264 1450 1482 1516 referta,
1514 1466 1633 1521 qua:
1674 1454 1718 1507 si
1753 1452 2003 1507 claudere
2028 1468 2124 1506 vo-

535 1542 743 1611 luisset,
772 1550 898 1599 tunc
928 1542 1282 1613 importabilis
1308 1544 1561 1601 intrasset
1599 1543 1843 1609 inimica;
1873 1543 1971 1599 sed
1998 1542 2124 1612 quia

534 1635 705 1703 magis
732 1634 961 1704 aperuit,
1003 1634 1311 1690 sazvientem
1342 1634 1703 1690 adversariam
1733 1649 1859 1688 mox
1902 1633 2121 1701 fugavit.

534 1728 726 1784 Nescio
756 1744 875 1800 qua:
904 1728 1163 1800 principis
1188 1729 1359 1784 nostri
1385 1729 1527 1784 bella
1555 1728 1784 1783 mundus
1814 1728 1993 1797 potius
2029 1726 2124 1780 ad-

534 1821 781 1889 miretur,
809 1836 909 1892 ego
952 1829 1135 1878 tamen
1164 1822 1341 1877 dicam
1373 1822 1517 1892 quod
1546 1822 1741 1879 sentio.
1776 1820 1832 1876 In
1862 1836 2017 1875 usum
2046 1828 2131 1875 est

2221 622 2326 677 vile
2348 621 2667 689 distrahere,
2698 640 2819 679 cum
2850 628 3094 681 esuriens
3122 635 3341 697 paratus
3368 628 3440 683 sit
3458 627 3640 684 carius
3666 643 3819 683 corn-

2222 729 2435 783 parare.
2493 714 2537 768 0
2583 731 2782 770 novum
2838 718 3233 787 praedicationis
3273 719 3557 774 eventum!
3611 716 3821 774 All'ectu

2223 805 2403 860 damni
2452 807 2742 875 negotiatio
2778 808 3059 877 provenit;
3105 816 3160 865 et
3204 819 3390 865 vctum
3438 816 3525 865 est
3567 809 3820 864 vendenti

2224 898 2393 967 magis
2420 899 2665 969 perdere,
2699 908 2758 955 ut
2794 909 3059 970 qumstum
3088 917 3412 973 comparans
3459 900 3642 956 valeat
3683 902 3823 955 inve

2226 988 2361 1043 nire.
2386 987 2534 1043 Talia
2562 989 2805 1059 profecto
2825 1004 3009 1059 regem
3036 991 3191 1047 decet
3214 998 3448 1047 tractare
3471 990 3820 1059 commercia,

2226 1080 2389 1134 talem
2412 1082 2663 1135 convenit
2691 1082 3135 1138 nundinationem
3164 1097 3421 1139 exercere
3447 1084 3736 1155 pietatem;
3767 1091 3823 1137 ut

2227 1177 2358 1225 tunc
2380 1171 2556 1225 minus
2581 1172 2891 1240 acquiescat
2913 1174 3183 1243 accipere,
3212 1174 3432 1243 quando
3464 1181 3684 1244 emptor
3713 1172 3823 1243 plu«

2228 1262 2364 1316 rima
2392 1264 2759 1333 praecipitatur
2786 1264 3004 1322 offerre.
3036 1264 3194 1323 Libet
3220 1266 3423 1323 referre
3451 1267 3627 1338 qualis
3652 1267 3707 1322 in
3725 1282 3822 1322 vo-

2228 1355 2312 1411 bis
2353 1356 2421 1409 sit
2468 1355 2796 1412 dominantis
2850 1358 3093 1426 at‘fectus,
3148 1360 3273 1430 quia
3320 1368 3375 1416 et
3421 1360 3598 1430 primo
3637 1361 3820 1423 cessit,

2230 1455 2487 1516 quantum
2513 1446 2764 1503 sufficere
2801 1448 3051 1519 credidit,
3086 1458 3142 1505 et
3168 1466 3313 1507 nunc
3333 1452 3527 1507 iterum
3551 1451 3821 1523 postulata

2232 1540 2544 1609 geminavit.
2593 1540 2969 1597 Verecundum
2997 1543 3155 1600 vobis
3190 1553 3309 1599 erat
3353 1545 3556 1614 aliquid
3601 1560 3823 1615 sperare

2230 1641 2354 1703 post
2384 1634 2546 1703 dona,
2576 1650 2699 1690 cum
2727 1650 2788 1690 se
2816 1635 2991 1691 adhuc
3026 1635 3097 1691 ad
3142 1635 3399 1691 beneﬁcia
3433 1636 3693 1707 principis
3735 1641 3825 1692 te

2234 1734 2477 1781 servaret
2524 1727 2877 1782 humanitas:
2922 1742 3032 1782 non
3080 1727 3261 1783 audita
3297 1727 3566 1798 despexit,
3607 1726 3822 1798 quando

2235 1820 2351 1889 ipse
2378 1819 2491 1874 visa
2533 1826 2758 1876 testatus
2786 1828 2885 1875 est.
2910 1819 3061 1875 Felix
3088 1820 3180 1876 illa
3204 1820 3499 1887 calamitas,
3528 1833 3647 1889 qua:
3675 1818 3823 1890 prius

533 1910 665 1965 viris
687 1911 915 1967 fortibus
945 1911 1172 1967 feliciter
1199 1912 1371 1979 egisse
1393 1925 1617 1981 pugnas,
1644 1912 1736 1966 sed
1758 1926 1914 1981 supra
1937 1911 2127 1964 huma-
2157 1920 2203 1980 Β
2232 1912 2578 1967 miserantem
2609 1912 2808 1982 reperit
2832 1918 3061 1979 testem;
3105 1920 3165 1967 ut
3193 1921 3316 1983 post
3342 1912 3643 1967 districtum
3682 1909 3822 1980 judi-

534 2002 758 2057 nitatem
786 2002 1038 2057 virtutem
1068 2018 1186 2058 esse
1215 2010 1429 2059 constat
1466 2003 1659 2058 vicisse
1687 2003 1986 2073 penuriam.
2020 2000 2127 2057 Ve-

534 2111 655 2150 rum
688 2110 811 2151 cum
836 2096 919 2150 his
948 2097 1113 2151 tantis
1140 2112 1205 2151 ac
1235 2097 1433 2152 talibus
1458 2098 1616 2153 bonis
1652 2098 1794 2151 nulla
1823 2098 2129 2166 potuissent

534 2186 832 2256 supplicum
861 2194 989 2241 vota
1010 2187 1277 2254 sufficere,
1308 2188 1483 2242 adhuc
1505 2196 1561 2242 et
1586 2188 1860 2241 dimidiam
1882 2187 2129 2242 relaxare

534 2278 756 2346 pertulit
778 2277 974 2334 liscalis
993 2278 1183 2333 calculi
1206 2279 1557 2346 funetionem,
1586 2296 1651 2335 ne
1674 2280 1853 2333 tristes
1877 2279 1928 2333 in
1950 2280 2129 2350 aliqua

537 2376 691 2439 parte
720 2369 941 2434 faceret,
976 2368 1169 2438 quibus
1194 2376 1275 2423 tot
1314 2369 1490 2424 felicia
1532 2369 1884 2439 praestitisset.
1929 2368 2128 2439 Joseph

536 2458 765 2528 legimus
792 2465 982 2513 contra
1011 2457 1207 2513 famem
1235 2457 1503 2514 funestam
1534 2459 1746 2515 emendi
1776 2459 1993 2528 quidem
2035 2460 2129 2512 tri-

538 2551 632 2605 tici
662 2550 873 2605 dedisse
918 2550 1156 2606 lrelitiam
1184 2570 1198 2605 :
1243 2552 1337 2609 sed
1371 2552 1475 2607 tale
1503 2552 1749 2623 posuisse
1789 2554 2037 2622 pretium,
2072 2561 2133 2606 ut

538 2657 651 2697 sua:
680 2642 1050 2698 subventionis
1073 2643 1281 2710 avidus,
1306 2660 1364 2699 se
1390 2645 1573 2714 potius
1598 2644 1855 2700 venderet
1876 2644 2130 2699 alimonia

539 2744 896 2799 mercaturus.
927 2734 1098 2800 Quale
1138 2734 1258 2803 fuit,
1309 2749 1461 2804 rogo,
1496 2744 1621 2791 tunc
1666 2736 1875 2791 miseris
1927 2736 2127 2801 vivere,

538 2824 735 2893 quibus
764 2826 958 2881 acerba
988 2826 1270 2882 subventio
1300 2825 1609 2882 libertatem
1655 2842 1807 2882 suam
1848 2826 2132 2882 videbatur

539 2919 814 2975 adimere:
849 2922 936 2977 ubi
975 2938 1083 2977 non
1121 2922 1298 2977 minus
1344 2920 1603 2990 ingemuit
1643 2919 1920 2985 liberatus,
1969 2933 2131 2988 quam

540 3010 715 3079 potuit
740 3010 869 3066 flere
898 3010 1180 3081 captivus!
1213 3008 1392 3065 Credo
1424 3009 1598 3063 virum
1628 3016 1873 3063 sanctum
1903 3008 2006 3061 hac
2044 3022 2134 3063 ne-

539 3102 795 3157 cessitate
824 3103 1195 3169 constrictum,
1223 3109 1282 3156 ut
1318 3109 1371 3157 et
1401 3115 1562 3156 avaro
1584 3098 1811 3171 principi
1857 3097 2133 3155 satisface-

538 3201 644 3259 ret,
674 3203 730 3250 et
759 3194 1083 3265 periclitanti
1114 3193 1315 3263 populo
1343 3191 1675 3247 subveniret.
1704 3189 1844 3245 Pace
1875 3190 2009 3245 tanti
2032 3204 2131 3261 pa-

2230 2018 2349 2058 cem
2398 2018 2507 2057 non
2549 2002 2789 2057 haberet.
2833 2002 3020 2059 Gaude
3054 2004 3216 2073 igitur
3256 2014 3470 2060 assueto
3519 2001 3634 2071 jam
3680 2001 3819 2056 bono

2230 2093 2411 2164 Ligur,
2438 2095 2492 2149 in
2523 2110 2621 2148 usu
2652 2103 2743 2148 tuo
2766 2094 3001 2150 secunda
3032 2095 3152 2168 [ηιε.
3184 2104 3234 2149 et
3259 2096 3375 2161 Λα,
3406 2092 3625 2166 saecula]
3653 2108 3815 2149 vene-

2231 2195 2390 2253 runt;
2421 2202 2546 2240 nam
2568 2186 2793 2242 collatos
2821 2186 2915 2241 tibi
2938 2184 3222 2258 Egyptios
3248 2198 3439 2256 magna
3460 2185 3814 2257 prosperitate

2229 2280 2404 2335 vicisti
2429 2297 2442 2334 :
2471 2278 2653 2335 evadis
2674 2287 2919 2349 tempora
2942 2279 3298 2348 necessitatis,
3323 2287 3378 2337 et
3397 2278 3665 2335 libertatis
3684 2292 3814 2349 prte—

2231 2370 2339 2424 mia
2367 2385 2473 2425 non
2501 2369 2730 2436 amittis;
2760 2370 2925 2426 immo
2961 2370 3052 2427 illo
3097 2378 3343 2442 tempore
3385 2385 3609 2426 securus
3644 2383 3706 2425 es
3749 2367 3814 2423 ab

2231 2460 2389 2515 hoste
2414 2460 2675 2526 redditus,
2704 2462 2920 2531 quando
2958 2470 3013 2517 et
3035 2462 3105 2517 de
3142 2462 3300 2519 famis
3338 2463 3581 2535 periculo
3625 2476 3819 2533 cogno-

2232 2552 2400 2607 sceris
2464 2566 2584 2608 esse
2631 2552 2907 2608 liberatus.
2964 2552 3154 2609 Adhuc
3207 2562 3260 2610 te
3309 2554 3622 2625 prmdictum
3670 2560 3822 2609 ornat

2232 2643 2557 2714 exemplum,
2590 2642 2765 2700 adhuc
2792 2652 2874 2700 est
2900 2645 2956 2701 in
2983 2661 3089 2718 qua
3117 2655 3272 2717 parte
3315 2654 3624 2718 superetur.
3662 2645 3817 2715 Legi-

2234 2747 2322 2793 tur
2348 2738 2492 2793 enim
2519 2736 2720 2809 Josepb
2748 2738 3004 2797 fratribus
3039 2741 3150 2797 suis
3176 2750 3383 2797 tantum
3411 2741 3586 2798 saccis
3615 2742 3821 2797 occulta

2234 2830 2406 2899 pretia
2436 2830 2748 2886 reddidisse.
2792 2830 2930 2898 Quid
2971 2834 3186 2899 mirum,
3234 2835 3301 2903 si,
3348 2842 3542 2890 natura
3587 2834 3822 2904 compel-

2234 2921 2401 2987 lcnte,
2433 2922 2693 2993 proximis
2721 2925 2833 2979 suis
2877 2925 3163 2983 humanior
3193 2929 3339 2981 visus
3384 2934 3467 2982 est
3515 2925 3823 2982 exstitisse?

2235 3012 2333 3069 llic
2354 3022 2534 3070 autem
2559 3016 2765 3071 cunctis
2788 3016 2934 3088 large
2954 3017 3213 3086 vendidit,
3237 3016 3570 3074 functionem
3591 3018 3823 3073 debitam

2235 3108 2481 3180 reliquit;
2514 3118 2569 3164 et
2611 3111 2730 3180 plus
2770 3110 2871 3165 iste
2914 3112 3239 3181 generaliter
3265 3111 3491 3167 contulit
3537 3111 3824 3166 tributariis

2236 3217 2397 3272 quam
2420 3201 2509 3257 ille
2536 3202 2665 3257 solis
2693 3202 2839 3258 visus
2861 3212 2944 3259 est
2971 3203 3283 3274 pnestitisse
3309 3203 3601 3273 germanis.
3648 3202 3823 3259 Brevi-

540 3285 638 3339 tris
661 3285 908 3351 dixerim,
951 3291 1153 3354 quanto
1195 3283 1533 3353 prmstantius
1575 3289 1659 3336 est
1694 3281 1939 3335 libertate
1985 3280 2133 3334 salva
2159 3314 2207 3376 ο
2239 3302 2323 3349 ιρι
2353 3292 2599 3348 dicamur
2627 3292 2823 3362 effusa;
2856 3296 2981 3352 hinc
3006 3297 3146 3353 bona
3168 3312 3263 3355 sua
3289 3296 3461 3353 discat
3482 3298 3820 3361 universitas,

539 3375 869 3430 frumentum
896 3376 1151 3441 vendere,
1192 3383 1247 3430 et
1273 3384 1497 3445 propter
1544 3374 1892 3443 indigentiam
1935 3374 2136 3428 tributa
2176 3374 2195 3376 ⁷
2238 3384 2454 3455 quando
2484 3402 2591 3440 non
2621 3388 2836 3455 regibus
2865 3398 3247 3461 comparantur
3274 3398 3458 3446 nostra
3488 3390 3710 3457 saecula,
3732 3388 3821 3447 sed

540 3471 754 3525 laxare!
788 3469 967 3524 Gratis
997 3477 1209 3525 constat
1237 3469 1338 3522 ista
1369 3467 1648 3530 venalitas,
1678 3466 1892 3536 quando
1915 3474 1971 3521 et
1992 3466 2134 3521 unde

542 3564 735 3619 ematis
763 3563 943 3628 cessit,
978 3571 1032 3617 et
1058 3562 1290 3632 pretium
1316 3560 1460 3629 quod
1482 3575 1578 3614 vos
1599 3560 1835 3615 oblectet
1862 3559 2133 3630 imposuit.

542 3651 739 3707 Vendit
766 3652 948 3722 itaque
967 3652 1187 3722 largitas
1212 3650 1424 3722 publica
1444 3650 1663 3706 vicenos
1680 3652 1875 3720 quinos
1905 3651 2134 3719 modios,

543 3745 671 3802 dum
700 3762 981 3818 possessor
1011 3746 1251 3802 invenire
1278 3761 1385 3801 non
1420 3746 1610 3815 possit,
1660 3746 1726 3800 ad
1778 3745 1945 3801 denos
1989 3747 2137 3802 ordi-

2239 3479 2538 3548 prophetis.
2576 3480 2682 3535 Sed
2709 3495 2777 3535 ne
2805 3481 3006 3537 diutius
3036 3482 3421 3538 beneficiorum
3447 3482 3711 3551 regalium
3736 3497 3821 3538 cu-

2242 3568 2398 3638 pidos
2438 3584 2783 3639 occupemus,
2820 3580 3089 3642 praecepta
3127 3580 3311 3628 nostra
3359 3570 3428 3627 ad
3467 3586 3566 3628 eos
3601 3585 3819 3642 quorum

2244 3657 2468 3713 interest
2494 3675 2745 3716 manasse
2786 3662 3116 3730 cognoscite,
3149 3670 3210 3717 ut
3246 3660 3545 3718 secundum
3590 3670 3818 3717 tenorem

2238 3749 2494 3819 jussionis
2536 3754 2603 3809 ad
2640 3769 2736 3810 vos
2776 3757 3055 3827 perveniat
3091 3756 3455 3813 munificentia
3502 3756 3814 3827 princibaliso

921 4033 965 4069 ο
1060 4001 1257 4113 Μ.
1336 4004 2111 4118 AURELII
2188 4003 3263 4122 CASSIODORI

872 4183 1853 4336 HISTORIA
1948 4184 3514 4341 ECCLESIASTICA

2003 4410 2397 4505 vocata

1386 4617 2981 4819 TRIPARTITA,

640 4866 758 4933 Ex
810 4840 2028 4963 “18922229918.asserens.
2057 4874 2543 4963 ηξρζρμωιηρ,
2600 4882 2960 4945 secum
3015 4887 3117 4946 ΕΤ
3171 4882 3741 4963 amomum.

998 4947 1145 5011 PER
1178 4947 2346 5045 EPIPHANIUM.aggesserunt
2390 4947 2666 5045 ruens
2708 4965 3161 5045 meum,
3205 4966 3308 5027 ET
3352 4967 3436 5028 IN

1588 5030 2110 5097 COMPENDIUM
2158 5037 2210 5094 A
2254 5036 2346 5096 SE
2392 5040 2789 5106 llEDAC'l'A.

2059 5141 2356 5158 ξ

1909 5200 2511 5284 PR/EFATIO.

2072 5340 2300 5356 ——

616 5392 775 5464 203
809 5390 1020 5451 Utiliter
1047 5392 1203 5449 nimis
1242 5393 1295 5448 in
1325 5394 1501 5464 capite
1532 5395 1652 5450 libri
1697 5396 1943 5465 przefatio
1970 5399 2129 5468 poni-
2155 5407 2210 5468 ι)
2237 5408 2603 5473 Τὴοοάοτοιο,
2633 5408 2927 5464 venerabili
2971 5409 3229 5480 episcopo
3256 5416 3313 5465 ει
3350 5407 3564 5465 duobus
3589 5406 3821 5465 disertis-

547 5497 652 5552 tnr,
678 5488 767 5541 ubi
796 5487 960 5543 futuri
990 5503 1173 5559 operis
1218 5488 1451 5557 qualitas
1483 5489 1770 5544 indicatur.
1816 5490 1952 5556 Quid
1993 5492 2137 5547 enim

544 5581 880 5637 commodius
915 5598 1074 5652 quam
1105 5584 1253 5653 prius
1282 5599 1380 5653 per
1420 5599 1541 5637 eam
1588 5583 1787 5652 aliquid
1816 5583 2047 5652 discere,
2072 5599 2140 5641 ne

544 5674 713 5729 dictio
756 5676 927 5743 possit
952 5677 1228 5746 inopinata
1269 5676 1643 5732 confundere?
1684 5674 1813 5732 "ch
1850 5678 2011 5747 igitur
2039 5680 2136 5736 lli-

545 5765 715 5817 storia
746 5768 1130 5837 ecclesiastica,
1184 5784 1302 5837 qua:
1354 5769 1561 5824 cunctis
1611 5768 1932 5826 Christianis
1982 5774 2136 5831 valde

548 5856 851 5909 necessaria
881 5860 1283 5927 comprobatur,
1317 5877 1347 5915 a
1377 5861 1549 5916 tribus
1577 5862 1781 5918 Grzeeis
1824 5867 2138 5923 auctoribus

548 5943 867 6003 mirabiliter
916 5958 1130 6005 constat
1185 5966 1304 6008 esse
1372 5956 1709 6028 conscripta;
1770 5974 1878 6016 uno
1933 5961 2139 6021 scilicet

2243 5501 2393 5556 simis
2423 5501 2571 5568 viris,
2604 5500 2911 5557 Sozomeno
2933 5510 2986 5556 et
3015 5503 3271 5571 Socrate;
3303 5518 3442 5574 quos
3465 5519 3568 5559 nos
3596 5518 3692 5576 per
3711 5500 3823 5572 Epi-

2242 5594 2499 5664 phanium
2543 5594 2940 5650 Scholasticum
2994 5594 3186 5651 Latino
3242 5596 3542 5652 condentes
3590 5593 3822 5664 eloquio,

2243 5685 2603 5740 necessarium
2630 5685 2881 5740 duximus
2911 5701 3097 5740 eorum
3128 5686 3271 5741 dicta
3301 5686 3564 5742 deflorata
3594 5686 3650 5741 in
3675 5686 3823 5740 unius

2172 5832 2175 5835 _
2246 5776 2370 5846 styli
2401 5784 2650 5843 tractum,
2682 5775 2911 5831 Domino
2934 5777 3178 5847 juvante,
3209 5779 3528 5850 perducere,
3568 5787 3627 5834 et
3655 5778 3723 5835 de
3743 5777 3825 5833 tri-

2246 5865 2346 5920 bus
2393 5868 2701 5923 auctoribus
2748 5884 2909 5923 uuam
2955 5868 3135 5926 facere
3177 5870 3489 5928 dictionem.
3540 5869 3826 5925 Sciendum

2246 5962 2405 6033 plane
2434 5962 2576 6034 quod
2605 5961 2847 6036 prtedicti
2892 5964 3184 6039 scriptores
3229 5980 3261 6020 a
3314 5964 3650 6039 temporibus
3694 5960 3825 6021 diva
