4006 6456
179 325 305 386 881

1317 315 1636 376 HISTORIA
1676 313 2115 372 TRIPARTITA.
2158 317 2362 376 LIBER
2398 321 2440 380 1.

3403 321 3516 384 882

178 441 498 500 memoria:
538 436 801 514 principis
849 435 1190 496 Constantini
1243 451 1416 508 usque
1461 436 1530 490 ad
1581 444 1818 506 augusta:
1849 441 1896 500 Α
1925 435 2162 492 auctoris
2207 436 2292 492 sui
2335 436 2552 495 nomine
2603 440 2660 496 in
2713 442 2959 501 ordinem
3005 432 3298 502 collocare.
3345 442 3518 516 Legat

187 535 621 594 recordationis
655 531 943 590 Theodosii
971 531 1228 599 Junioris,
1259 546 1379 601 qua:
1405 537 1529 586 sunt
1557 537 1706 600 gesta
1727 529 1813 585 di-

184 631 505 700 gesserint.
549 628 659 686 Nos
688 636 870 684 autem
922 642 1112 684 eorum
1157 625 1374 682 reiectis
1429 625 1703 695 operibus,
1760 632 1816 680 et

187 735 662 792 unumquemque
689 727 847 776 cauta
872 729 1056 774 mente
1085 723 1399 782 tractantes,
1441 715 1811 792 cognovimus,

188 827 320 870 non
339 785 629 886 mquaIiter
656 826 846 868 omnes
885 810 956 867 de
986 825 1304 882 unaquaque
1329 825 1390 865 re
1417 785 1720 866 luculebtcr
1746 823 1812 863 ac

187 905 489 963 subtiliter
514 904 859 976 explanasse;
881 903 975 960 sed
998 903 1161 959 modo
1184 902 1348 966 hunc,
1380 899 1542 956 modo
1581 899 1812 954 alterum

189 998 380 1056 aliam
404 1007 612 1068 partem
639 995 833 1052 melius
861 994 1179 1066 expediisse.
1219 991 1286 1046 Et
1311 991 1437 1048 ideo
1453 991 1813 1062 judicavimus

189 1087 269 1145 de
305 1088 544 1158 singulis
565 1086 877 1144 doctoribus
900 1086 1031 1160 (Ms.
1057 1084 1184 1157 Lyr.
1217 1093 1267 1139 et
1288 1083 1604 1152 Santheod.,
1635 1081 1812 1138 dictoc-

191 1180 368 1236 ribus
397 1198 413 1246 ;
442 1179 552 1246 ed.,
597 1176 976 1250 dictatoribus]
1015 1176 1281 1236 deﬂorata
1305 1176 1581 1246 colligere,
1612 1182 1813 1231 etcum

1918 545 2048 601 ergo
2079 531 2400 602 intrepidus,
2449 535 2542 603 qui
2593 536 2662 591 ad
2711 538 2826 596 hmc
2867 542 3123 612 opuscula
3149 537 3522 599 Domino'do—

1919 636 2082 684 nantc
2109 629 2443 698 pervenerit;
2478 631 2705 686 multum
2734 635 2979 690 utilitatis
3009 646 3171 707 atque
3192 635 3402 691 notitia:
3426 633 3514 688 lu-
3577 645 3581 648 ‘

1917 729 2182 788 oraturus,
2215 721 2261 776 si
2287 736 2406 791 qua:
2427 723 2603 792 posita
2627 733 2754 780 sunt
2777 741 2874 796 per
2888 727 2990 782 hos
3004 726 3292 782 duodecim
3319 725 3509 796 libros,

1919 811 2193 868 memoria:
2222 828 2331 867 suae
2359 813 2586 868 sollicita
2617 822 2801 870 mente
2846 816 3170 872 condiderit.
3223 815 3510 886 Przeterea,

1918 916 1988 957 ne
2013 903 2319 974 quempiam
2348 919 2436 961 res
2471 905 2782 962 indistincta
2833 909 3096 974 turbaret,
3146 923 3245 978 per
3293 908 3514 964 univer-

1920 1007 2040 1049 sum
2083 1001 2288 1049 textum
2336 995 2495 1065 hujus
2534 997 2714 1068 operis
2757 997 2946 1057 titulos
2973 1005 3265 1068 cognoscat
3292 997 3512 1068 apposi-

1924 1089 2008 1137 tos
2057 1091 2157 1149 ;ut
2199 1085 2310 1141 suis
2337 1084 2471 1142 locis
2511 1087 2729 1158 exigere
2769 1089 2946 1160 possit
2986 1088 3135 1160 quod
3160 1083 3262 1146 sub
3287 1104 3516 1146 numero
3605 1090 3612 1097 ’

1923 1177 2255 1246 competenti
2278 1178 2594 1248 praedictum
2613 1195 2735 1239 esse
2761 1184 3061 1255 cognoscit.

3380 1315 3490 1335 -

1411 1429 1757 1518 LIBER
1829 1431 2313 1520 PRIMUS.

631 1691 796 1765 θοι
830 1690 1061 1748 CAPUT
1097 1691 1389 1748 ramum.

1916 1690 2076 1746 ravit.
2103 1687 2279 1746 Creta:
2303 1689 2567 1760 siquidem
2586 1689 2735 1746 mille
2762 1692 3086 1748 numismata
3114 1693 3342 1749 carmini
3364 1709 3519 1752 com-

195 1785 404 1841 Oratio
453 1763 1086 1861 allocutariaiSosomeni
1126 1783 1272 1856 (pag.
1316 1784 1445 1861 595)
1473 1790 1543 1844 ad
1573 1785 1812 1844 Theodo»
1845 1763 1894 1824 Β
1918 1793 2210 1856 pensantes
2237 1781 2546 1851 Homerico,
2589 1790 2645 1840 et
2664 1774 2942 1854 tanquam.
2970 1786 3040 1842 de
3069 1786 3522 1844 excellentissima

749 1855 884 1910 sium
902 1855 1290 1926 imperaturem.

273 1973 455 2030 Aiunt
497 1971 735 2042 antiquis
788 1970 1122 2042 principibus
1173 1970 1504 2040 diligentiam
1555 1972 1816 2029 studium-

191 2080 313 2139 que
367 2064 536 2120 fuisse
588 2069 650 2118 ut
689 2061 768 2119 eis
815 2069 1086 2118 amatores
1149 2061 1368 2134 quidem
1406 2074 1814 2133 ornamentum,

191 2169 512 2227 purpuram
562 2161 727 2224 atque
771 2167 1051 2221 coronam,
1093 2161 1150 2209 et
1194 2153 1280 2209 his
1326 2154 1522 2211 similia
1551 2173 1817 2228 prmpara-

190 2255 374 2312 rent;
431 2245 694 2301 librorum
735 2258 868 2300 vero
926 2243 1188 2300 habentes
1239 2243 1614 2314 intentionem,
1673 2247 1816 2304 circa

193 2335 479 2408 quasdam
515 2333 724 2391 fabulas
761 2335 1035 2406 occupati,
1089 2335 1520 2406 conscriptiones
1569 2349 1811 2409 agerent,

193 2447 333 2503 qua:
376 2429 708 2494 audientium
736 2429 904 2486 corda
948 2429 1286 2485 mulcerent:
1343 2444 1508 2500 porro
1555 2431 1700 2488 bella
1727 2449 1814 2491 se—

196 2532 449 2590 ctantes,
489 2530 550 2580 ut
571 2522 824 2595 sagittam
863 2528 1170 2593 opportune
1221 2519 1533 2590 dirigerent,
1584 2522 1814 2588 bestiam

198 2624 666 2688 prosternerent,
735 2607 979 2672 lanceam
1042 2615 1184 2671 bene
1248 2613 1618 2684 jacularentur
1649 2661 1667 2687 ,
1721 2626 1816 2674 aut

199 2729 419 2787 equum
474 2712 732 2770 decenter
779 2713 1154 2771 ascenderem.
1217 2714 1624 2772 l‘rtesentabant
1670 2712 1817 2768 enim

201 2804 416 2876 singuli
436 2804 706 2874 regalibus
749 2818 961 2872 eorum,
1019 2807 1300 2862 studentes
1353 2807 1518 2862 rebus
1563 2805 1668 2860 illis
1696 2818 1817 2874 qua:

201 2896 400 2954 forent
449 2894 754 2966 gratissima
797 2893 1118 2952 dominanti.
1175 2896 1328 2953 Alius
1377 2897 1562 2966 itaque
1614 2895 1818 2966 lapides

201 2988 492 3062 pretiosos
518 2985 739 3042 difﬁcile
784 2995 1095 3058 compertos
1123 2985 1415 3054 offerebat;
1456 2987 1595 3043 alter
1619 2987 1817 3042 tinctu-

1918 1879 2168 1949 largitate
2191 1879 2505 1949 gloriantes,
2549 1877 2606 1933 in
2651 1879 2868 1950 publica
2915 1887 3095 1936 statua
3138 1896 3364 1937 munera
3392 1897 3524 1938 con-

1918 1971 2269 2042 scripserunt.
2303 1971 2554 2028 Alevada:
2586 1979 2790 2041 autem,
2831 1980 2886 2028 et
2933 1973 3236 2046 Dionysius,
3291 1983 3348 2030 et
3392 1972 3521 2030 Phi-

1919 2064 2099 2136 lippus
2126 2078 2466 2133 nequaquam
2484 2063 2664 2119 animo
2685 2063 2960 2134 parciores
2989 2065 3140 2120 fuere
3151 2065 3518 2130 Cretensibus,

1918 2157 1987 2213 de
2012 2157 2243 2227 superba
2267 2172 2326 2212 se
2366 2156 2643 2225 republica
2683 2155 3134 2227 philosophiaque
3153 2158 3521 2226 jactantibus;

1917 2247 2012 2318 qui
2043 2247 2302 2303 velociter
2329 2247 2544 2302 illorum
2580 2256 2816 2302 statuam
2845 2247 3044 2302 imitari
3072 2257 3384 2319 potuerant,
3417 2247 3523 2304 nisi

1918 2357 2085 2413 opere
2115 2340 2339 2401 fuissent
2396 2341 2634 2397 minores
2655 2341 2710 2395 in
2757 2355 3000 2396 munere.
3057 2340 3294 2397 Severus
3338 2349 3524 2397 autem

1916 2447 2018 2503 pro
2047 2432 2275 2487 metrico
2301 2441 2551 2500 poemate
2575 2447 2673 2502 per
2718 2447 2937 2488 versum
2966 2449 3074 2489 uno
3119 2449 3284 2490 aureo
3313 2435 3522 2491 donans

1916 2525 2240 2597 Oppianum,
2276 2532 2483 2579 tantum
2512 2526 2741 2596 praebuit
2767 2525 2835 2582 de
2879 2526 3128 2597 largitate
3175 2529 3518 2598 miraculum,

1918 2625 1980 2672 ut
2024 2615 2188 2673 aurea
2237 2618 2479 2672 carmina
2522 2616 2751 2688 Oppiani
2791 2619 3052 2676 hactenus
3089 2620 3232 2691 apud
3261 2621 3522 2692 plurimos

1917 2712 2283 2767 nominentur.
2315 2711 2444 2766 llaec
2464 2711 2608 2766 dona
2635 2711 2854 2767 fuerunt
2876 2713 3003 2768 olim
3050 2712 3348 2768 amantium
3375 2713 3522 2770 litte-

1917 2819 2009 2860 ras
2031 2812 2085 2859 et
2109 2803 2432 2858 doctrinam.
2483 2802 2568 2856 Tu
2605 2817 2754 2868 vero,
2787 2804 3163 2874 potentissime
3189 2803 3516 2874 principum,

1919 2895 2068 2951 nullo
2099 2895 2339 2966 priorum
2379 2894 2700 2950 excellentia
2728 2894 2906 2948 minor
2945 2894 3223 2963 inveniris,
3251 2894 3521 2964 largitati-

1920 2988 2024 3044 bus
2055 2989 2160 3044 tuis
2191 2989 2334 3045 circa
2365 2988 2631 3044 dictiones
2659 2988 2932 3044 exhibitis.
2983 2989 3090 3046 Sed
3139 2989 3272 3046 mihi
3318 2989 3522 3048 videris

199 3097 333 3138 ram
363 3093 720 3152 purpuream;
748 3077 978 3133 clariora
1004 3079 1220 3150 plurimi
1245 3086 1498 3151 poemata
1524 3085 1618 3133 aut
1643 3078 1822 3134 diver-
1851 3139 1892 3152 _
1923 3094 2034 3134 non
2065 3078 2359 3148 incongrue
2406 3078 2530 3132 talia
2577 3079 2776 3134 facere.
2815 3078 2951 3134 Nam
2982 3095 3106 3135 cum
3133 3095 3324 3137 omnes
3349 3080 3521 3137 virtu-

196 3188 302 3230 sas
351 3139 778 3242 conscriptiones
824 3139 1194 3240 insinuabant;
1226 3139 1362 3228 alius
1388 3174 1534 3229 bona
1575 3171 1814 3242 cingula,
1846 3139 1893 3203 ϐ
1925 3169 2067 3225 tibus
2099 3139 2257 3241 2οέ
2291 3169 2538 3236 eviceris,
2569 3170 2812 3227 studiose
2840 3171 2907 3226 ad
2934 3179 3268 3228 crementum
3307 3187 3520 3245 semper

199 3270 310 3319 aut
370 3260 634 3333 optimum
678 3276 957 3318 armorum
1006 3262 1278 3335 pendebat
1326 3261 1458 3338 [ed.,
1506 3261 1812 3334 pandebat]

203 3367 395 3408 usum.
427 3351 658 3408 Maxima
686 3360 817 3410 Vero
845 3359 902 3410 et
927 3354 1222 3426 imperialis
1236 3355 1528 3426 putabatur
1545 3355 1704 3426 hujus
1721 3369 1817 3428 po-

203 3442 421 3515 pularis
447 3441 661 3498 virtutis
686 3459 812 3514 pars
838 3444 930 3501 illa
955 3445 1025 3502 ad
1049 3461 1212 3516 quam
1239 3453 1368 3502 tunc
1387 3447 1617 3502 amantis
1638 3447 1815 3503 inten-

206 3537 290 3594 tio
321 3535 644 3592 declinabat.
675 3536 755 3594 De
796 3537 998 3609 pietate
1020 3546 1224 3608 autem,
1252 3553 1372 3609 quze
1399 3547 1483 3595 est
1514 3553 1676 3594 verus
1712 3538 1816 3594 im-

208 3630 355 3702 perii
378 3636 621 3695 ornatus,
639 3629 772 3684 nulli
796 3629 1037 3687 studiose
1061 3629 1460 3700 quodammodo
1484 3645 1665 3686 sermo
1691 3629 1811 3686 fuit.

209 3723 325 3780 Sed
359 3731 438 3790 tu,
468 3738 503 3779 ο
528 3724 900 3794 potentissime
930 3723 1220 3794 Theodosi,
1260 3733 1320 3780 ut
1356 3724 1693 3792 complexive
1729 3725 1814 3779 di-

212 3832 358 3882 cam,
394 3824 642 3872 cunctam
663 3817 950 3887 superasti,
977 3816 1089 3872 Deo
1106 3815 1350 3887 juvante,
1377 3816 1650 3871 virtutem.
1682 3814 1816 3871 Pur-

213 3922 354 3978 pura
380 3907 644 3978 siquidem
693 3917 750 3964 et
793 3923 997 3964 corona
1039 3923 1144 3979 qua
1171 3907 1371 3963 videris
1395 3915 1616 3978 propter
1643 3907 1813 3978 inspi-

213 4000 428 4055 cientes
457 3999 604 4071 (quia
633 4007 714 4057 est
735 3999 1034 4069 majestatis
1060 3999 1294 4071 signum)
1316 3998 1656 4065 circumdari,
1697 3999 1815 4070 pie-

215 4100 391 4150 tatem
423 4092 516 4148 tibi
528 4100 585 4148 et
598 4093 938 4148 clementiam
951 4089 1274 4148 intrinsecus
1291 4106 1506 4162 semper
1518 4091 1811 4146 enutriunt.

219 4184 379 4243 Unde
407 4186 824 4256 conscriptores,
863 4192 918 4240 et
944 4183 1200 4254 praefecti,
1230 4199 1296 4239 ac
1324 4183 1515 4254 reliqui
1544 4182 1816 4251 subjecto-

215 4296 337 4335 rum
354 4280 498 4335 circa
513 4286 564 4334 te
574 4288 803 4348 tuosque
814 4277 1062 4333 laborant
1083 4284 1252 4332 actus.
1269 4275 1610 4345 Disceptator
1634 4283 1815 4329 autem

217 4376 429 4446 positus
454 4373 723 4444 judexque
775 4371 1057 4436 librorum,
1110 4386 1219 4426 non
1272 4377 1548 4425 camerato
1598 4368 1816 4437 eloquio

219 4465 454 4538 caperis,
496 4472 587 4519 aut
611 4463 852 4535 qualibet
893 4461 1062 4532 tigura
1088 4459 1285 4515 furtum
1314 4462 1515 4532 pateris
1535 4461 1813 4527 veritatis;

220 4559 314 4615 sed
351 4558 586 4630 perfecte
627 4556 835 4612 metiris
863 4567 1168 4624 utrumque,
1201 4568 1508 4610 sermonem
1538 4552 1816 4623 proprium

221 4661 418 4722 aptans
455 4664 666 4706 causae:
711 4646 935 4716 figuram
964 4659 1182 4718 quoque
1227 4643 1498 4708 dictionis,
1530 4651 1584 4699 et
1612 4652 1815 4714 partes,

223 4751 278 4800 et
303 4743 574 4811 ordinem,
603 4749 661 4798 et
683 4739 1114 4812 congruentiam,
1156 4745 1212 4794 et
1258 4737 1554 4808 eloquium,
1584 4744 1639 4792 et
1665 4751 1816 4792 com-

223 4838 571 4909 positionem,
601 4842 658 4892 et
699 4832 1063 4898 collectiones,
1106 4839 1161 4888 et
1187 4845 1422 4897 sensum,
1449 4837 1506 4886 et
1531 4829 1813 4885 historiam

223 4928 488 5000 profunde
517 4927 829 4985 discutiens.
861 4923 1191 4995 Compensas
1237 4928 1420 4976 autem
1463 4920 1813 4977 recitantibus

226 5027 281 5075 et
305 5028 402 5076 tuo
416 5018 640 5090 judicio,
665 5024 721 5074 et
742 5015 1012 5072 favoribus
1033 5012 1369 5085 opportunis,
1383 5026 1483 5067 nec
1506 5027 1615 5068 non
1635 5012 1814 5067 aureis

223 5108 568 5181 imaginibus,
600 5117 656 5165 et
683 5108 955 5180 positione
992 5105 1422 5170 simulacrorum,
1470 5110 1525 5158 et
1550 5102 1729 5171 donis,
1762 5110 1818 5157 et

225 5199 520 5258 honoribus
542 5200 828 5257 universis.
857 5198 1081 5266 Qualem
1108 5211 1236 5252 vero
1269 5204 1323 5251 te
1351 5194 1494 5250 circa
1526 5194 1816 5248 recitantes

229 5297 456 5366 prmhes,
486 5295 621 5352 tales
648 5293 847 5349 dudum
896 5292 1112 5346 fuerunt
1144 5289 1355 5359 judiees
1385 5288 1514 5360 [ed.,
1564 5285 1711 5352 Niv.,
1731 5285 1820 5354 ju-

229 5387 372 5444 dices
395 5385 603 5457 Cretes]
646 5385 788 5441 circa
827 5382 1189 5451 dulciloquum
1216 5378 1535 5434 Homerum:
1569 5385 1661 5432 aut
1689 5374 1818 5433 Ale-

231 5481 376 5537 vadae
403 5480 540 5554 [a155,
573 5475 786 5550 Alevas]
816 5477 958 5534 circa
986 5472 1349 5538 Simonidem;
1399 5477 1492 5526 aut
1528 5470 1812 5542 Dionysius

232 5568 421 5626 Sicilia:
470 5579 728 5642 tyrannus
777 5569 922 5623 circa
975 5564 1253 5620 Platonem
1301 5561 1540 5617 Socratis
1589 5561 1816 5630 discipu-

233 5659 372 5730 lum;
399 5670 492 5718 aut
512 5660 787 5732 Philippus
806 5657 1027 5714 Macedo
1053 5657 1194 5712 circa
1208 5654 1616 5724 Theopompum
1640 5653 1814 5708 histo-

233 5755 607 5828 riographum;
637 5764 729 5811 aut
756 5756 987 5812 Severus
1014 5751 1190 5810 Caesar
1213 5752 1355 5809 circa
1382 5750 1703 5822 Oppianum,
1721 5751 1814 5822 qui

238 5849 418 5907 metris
436 5863 632 5920 genera
659 5848 885 5922 piscium
906 5853 961 5906 et
986 5855 1222 5918 naturas,
1255 5847 1669 5920 captionemque
1691 5861 1819 5904 nar-

1919 3275 2038 3332 qure
2069 3269 2156 3316 tua
2185 3268 2308 3315 sunt
2341 3261 2525 3318 evehis
2546 3302 2562 3328 ,
2594 3262 2850 3332 quoniam
2878 3278 3061 3319 rerum
3087 3263 3213 3320 olim
3242 3273 3518 3334 gestarum

1918 3354 2062 3425 apud
2101 3354 2375 3409 Romanos
2401 3359 2457 3409 et
2492 3352 2709 3410 Graecos
2737 3355 3022 3412 veritatem
3051 3357 3400 3424 integerrime
3423 3372 3519 3413 co-

1917 3447 2172 3520 gnovisti.
2217 3446 2382 3501 Aiunt
2408 3447 2610 3502 etenim
2635 3454 2691 3501 te
2718 3461 2818 3517 per
2862 3447 3006 3503 diem
3033 3448 3252 3518 quidem
3275 3449 3522 3505 exerceri

1921 3538 2086 3594 armis
2106 3545 2161 3595 et
2181 3553 2431 3608 corpore,
2458 3539 2932 3608 subjectorumque
2951 3540 3169 3611 negotia
3189 3539 3519 3611 disceptare,

1915 3633 2161 3705 judicare
2191 3631 2349 3686 simul
2375 3639 2430 3686 et
2455 3645 2638 3702 agere,
2684 3631 2847 3687 modo
2895 3647 3160 3701 seorsum,
3185 3635 3351 3690 modo
3378 3649 3522 3689 com-

1919 3729 2174 3794 muniter,
2203 3742 2323 3797 qua:
2351 3736 2476 3782 sunt
2504 3725 2713 3798 agenda
2754 3727 3133 3795 considerare;
3162 3728 3412 3784 noctibus
3439 3727 3520 3782 di-

1919 3819 2058 3874 vinis
2087 3817 2236 3873 libris
2277 3817 2608 3873 iucumbere.
2638 3816 2832 3874 Fertur
2872 3826 3053 3873 autem
3085 3816 3181 3872 tibi
3220 3818 3290 3871 ad
3330 3831 3520 3872 eorum

1917 3912 2204 3970 scientiam
2251 3911 2558 3966 ministrare
2605 3910 2989 3966 candelabrum
3039 3916 3158 3965 arte
3203 3909 3521 3964 mechanica

1920 4004 2144 4069 factum,
2177 4011 2233 4058 et
2261 4011 2454 4074 sponte
2501 4001 2728 4057 fundens
2757 4002 2938 4057 oleum
2983 4001 3040 4056 in
3092 4000 3365 4056 lucernam
3391 4041 3407 4066 ,
3455 4006 3522 4053 ut

1920 4097 2099 4152 nullus
2127 4095 2270 4151 circa
2297 4094 2501 4163 regalia
2528 4095 2850 4150 constitutus
2895 4093 2950 4148 in
2991 4093 3270 4148 laboribus
3298 4092 3406 4147 tuis
3433 4107 3522 4147 co-

1921 4196 2077 4256 gatur
2107 4185 2290 4254 afﬂigi,
2321 4194 2377 4242 et
2405 4193 2612 4240 natura:
2640 4187 2750 4240 vim
2779 4184 2942 4240 iaciat
2969 4199 3159 4242 somno
3187 4199 3518 4254 repugnans.

1920 4279 2012 4334 Sic
2038 4277 2288 4347 equidem
2316 4277 2554 4332 clemens
2598 4283 2654 4331 et
2690 4283 3001 4332 mansuetus
3025 4276 3167 4331 circa
3220 4276 3519 4346 proximos,

1920 4380 1977 4427 et
2004 4370 2238 4426 maxime
2290 4370 2432 4426 circa
2469 4383 2660 4424 omnes
2715 4368 2926 4438 existis,
2985 4369 3261 4426 caelestem
3312 4367 3518 4438 Regem

1922 4470 2070 4517 tuum
2105 4461 2365 4516 imitando
2394 4467 2703 4530 patronum,
2735 4460 2821 4514 cui
2870 4469 3080 4528 gratum
3109 4469 3193 4515 est
3236 4477 3391 4532 super
3430 4462 3522 4532 ju-

1845 4533 1898 4595 Ῑ)
1922 4562 2028 4607 stos
2069 4560 2120 4606 et
2148 4551 2368 4621 injustas
2405 4550 2601 4620 pluere,
2643 4558 2693 4603 et
2728 4549 2890 4604 solem
2936 4552 3109 4622 facere
3137 4553 3267 4606 oriri
3295 4550 3515 4622 (Matth.

1921 4658 1974 4708 v,
2005 4640 2130 4713 45);
2162 4650 2218 4696 et
2241 4640 2343 4695 alia
2373 4640 2533 4695 simul
2576 4639 2775 4696 invidia
2822 4642 3113 4697 recedente
3158 4642 3361 4714 largiri.
3415 4642 3521 4698 Per

1920 4736 2146 4791 multam
2190 4749 2321 4790 vero
2379 4733 2683 4790 doctrinam
2736 4734 2897 4790 audio
2955 4743 3009 4790 te
3059 4735 3225 4790 etiam
3278 4735 3518 4806 lapidum

1866 4846 1874 4858 '
1921 4829 2064 4886 scire
2117 4835 2336 4884 naturas
2390 4835 2799 4898 potestatesque
2852 4828 3090 4884 radicum
3116 4867 3131 4894 ,
3189 4827 3520 4898 effectusque

1920 4937 2170 4978 curarum
2200 4936 2307 4976 non
2337 4920 2514 4975 minus
2542 4918 2832 4976 Salomone
2859 4920 3028 4977 David
3057 4921 3166 4976 ﬁlio
3191 4938 3206 4988 ;
3234 4920 3406 4988 magis
3425 4934 3522 4973 au-

1919 5022 2028 5070 tem
2053 5014 2232 5084 potior
2251 5028 2310 5068 es
2337 5011 2641 5067 virtutibus.
2674 5011 2769 5068 Ille
2794 5013 3055 5082 siquidem
3085 5013 3258 5068 factus
3279 5009 3521 5082 libidinis

1919 5121 2130 5172 servus,
2165 5105 2425 5176 pietatem
2454 5119 2562 5159 non
2590 5103 2879 5160 custodivit
2906 5103 2978 5161 ad
3020 5103 3334 5169 terminum,
3393 5116 3519 5171 qua:
3585 5157 3589 5163 ,

1921 5197 1999 5253 illi
2030 5213 2189 5255 causa
2222 5197 2411 5255 fuerat
2438 5197 2706 5252 bonorum
2735 5205 2790 5252 et
2837 5195 3131 5266 sapientiae.
3166 5192 3247 5248 Tu
3274 5208 3426 5261 vero,
3484 5208 3522 5249 o

1920 5287 2315 5358 potentissime,
2345 5286 2681 5357 negligentia:
2709 5287 2970 5358 objiciens
2995 5286 3283 5351 rationem,
3315 5283 3535 5341 videris'
3587 5326 3596 5346 ι

1917 5395 2025 5436 non
2071 5379 2242 5434 solum
2289 5380 2785 5450 hominibusjuste,
2842 5379 2940 5435 sed
2986 5379 3150 5434 etiam
3180 5380 3437 5450 corporis
3464 5389 3524 5435 et
3588 5380 3601 5441 ξ

1923 5472 2115 5526 anima:
2140 5470 2472 5542 passionibus
2499 5471 2782 5541 imperare.
2809 5469 2867 5526 Si
2896 5475 3075 5525 autem
3099 5476 3389 5539 oportetet
3411 5468 3522 5526 hoc
3577 5505 3601 5540 »_.

1923 5563 2046 5632 dici,
2078 5562 2236 5618 audio
2267 5571 2319 5618 te
2349 5564 2512 5618 etiam
2543 5562 2706 5617 totius
2743 5561 2846 5616 cibi
2895 5559 2978 5616 vel
3025 5561 3207 5631 poculi
3252 5559 3524 5617 desideria
3576 5546 3598 5585 ’ί

1922 5641 2212 5726 superare;
2243 5667 2298 5710 ct
2326 5668 2502 5723 neque
2530 5668 2688 5723 poma
2737 5652 2932 5722 dulcia,
2965 5638 3140 5722 neque
3183 5651 3328 5711 aliud
3365 5651 3523 5722 quid-

1923 5764 2084 5821 quam
2112 5749 2411 5820 speciosum
2441 5754 2716 5816 appetere,
2747 5745 2850 5802 nisi
2893 5752 3154 5816 quantum
3201 5746 3270 5800 ad
3315 5748 3521 5799 tactum

1924 5837 2195 5907 convenit,
2227 5847 2281 5897 et
2327 5835 2666 5896 solummodo
2713 5837 2894 5908 sapori
2946 5837 3290 5910 congruerit;
3341 5835 3522 5910 primo
