3998 6344
460 346 572 442 asa

1705 375 1778 433 Μ.
1818 372 2097 433 AURELH
2133 372 2532 433 (ΖΑΞὸιοῦοΜ

3646 372 3760 432 881»

458 508 644 557 tamen
686 462 1008 551 benedicere
1051 489 1296 547 omnium
1337 488 1669 547 Creatorem.
1722 488 1881 546 Sitim
1904 504 2056 558 vero,
2085 495 2139 554 Α
2162 488 2376 548 Tertius
2403 498 2582 546 autem
2602 496 2661 546 et
2685 495 2906 559 quartus
2932 484 3052 557 qua:
3084 486 3186 543 sub
3205 486 3321 556 ejus
3349 485 3491 542 filiis.
3522 484 3758 552 Quintus

456 599 650 650 aestum
676 594 735 645 et
759 585 927 656 frigus
970 584 1115 641 ferre
1158 592 1469 653 consuetus,
1493 582 1818 654 quotidianis
1848 583 2058 639 exerci-

457 680 753 739 tationibus
772 677 884 749 jam
912 678 1083 749 ipsam
1110 674 1455 733 continentize
1482 674 1691 745 putaris
1727 674 1927 730 habere
1954 690 2054 729 na-

456 783 658 849 turam.
680 770 893 827 Dudum
913 768 1178 840 siquidem
1189 768 1242 823 in
1258 766 1432 824 Ponto
1447 767 1719 824 civitatem
1735 763 2056 822 Heracleam

456 866 529 924 ab
552 863 787 922 Hercule
813 863 1145 919 nominatam
1164 861 1351 917 videre
1390 858 1668 927 festinans,
1710 867 1768 915 et
1807 859 2057 915 laboran-

456 971 571 1020 tem
599 964 761 1033 longo
809 969 1055 1035 tempore
1093 960 1377 1017 sublevare
1419 957 1546 1032 [Με.
1579 955 1731 1029 Lyr.,
1760 956 2069 1013 exercitum

2161 592 2218 639 et
2234 592 2417 639 sextus
2446 597 2565 655 quae
2590 583 2692 639 sub
2716 580 2929 637 Iuliano
2980 580 3307 637 consobrino
3355 578 3591 635 filiorum
3639 597 3757 637 ma-

2160 676 2288 731 ximi
2333 674 2690 744 Constantini,
2743 684 2801 731 et
2845 671 3152 740 Joviniano,
3211 688 3311 729 nec
3356 688 3463 728 non
3512 673 3757 729 Valente

2160 769 2322 826 niano
2366 742 2837 840 elValenteigesta
2866 776 3185 825 noscuntur.
3218 766 3494 838 Septimus
3523 776 3579 821 et
3601 775 3755 823 octa-

2158 880 2258 920 vus
2288 864 2443 920 nobis
2470 865 2678 935 aperiet
2704 873 2883 919 tomus
2908 876 3027 932 quae
3051 861 3151 918 sub
3182 858 3442 916 Gratiano
3462 868 3519 914 et
3549 860 3752 915 Valen-

2159 959 2365 1015 tiniano
2394 957 2646 1015 fratribus
2674 966 2795 1014 acta
2827 964 2954 1013 sunt
2981 966 3151 1041 usque
3175 954 3242 1010 ad
3272 962 3517 1025 tempora
3540 953 3790 1024 imperii.

456 1054 790 1127 sublevare],
821 1054 878 1111 in
903 1051 1324 1110 metatis-ardore
1363 1066 1462 1123 per
1490 1050 1795 1123 Bithyniam
1823 1049 2059 1106 faciebas
2155 1052 2527 1125 iucundissimi
2556 1054 2641 1108 avi
2686 1053 2766 1109 tui
2793 1050 3122 1109 Theodosii:
3168 1048 3383 1120 quando
3426 1048 3636 1105 scilicet
3664 1063 3755 1101 ve-

458 1148 584 1204 iter.
655 1146 785 1205 Sole
832 1161 966 1203 vero
1018 1144 1165 1203 circa
1220 1144 1364 1201 diem
1426 1142 1663 1199 medium
1709 1142 2062 1199 vehementer

461 1244 680 1307 urente,
706 1236 898 1294 videns
924 1244 980 1293 te
1006 1236 1225 1307 quidam
1253 1236 1357 1293 iter
1383 1236 1655 1305 agentium
1674 1234 1870 1291 sudore
1888 1234 2059 1291 multo

460 1332 623 1389 simul
650 1338 706 1388 et
745 1331 966 1402 pulvere
994 1330 1352 1400 squalentem,
1388 1329 1544 1399 quasi
1588 1336 1939 1399 praestaturus
1974 1343 2062 1385 oc-

460 1440 707 1492 currens,
755 1424 950 1480 obtulit
996 1423 1091 1479 tibi
1119 1422 1373 1493 poculum
1398 1421 1556 1477 valde
1599 1422 1965 1494 perspicuum,
2005 1408 2073 1478 et;

404 1502 411 1505 ’
461 1517 615 1573 velut
659 1515 822 1571 radiis
867 1515 1208 1581 emicantem,
1258 1514 1633 1569 suavissimum
1678 1512 1962 1583 quemdam
2004 1514 2063 1570 in

461 1623 588 1667 eum
613 1614 799 1679 potum
837 1607 1076 1673 mittens,
1101 1614 1157 1663 et
1185 1621 1322 1675 aqua
1352 1604 1678 1676 perfundens
1718 1604 1932 1676 frigida.
1980 1604 2063 1662 Tu

461 1714 616 1766 vero,
645 1715 678 1755 o
705 1697 1100 1770 potentissime,
1132 1711 1370 1764 sumens,
1420 1694 1651 1753 laudasti
1696 1695 1911 1766 quidem
1961 1684 2062 1768 pro

457 1804 562 1850 sua
590 1790 1028 1863 magnanimitate
1048 1790 1239 1857 virum,
1272 1796 1327 1845 et
1354 1789 1601 1859 largitate
1627 1789 1909 1862 principali
1939 1797 2064 1863 post

2159 1155 2290 1214 ster,
2323 1145 2740 1203 clementissime
2775 1145 3098 1217 principum,
3150 1141 3551 1201 sacratissimus
3598 1149 3759 1212 pater

2161 1240 2420 1298 Arcadius
2446 1250 2675 1313 paterno
2714 1240 3009 1297 succedens
3037 1240 3286 1312 imperio,
3329 1253 3435 1293 una
3461 1253 3588 1293 cum
3619 1236 3757 1307 piis-

2161 1333 2297 1389 simo
2325 1342 2517 1405 patruo
2545 1341 2636 1411 tuo
2657 1331 2897 1389 Honorio
2918 1332 3220 1388 Romanum
3242 1332 3429 1387 orbem
3450 1330 3759 1399 gubernare

2162 1424 2391 1482 sortitus
2409 1426 2511 1481 est.
2541 1420 2752 1481 Nerium
2776 1439 2907 1480 vero
2936 1424 3130 1479 librum
3156 1422 3461 1478 Christiano
3498 1436 3563 1476 ac
3593 1435 3757 1475 vene-

2161 1516 2319 1572 rabili
2372 1524 2553 1573 vestro
2584 1515 2721 1586 apici
2748 1514 3013 1579 dedieavi,
3044 1530 3207 1584 quem
3245 1513 3387 1568 Deus
3416 1512 3753 1582 sempiterne

2163 1608 2433 1667 custodiat
2452 1609 2892 1681 magnanimitate
2919 1607 3313 1665 inconvertibili
3339 1606 3585 1662 hostibus
3614 1620 3756 1675 prte-

2161 1702 2451 1770 valentem,
2483 1710 2540 1758 et
2564 1701 2851 1758 habentem
2882 1684 2983 1757 sub
3017 1700 3243 1771 pedibus
3273 1698 3573 1765 universos,
3606 1706 3662 1752 et
3690 1695 3757 1753 ad

2164 1793 2396 1850 ﬁliorum
2426 1792 2565 1850 filios
2609 1782 2771 1864 pium’
2802 1780 3085 1863 imperium
3116 1792 3453 1861 dirigentem,
3487 1799 3759 1846 annuente

461 1885 740 1959 paululum
769 1874 1085 1952 cuntulasti;
1117 1882 1211 1939 sed
1239 1883 1449 1939 cunctis
1495 1882 1755 1939 militibus
1805 1884 1871 1939 ad
1920 1878 2061 1939 illius
2091 1904 2138 1967 Β
2164 1885 2398 1951 Christo,
2432 1902 2553 1942 cum
2583 1902 2691 1957 quo
2732 1894 2785 1942 et
2814 1886 2925 1942 Deo
2967 1885 3113 1940 Patri
3144 1885 3313 1954 gloria
3338 1900 3446 1939 una
3474 1898 3601 1940 cum
3629 1898 3755 1939 san-

462 1977 646 2052 poculi
670 1976 972 2035 claritatem
1002 1976 1162 2033 nimis
1182 1976 1531 2044 inhiantibus,
1559 1984 1614 2033 et
1639 1976 2065 2034 beatiticantibus

462 2072 559 2143 qui
588 2080 733 2129 esset
779 2070 1045 2129 bibiturus
1072 2085 1220 2141 eum,
1264 2086 1447 2128 rursus
1477 2071 1527 2127 ei
1555 2071 1807 2143 poculum
1834 2069 2067 2127 reddidi-

462 2156 560 2231 sti,
589 2156 908 2234 praecipiens
935 2162 1005 2218 ut‘
1020 2178 1127 2232 quo
1154 2163 1317 2219 vellet
1360 2170 1604 2218 uteretur
1632 2178 1719 2219 eo.
1753 2161 1905 2217 Unde
1934 2161 2067 2218 mihi

457 2254 610 2325 iuste
639 2253 849 2310 videtur
871 2253 976 2310 tuis
994 2252 1283 2309 virtutibus
1304 2261 1617 2325 superatum
1644 2253 1809 2308 etiam
1829 2248 2065 2308 Alexan-

462 2344 647 2413 drum,
676 2344 746 2401 de
774 2358 883 2415 quo
912 2346 1165 2401 narratur
1184 2345 1253 2401 ab
1296 2345 1375 2401 eis
1414 2343 1507 2415 qui
1537 2360 1702 2416 opera
1732 2344 1873 2403 illius
1896 2344 2069 2401 admi-

466 2443 684 2504 rantur,
724 2435 848 2506 quia
876 2434 950 2505 ei,
994 2435 1122 2491 dum
1170 2450 1270 2507 per
1296 2436 1558 2507 inaquosa
1610 2436 1729 2492 loca
1752 2444 2071 2508 properaret

463 2541 594 2583 ctln
626 2516 1023 2595 ltia'ce'donibus,1
1068 2527 1293 2597 diligens
1322 2526 1539 2599 quidam
1586 2529 1741 2585 miles
1768 2545 1964 2600 aquam
1993 2530 2070 2585 in-

466 2619 714 2688 veniens,
744 2614 931 2675 hausit
957 2622 1025 2676 et
1046 2614 1238 2676 obtulit
1264 2620 1346 2687 ei;
1392 2620 1480 2676 ille
1506 2636 1634 2677 vero
1661 2637 1768 2677 non
1794 2621 1948 2687 bibit,
1972 2621 2069 2678 sed

462 2708 669 2781 corpus
715 2706 927 2765 infudit.
982 2702 1207 2780 Ut‘ergo
1259 2708 1505 2766 absolute
1554 2710 1782 2777 dicatur,
1829 2712 2069 2767 omnium

467 2800 723 2873 priorum
758 2798 1057 2871 principum
1106 2798 1517 2871 principiorem,
1548 2800 1594 2855 si
1633 2800 1738 2857 dici
1765 2799 1845 2857 fas
1872 2809 1977 2869 est,
2018 2810 2074 2859 te

466 2884 957 2977 voearté‘debemus
1000 2892 1295 2949 secundum
1325 2889 1640 2948 Homerum.
1692 2892 1841 2951 Alios
1869 2892 2072 2949 etenim

470 2988 629 3057 reges
656 2984 787 3042 nihil
813 2984 1033 3056 dignum
1048 2986 1301 3044 habuisse
1317 2988 1708 3061 comperimus;
1733 2988 1869 3045 alios
1890 2997 2074 3045 autem

469 3074 699 3135 oma'ésc
727 3082 955 3133 una‘aut
976 3078 1185 3135 duabus
1213 3080 1374 3135 rebus
1420 3080 1725 3151 imperium.
1758 3078 1840 3136 'l‘u
1868 3088 2071 3150 autem,

471 3182 511 3223 o
539 3167 902 3235 serenissime,
930 3181 1120 3223 omnes
1147 3167 1305 3223 simul.
1329 3168 1556 3225 virtutes
1584 3168 1933 3240 amplectens,
1956 3169 2077 3225 uni-

472 3260 662 3316 verses
690 3258 1021 3330 dignosceris
1048 3259 1273 3325 evicisse
1300 3261 1520 3331 pietate,
1556 3262 1868 3329 clementia,
1911 3262 2071 3320 forti-

474 3350 681 3414 tudine,
726 3348 993 3417 castilate,
1022 3348 1250 3420 iustitia,
1298 3352 1565 3422 largitate,
1600 3360 1763 3423 atque
1793 3356 2074 3423 magnani-

473 3441 666 3496 mitate
694 3440 938 3512 dignitati
961 3440 1223 3512 imp‘e‘riali
1254 3445 1629 3500 conveniente.
1663 3444 1793 3501 Sine
1816 3448 2077 3517 sanguine

474 3534 660 3586 autem
688 3534 759 3587 et'
782 3548 974 3603 purum
1004 3547 1035 3587 a
1065 3532 1231 3600 caede,
1262 3548 1426 3604 super
1470 3536 1712 3590 omnium
1755 3537 2075 3608 priscorum,

475 3629 631 3677 tuum
656 3621 841 3677 cuncti
870 3622 1167 3691 gloriantur
1187 3625 1490 3695 imperium.
1518 3625 1625 3683 Res
1648 3628 1918 3685 studiosas
1947 3647 2074 3687 cum

472 3712 845 3769 delectatione
868 3713 1143 3784 subjectos
1170 3715 1417 3787 prmcipis
1446 3716 1694 3785 edoceri;
1726 3718 2077 3793 favoremque

470 3813 532 3861 et
559 3805 915 3861 reverentiam
944 3807 1091 3863 circa
1136 3817 1283 3863 tuum
1334 3823 1578 3865 amorem
1624 3817 1681 3866 et
1734 3826 2077 3870 communem

473 3897 762 3955 utilitatem
787 3899 995 3956 cunctis
1024 3901 1330 3958 ostendere.
1360 3901 1703 3975 Quapropter
1722 3905 1963 3960 omnium
1984 3907 2077 3963 ho-

471 4006 593 4045 rum
622 3996 805 4047 causa‘
829 3995 1196 4050 necessarium
1224 3995 1439 4051 videtur
1471 3996 1604 4053 mihi
1650 3998 2075 4055 ecclesiasticam

470 4085 753 4140 historiam
775 4087 1157 4154 conseribenti,
1190 4097 1242 4144 te
1262 4089 1509 4160 primitus
1544 4089 1762 4161 alloqui.
1797 4090 1895 4146 Cui
1924 4107 2075 4146 nam-

468 4192 579 4247 que
610 4179 787 4249 potius
818 4182 923 4237 hoc
948 4181 1237 4251 ascribam,
1268 4182 1561 4239 multorum
1591 4198 1655 4241 ac
1686 4184 2074 4239 venerabilium

470 4269 699 4326 virtutes
725 4271 909 4342 utique
939 4278 1271 4343 narraturus,
1304 4285 1360 4331 et
1389 4291 1453 4332 ea
1494 4291 1613 4345 qua:
1660 4278 1804 4331 circa
1846 4277 2076 4332 catholi-

468 4376 591 4417 cam
632 4361 930 4420 Ecclesium
976 4376 1363 4439 provenerunt,
1395 4369 1483 4425 vel
1528 4384 1626 4440 per
1673 4378 1905 4441 quantas
1958 4370 2072 4441 ipsa

469 4458 743 4512 transiens
772 4467 1137 4529 tempestates,
1168 4467 1234 4517 ad
1262 4456 1381 4519 tuos
1417 4473 1809 4535 parentumque
1854 4471 2072 4519 tuorum

468 4556 661 4619 portus
688 4555 1013 4608 accesserit?
1054 4554 1167 4624 Age
1211 4572 1351 4611 nunc
1373 4557 1553 4612 omnia
1597 4559 1792 4623 sciens,
1824 4572 2069 4612 omnem-

469 4653 583 4709 que
610 4638 860 4697 virtutem
906 4642 1131 4709 habens,
1181 4654 1234 4701 et
1266 4649 1533 4718 prmcipue
1581 4648 1857 4720 pietatem,
1910 4664 2070 4720 quam

471 4728 779 4801 principem
809 4742 928 4789 esse
975 4737 1251 4805 sapientia:
1280 4754 1459 4794 sermo
1503 4739 1713 4795 divinus
1740 4740 1916 4795 docet.
1949 4740 2072 4796 Sus-

463 4821 591 4892 cipe
636 4838 668 4877 a
708 4826 795 4878 me
837 4824 975 4881 hanc
1004 4827 1345 4898 scripturam,
1398 4837 1453 4884 et
1501 4830 1733 4885 libenter
1786 4833 2066 4901 examina;

474 4922 690 4986 tuaeque
720 4915 1045 4988 integritatis
1083 4918 1415 4989 adjectiones
1443 4931 1497 4977 et
1524 4924 1886 4981 detractiones
1916 4926 2067 4981 adhi-

463 5005 623 5076 hens,
648 4998 763 5065 tuis
792 5008 1067 5067 laboribus
1115 5028 1232 5067 eam
1282 5028 1472 5084 purga.
1516 5014 1883 5071 indubitanter
1920 5019 2066 5075 enim

466 5098 827 5172 quodcunque
856 5102 953 5158 tibi
992 5104 1275 5175 placuerit,
1330 5106 1457 5161 utile
1506 5108 1806 5176 legentibus
1833 5109 2066 5166 clarum-

461 5198 568 5260 que
596 5191 897 5263 vidébitur';
928 5212 1028 5253 nec
1049 5198 1274 5268 quilibet
1297 5200 1655 5271 reprehendet
1676 5202 1818 5271 quod
1842 5211 1897 5257 tu
1927 5218 2063 5272 quo-

463 5288 569 5355 que
616 5285 950 5357 probaveris.
1004 5290 1257 5349 Procedit
1302 5302 1483 5350 autem
1531 5311 1649 5351 mea
1678 5296 2061 5368 conscriptioa

458 5377 622 5432 tertio
672 5382 956 5437 consulatu
983 5381 1161 5457 Crispi
1191 5394 1247 5441 et
1273 5385 1612 5442 Constantini
1658 5388 1929 5443 Cmsarum
1972 5405 2063 5446 us-

460 5474 569 5538 que
590 5470 654 5525 ad
672 5474 957 5544 septimum
976 5472 1244 5533 decitiium
1268 5492 1418 5535 tuum
1442 5491 1499 5548 ﬁ;
1524 5481 1803 5551 visumque
1826 5489 1907 5535 est
1930 5481 2061 5536 mihi

461 5556 916 5622 beneise‘habere
942 5567 992 5621 in
1017 5562 1209 5624 novem
1236 5571 1540 5628 decisiones
1567 5588 1702 5643 opus
1731 5587 1891 5627 omne
1923 5571 2058 5626 divi-

463 5662 608 5705 sere.
639 5652 951 5712 Continebit
976 5666 1158 5716 autem
1186 5662 1390 5732 primus
1419 5671 1473 5717 et
1494 5663 1760 5718 secundus
1789 5671 1965 5718 tomus
1992 5678 2057 5719 ea

459 5742 981 5821 quailsub‘principe
1003 5746 1361 5810 CodStantiiio
1390 5752 1646 5809 Ecclesia:
1669 5762 2055 5825 provenerunt.

534 5946 567 5982 ι
600 5936 664 5997 ld
685 5948 790 6014 est,
821 5943 891 6002 ab
914 5958 1057 6045 anno
1075 5946 1176 6008 Ch.
1209 5949 1316 6009 525
1342 5963 1513 6023 usque
1539 5951 1603 6009 ad
1626 5949 1753 6010 439.

2166 1990 2255 2039 cto
2283 1981 2485 2055 Spiritu
2510 1983 2564 2038 in
2585 1983 2785 2041 saecula
2812 1982 3150 2045 saeculorum,
3181 1980 3372 2034 Amen.

2786 2135 3019 2194 CAPUT
3057 2136 3119 2191 Il.

2167 2230 2273 2286 Cur
2299 2230 2513 2304 gentiles
2542 2230 2748 2304 facilius
2777 2248 2930 2303 quam
2978 2228 3190 2315 Hebraei
3218 2228 3375 2300 [idem
3420 2227 3614 2283 Christi
3646 2245 3756 2283 sus-

2840 2311 3086 2374 ceperint.

2239 2413 2507 2484 Cogitatio
2559 2413 2690 2469 mihi
2745 2414 3033 2484 aliquando
3081 2415 3348 2487 provenit,
3407 2430 3526 2484 cur,
3581 2423 3757 2486 putas,

2170 2506 2286 2563 aliis
2314 2506 2529 2578 quidem
2561 2507 2868 2564 hominibus
2916 2500 3177 2565 velOcior’
3209 2498 3309 2567 fuit
3361 2510 3509 2566 circa
3551 2510 3763 2566 Domini

2170 2598 2395 2655 verbum
2424 2599 2574 2667 fides,
2608 2596 2847 2657 Hebraeis
2871 2608 3050 2657 autem
3099 2602 3428 2658 incredibilis
3472 2602 3579 2677 [ed.
3622 2598 3761 2657 Fro—

2173 2691 2311 2759 ben.,
2338 2688 2548 2748 Hebraai
2570 2688 2959 2767 incredibiles],
2982 2688 3105 2750 cum
3122 2694 3200 2751 ab
3231 2696 3381 2751 initio
3410 2695 3592 2751 divina
3607 2708 3762 2749 man-

2172 2783 2296 2839 data
2321 2786 2667 2857 perceperint
2695 2787 2859 2842 etiam
2888 2787 2955 2843 de
2980 2784 3176 2844 Christi
3206 2789 3514 2859 praesentia,
3548 2796 3603 2845 et
3630 2802 3764 2859 quo-

2173 2877 2336 2933 modo
2376 2879 2493 2933 hzec
2530 2878 2730 2945 forent,
2779 2887 3068 2952 antequam
3106 2882 3313 2949 tierent,
3358 2880 3649 2938 didicerint
3674 2896 3768 2951 per

2174 2969 2487 3041 prophetas.
2519 2970 2793 3027 Abraham
2819 2973 3018 3028 etenim
3053 2973 3303 3045 princeps
3332 2988 3526 3028 eorum
3554 2974 3766 3041 generis

2177 3070 2233 3119 et
2254 3062 2678 3121 circumcisionis
2706 3073 2966 3133 exnstens,
2998 3066 3270 3137 inspector
3290 3072 3344 3121 et
3369 3064 3604 3121 conviva
3630 3063 3767 3132 .Filii

2178 3153 2275 3211 Dei
2328 3171 2447 3212 esse
2500 3157 2797 3228 promeruit
2845 3157 2998 3231 (Cen.
3051 3155 3222 3228 xviii).
3280 3156 3429 3212 Isaac
3470 3156 3591 3226 ejus
3634 3155 3768 3211 ﬁlius

2179 3248 2484 3307 imitatione
2512 3250 2762 3307 sacriﬁcii
2794 3252 3091 3309 honoratus
3122 3260 3223 3318 est,
3256 3262 3382 3324 typo
3406 3251 3587 3307 crucis
3616 3267 3647 3305 a
3678 3266 3769 3325 pa-

2179 3350 2262 3397 tre
2286 3342 2499 3399 vinctus
2542 3351 2598 3398 et
2625 3343 2834 3399 oblatus
2865 3344 3020 3399 altari
3052 3342 3203 3415 (Gen.
3238 3346 3393 3414 nn),
3419 3342 3577 3399 sicuti
3600 3343 3765 3399 conti-

2175 3437 2251 3507 git
2266 3436 2391 3491 etin
2417 3433 2615 3491 Christi
2644 3437 2893 3507 passione
2917 3437 3051 3503 fieri,
3084 3446 3142 3492 ut
3170 3438 3319 3491 aiunt
3347 3437 3441 3507 qui
3464 3436 3774 3507 Scripturas

2174 3542 2359 3586 sacras
2384 3529 2732 3598 integerrime
2778 3530 3130 3600 collegerunt.
3163 3529 3328 3585 Jacob
3358 3537 3543 3584 autem
3579 3544 3773 3598 exspe-

2177 3623 2471 3679 ctatioaem
2498 3623 2735 3693 gentium
2763 3624 2818 3679 in
2848 3640 2914 3680 eo
2962 3640 3107 3681 nunc
3148 3624 3491 3690 existentem,
3537 3638 3641 3679 nec
3670 3638 3775 3678 non

2176 3723 2232 3771 et
2276 3722 2489 3785 tempus
2517 3731 2623 3785 quo
2654 3716 2801 3771 venit
2845 3717 3225 3787 praenuntiavit
3255 3715 3407 3787 (Gen.
3459 3733 3605 3781 xm,
3668 3715 3771 3785 10;,

2178 3806 2268 3860 ubi
2297 3806 2373 3861 ait
2422 3815 2547 3861 tunc
2584 3806 2815 3863 deiicere
2866 3808 3032 3863 duces
3085 3807 3438 3863 chrmorum
3479 3824 3551 3863 ex
3578 3822 3775 3878 genere

2178 3896 2323 3955 Iuda:
2361 3898 2617 3970 principis
2657 3900 2772 3971 ejus
2819 3901 3009 3958 tribus.
3042 3902 3389 3972 Signiﬁcabat
3415 3912 3601 3958 autem
3633 3903 3775 3974 prin-

2176 3993 2416 4064 cipatum
2444 3995 2607 4065 206
2636 3984 2886 4063 Herodis,
2910 3996 3003 4065 qui
3031 4012 3157 4051 cum
3198 3994 3463 4052 ldumzeus
3504 4006 3651 4051 esset
3680 4011 3772 4066 ge-

2176 4102 2307 4142 nere
2337 4095 2583 4157 paterno,
2617 4087 2789 4144 Arabs
2812 4098 2990 4144 autem
3016 4106 3045 4143 a
3072 4097 3263 4157 matre,
3295 4090 3586 4145 commissa
3616 4100 3699 4146 est
3727 4089 3774 4145 ei

2175 4198 2307 4253 gens
2334 4181 2639 4239 Judmorum
2672 4200 2702 4238 a
2723 4192 2916 4240 senatu
2966 4184 3212 4241 Romano
3243 4193 3299 4241 et
3345 4183 3563 4242 Caesare
3617 4184 3775 4241 simul

2175 4275 2437 4345 Augusto.
2471 4274 2577 4331 Sed
2626 4276 2789 4331 etiam
2836 4275 3052 4346 quidam
3101 4276 3332 4333 aliorum
3381 4278 3771 4349 prophetarum

2174 4368 2320 4423 clare
2339 4366 2536 4423 Christi
2560 4369 2966 4437 generationem
2995 4370 3478 4441 prophetaverunt,
3525 4380 3583 4426 et
3628 4370 3772 4424 illum

2174 4476 2388 4518 sacrum
2432 4460 2868 4533 ineliabilemque
2912 4471 3259 4533 conceptum,
3292 4469 3349 4517 et
3386 4471 3622 4518 matrem
3654 4472 3774 4533 post

2174 4548 2696 4623 partumvirginem
2743 4563 3171 4623 permanentem,
3229 4563 3284 4609 et
3334 4568 3527 4623 genus,
3580 4565 3636 4611 et
3682 4571 3774 4626 pa-

2179 4644 2362 4711 triam;
2415 4644 2504 4699 alii
2551 4660 2682 4700 vero
2735 4645 3078 4716 passionem,
3135 4654 3191 4701 et
3234 4648 3694 4704 resurrectionem
3740 4664 3767 4702 a

2177 4736 2425 4805 mortuis,
2471 4743 2527 4792 et
2554 4737 2927 4792 ascensionem
2974 4736 3029 4792 in
3068 4737 3257 4804 caelos,
3288 4745 3345 4793 et
3372 4732 3630 4793 eventum
3661 4739 3770 4794 sin-

2176 4828 2421 4899 gularum
2469 4832 2926 4899 praesignaverunt
2977 4845 3182 4887 rerum.
3234 4830 3342 4887 Sed
3396 4831 3512 4887 Ι]ωο
3553 4832 3768 4903 quidem

2176 4937 2271 4978 eos
2316 4939 2424 4977 non
2470 4923 2746 4992 ignorasse
2799 4923 2940 4979 scire
2977 4924 3179 4995 poterit
3218 4923 3309 4994 qui
3360 4924 3530 4978 sacris
3578 4924 3770 4979 litteris

2174 5014 2459 5070 incumbit.
2506 5013 2775 5085 Josephus
2818 5023 3002 5071 autem
3050 5000 3383 5069 Matthathia:
3438 5017 3580 5071 filius
3609 5027 3771 5086 atque

2171 5106 2442 5171 sacerdos,
2475 5107 2557 5162 vir
2586 5106 2726 5179 apud
2763 5106 2978 5163 Judzeos
3021 5108 3407 5173 nobilissimus,
3439 5123 3542 5162 nec
3573 5124 3686 5165 non
3718 5118 3772 5163 et

2167 5199 2311 5270 apud
2358 5198 2633 5255 Romanos
2671 5198 3034 5268 dignissimus,
3082 5199 3189 5255 erit
3233 5200 3385 5254 testis
3443 5201 3510 5255 de
3541 5201 3771 5255 veritate

2165 5290 2361 5346 Christi
2385 5289 2683 5362 (Josephus,
2712 5290 2889 5361 Antiq.
2939 5289 3030 5344 lib.
3068 5306 3225 5358 xvnt,
3257 5308 3374 5362 cap.
3430 5290 3507 5361 6).
3562 5290 3766 5345 Vocare

2165 5399 2400 5455 namque
2447 5399 2570 5439 eum
2598 5383 2772 5438 virum
2800 5400 2910 5439 non
2955 5382 3137 5450 audet,
3193 5393 3451 5454 tanquam
3502 5384 3765 5442 factorem

2163 5479 2451 5548 insignium
2496 5493 2722 5549 operum
2762 5477 3190 5549 magistrumque
3239 5494 3558 5535 sermonum
3609 5495 3761 5535 vera-

2164 5572 2339 5626 cium:
2364 5570 2635 5625 Christum
2659 5585 2789 5625 vero
2815 5578 3001 5641 aperte
3022 5570 3287 5634 nominat,
3310 5580 3375 5625 et
3397 5586 3573 5640 ptume
3588 5572 3768 5626 crucis

2164 5663 2548 5743 adjudicatum,
2574 5672 2628 5718 et
2667 5663 2828 5718 tertia
2856 5663 2944 5719 die
2988 5662 3303 5733 apparuisse
3332 5661 3536 5727 vivum,
3570 5670 3628 5717 et
3658 5663 3763 5717 alia

2165 5756 2374 5814 inﬁnita
2397 5756 2657 5816 miracula
2682 5755 2751 5818 de
2776 5771 2843 5816 eo
2873 5771 2904 5813 a
2933 5756 3213 5830 prophetis
3240 5754 3443 5815 sanctis
3470 5770 3582 5812 non
3609 5754 3771 5828 igni»
