4006 6456
215 337 346 395 883

1349 332 1672 391 HISTORIA
1711 327 2151 384 TBIPARTITA.
2196 327 2475 385 LIBERI.

3425 323 3544 389 886

211 457 318 504 rat
353 462 482 504 esse
506 445 789 518 praedicta;
838 444 933 500 sed
960 445 1122 501 etiam
1160 444 1360 500 multos
1389 454 1514 500 tunc
1541 440 1831 506 exstitisse,
1862 441 1914 501 Α
1939 439 2117 494 biliter
2145 437 2427 508 apparebit
2454 453 2562 494 non
2589 440 2744 510 inops
2772 438 2905 496 Deo.
2954 437 3114 498 Nisus
3168 456 3285 498 sum
3332 445 3536 500 etenim

209 557 380 612 quos
414 539 589 608 elegit,
625 535 841 594 Gmcos
864 547 1025 609 atque
1051 537 1282 607 Iudaeos,
1313 546 1367 592 et
1395 539 1447 591 in
1477 536 1592 606 ejus
1620 549 1835 606 perma-

212 647 374 688 nere
408 631 716 695 dilectione,
747 638 907 700 atque
932 639 1149 699 gentem
1177 630 1243 685 ab
1272 645 1338 684 eo
1367 627 1698 683 nominatam
1738 640 1836 681 ne-

209 738 515 793 quaquam
537 720 794 776 defecisse
827 729 1070 776 testatur.
1103 718 1170 774 Et
1200 718 1331 774 mihi
1352 718 1563 773 videtur
1581 716 1839 786 quoniam

212 815 353 870 inec
386 813 650 880 referens,
677 813 829 883 quasi
871 812 1106 868 clamare
1149 812 1362 868 videtur
1388 797 1644 881 operibus
1670 807 1841 864 Deum

211 921 360 961 esse
394 904 684 968 Christum,
733 918 913 960 rerum
951 903 1223 960 miraculis
1253 902 1659 972 obstupescens.
1705 899 1843 954 Cum

210 1008 429 1053 autem
469 998 576 1053 hoc
603 996 845 1062 dixisset,
896 995 1058 1052 etiam
1088 995 1296 1050 medius
1326 994 1442 1064 ipse
1473 991 1793 1046 transcurrit
1821 1006 1835 1043 :

215 1089 284 1144 in
316 1089 477 1145 nullo
507 1097 684 1144 tamen
713 1088 1085 1144 contradicens
1107 1086 1450 1144 credentibus
1481 1086 1535 1139 in
1565 1099 1708 1146 eum,
1743 1099 1843 1153 po-

216 1185 461 1256 etiusque
499 1184 858 1241 consentiens.
894 1182 1018 1238 Harc
1045 1182 1206 1253 igitur
1233 1179 1491 1250 cogitanti
1527 1177 1656 1232 mihi
1685 1177 1846 1246 digne

216 1277 494 1334 mirabile
521 1279 689 1334 visum
713 1286 796 1334 est
822 1275 1078 1334 Hebraeos
1107 1278 1270 1332 etiam
1299 1283 1423 1330 ante
1445 1275 1578 1330 alios
1598 1273 1846 1329 homines

225 1371 304 1425 ad
351 1371 813 1427 Christianitatem
844 1387 951 1427 non
981 1370 1223 1441 potuisse
1245 1367 1508 1423 converti.
1557 1365 1692 1420 Nam
1723 1364 1849 1420 licet

217 1462 454 1534 Sibylla
482 1470 538 1517 et
563 1462 666 1518 alia
693 1477 950 1534 responsa
972 1462 1112 1533 apud
1129 1459 1354 1529 gentiles
1384 1473 1447 1514 ea
1466 1473 1586 1529 quas
1616 1457 1668 1511 in
1691 1456 1848 1512 Chri-

218 1564 324 1609 -sto
359 1561 522 1610 erant
549 1563 776 1609 ventura
831 1555 1194 1624 praedixerunt,
1246 1569 1354 1608 non
1401 1560 1582 1606 tamen
1629 1549 1698 1604 ob
1745 1549 1852 1603 hoc

220 1661 441 1700 omnes
470 1645 643 1701 Caeci
673 1644 739 1701 de
788 1644 1167 1700 incredulitate
1197 1641 1448 1715 culpandi
1495 1649 1637 1697 sunt.
1687 1639 1852 1695 Pauci

228 1749 505 1805 namque,
539 1734 632 1804 qui
658 1733 976 1789 videbantur
996 1734 1334 1799 eruditiores,
1369 1731 1636 1803 prmoipue
1665 1730 1851 1799 hujus-

1939 535 2114 605 primo
2150 533 2366 604 quidem
2395 533 2500 589 hoc
2526 548 2660 604 opus
2705 533 2772 590 ab
2809 535 3018 605 origine
3067 535 3252 593 mundi
3303 538 3538 608 dirigere

1944 627 2074 700 [ed.,
2124 625 2389 698 digerere]
2423 643 2436 680 :
2468 625 2564 682 sed
2592 625 2940 684 considerans
2985 630 3240 700 quoniam
3265 639 3321 688 et
3341 633 3432 688 alii
3456 643 3539 689 ta-

1942 719 2012 775 lia
2044 717 2287 775 fecerunt
2314 717 2484 790 usque
2512 717 2581 773 ad
2610 729 2820 790 tempus
2865 725 3044 791 suum,
3075 723 3127 778 id
3152 731 3255 790 est,
3287 724 3540 783 Clemens

1943 820 1997 868 et
2017 810 2314 882 Egesippus
2343 807 2749 882 sapientissimi,
2795 814 3198 871 successionem
3245 826 3539 889 sequentes

1943 905 2335 975 apostolorum,
2371 901 2759 973 Africanusque
2787 905 3147 975 conscriptor,
3193 914 3250 963 et
3276 906 3544 966 Eusebius

1944 995 2265 1066 cognomine
2293 993 2573 1065 Pamphili,
2605 996 2688 1050 vir
2707 996 2761 1051 in
2781 995 2973 1052 divinis
2997 995 3294 1068 Scripturis
3315 1009 3370 1056 et
3391 999 3545 1057 Grae-

1945 1098 2132 1145 carum
2161 1089 2334 1161 poetis
2372 1081 2539 1159 atque
2565 1082 2870 1145 rhetoribus
2901 1099 3280 1160 perscrutator
3300 1093 3547 1150 eruditis-

1947 1180 2150 1235 simus:
2198 1189 2322 1235 tunc
2355 1191 2457 1248 ego
2476 1193 2810 1249 quaecunque
2831 1181 2884 1235 in
2914 1179 3169 1241 Eeclesiis
3197 1185 3545 1254 contigerunt

1948 1279 2072 1342 post
2111 1269 2309 1326 Christi
2338 1270 2712 1326 ascensionem
2742 1271 2809 1326 ad
2843 1273 3026 1340 cmlos,
3054 1288 3223 1346 usque
3261 1275 3328 1330 ad
3356 1274 3562 1336 Licinii

1949 1361 2307 1432 dejectionem
2339 1350 2616 1430 colligens,
2649 1361 2702 1416 in
2733 1361 2943 1417 duobus
2971 1364 3152 1435 redegi
3188 1366 3374 1422 libris:
3405 1383 3551 1425 nunc

1950 1461 2154 1523 autem,
2183 1453 2396 1510 favente
2423 1453 2554 1520 Deo,
2579 1467 2699 1523 quae
2719 1461 2908 1524 postea
2930 1468 3310 1526 provenerunt,
3337 1461 3552 1531 aperire

1952 1547 2193 1602 tentabo.
2225 1545 2486 1614 Quocirca
2515 1544 2827 1601 memorabo
2853 1560 3043 1602 causas
3082 1548 3276 1618 quibus
3305 1549 3548 1618 interfui,

1953 1645 2008 1694 et
2048 1653 2078 1692 a
2106 1637 2401 1694 scientibus
2438 1643 2530 1692 aut
2557 1637 3047 1708 contemplantibus
3073 1653 3166 1694 eas
3211 1639 3410 1707 audivi,
3443 1649 3553 1698 tam

1954 1727 2010 1782 in
2052 1737 2238 1783 nostra
2283 1741 2446 1798 quam
2473 1735 2600 1782 ante
2628 1727 2876 1782 nostram
2898 1729 3305 1798 generationem
3349 1742 3548 1800 gestas.

227 1826 396 1880 modi
427 1826 739 1897 prophetias
788 1825 1188 1890 intellexerunt,
1241 1825 1556 1894 plerumque
1600 1823 1852 1877 metricas
1881 1840 1931 1901 Β
1956 1819 2288 1878 Caaterorum
2315 1836 2446 1876 vero
2473 1821 2774 1891 explanabo
2804 1822 3051 1876 notitiam
3081 1837 3152 1878 ex
3172 1823 3376 1893 legibus
3405 1825 3556 1894 posi-

231 1917 570 1986 ezistentes,
599 1926 654 1973 et
703 1917 1081 1973 disertioribus
1106 1917 1283 1971 verbis
1317 1916 1555 1985 prolatas
1585 1915 1649 1969 ad
1679 1931 1854 1986 popu-

231 2008 387 2062 lum.
430 2006 559 2061 Erat
587 2009 788 2077 itaque,
821 2008 958 2062 sicut
986 2007 1116 2061 mihi
1136 2007 1364 2073 videtur,
1397 2021 1643 2077 supernas
1673 2007 1855 2076 1)ιόγὶ-

231 2098 446 2153 dentize
476 2104 534 2152 ut
563 2097 630 2152 ad
657 2097 1002 2152 concordiam
1024 2097 1327 2152 futurorum
1369 2113 1476 2152 non
1520 2097 1697 2153 solum
1725 2112 1854 2167 pro-

231 2189 385 2260 priis
434 2189 711 2258 prophetis
759 2196 986 2243 ventura
1033 2188 1517 2255 committerentur,
1550 2188 1644 2244 sed
1693 2187 1858 2243 etiam

243 2295 326 2336 ex
361 2287 517 2349 parte
542 2279 828 2350 gentilibus
849 2319 863 2343 ,
894 2279 1058 2334 veluti
1087 2279 1132 2334 si
1159 2279 1279 2349 quis
1307 2279 1554 2335 melodis:
1581 2278 1858 2348 composi-

237 2382 363 2437 tor,
421 2380 643 2441 propter
671 2371 956 2426 utilitatem
983 2370 1255 2441 peregrini
1285 2371 1402 2425 soni
1449 2370 1584 2425 alias
1628 2369 1859 2426 chordas

235 2462 466 2533 plectro
497 2462 778 2528 discurrat,
813 2470 905 2517 aut
929 2477 1091 2532 super
1114 2477 1209 2516 eas
1236 2476 1355 2530 quae
1404 2467 1527 2516 sunt
1552 2460 1684 2516 alias
1723 2460 1860 2530 adji-

236 2553 384 2609 ciat.
415 2551 623 2608 Hebraei
673 2553 940 2623 siquidem
996 2553 1238 2623 pluribus
1299 2560 1357 2608 et
1404 2552 1858 2609 manifestioribus

240 2644 556 2716 prophetiis
576 2652 811 2710 utentes,
842 2645 893 2698 in
917 2646 1202 2714 praesentia
1241 2641 1445 2699 Christi
1465 2644 1706 2700 minores
1732 2650 1861 2700 sunt

242 2735 463 2790 inventi
498 2749 659 2803 quam
694 2731 888 2789 Graeci.
921 2732 1028 2789 Sed
1057 2748 1234 2802 neque
1265 2733 1371 2788 hoc
1396 2741 1550 2789 extra
1591 2733 1860 2787 rationem

241 2826 551 2893 videbitur,
581 2842 676 2881 cur
701 2842 772 2882 ex
818 2828 937 2882 aliis
963 2827 1212 2896 gentibus
1242 2835 1449 2880 tantum
1479 2823 1715 2881 Ecclesia
1744 2839 1863 2881 crec

243 2918 478 2974 didcrit.
525 2917 764 2972 Primum
791 2917 1032 2988 quidem,
1079 2917 1333 2988 quoniam
1379 2917 1490 2972 Deo
1518 2924 1729 2986 gratum
1757 2924 1858 2983 est,

244 3026 328 3066 ex
359 3011 626 3065 miraculis
655 3010 804 3066 nasci
823 3011 1150 3065 mutationes
1181 3010 1234 3063 in
1265 3009 1460 3064 divinis
1506 3007 1862 3077 maximisque

250 3102 522 3172 negotiis;
554 3101 751 3157 deinde
777 3102 902 3171 quia
943 3118 1052 3157 non
1079 3101 1315 3156 fortuitis
1343 3101 1632 3156 virtutibus
1657 3115 1861 3170 pracsu-

1961 1913 2031 1967 tis
2059 1926 2222 1968 causa
2251 1911 2544 1978 religionis,
2575 1919 2630 1966 et
2653 1925 2722 1966 ex
2748 1911 2991 1967 conciliis
3019 1928 3118 1982 per
3149 1921 3392 1984 tempora
3421 1931 3554 1970 con-

1961 2005 2187 2071 stitutis,
2212 2018 2275 2058 ac
2296 2003 2627 2058 novitatibus
2651 2003 2824 2070 factis,
2873 2012 2929 2060 et
2965 2004 3348 2075 imperialibus,
3391 2016 3564 2075 atque

1961 2094 2300 2150 sacerdotum
2327 2095 2589 2164 epistolis,
2633 2111 2861 2166 quarum
2903 2096 3022 2152 alia:
3049 2097 3264 2167 quidem
3295 2099 3558 2154 hactenus

1963 2185 2018 2240 in
2048 2186 2258 2255 palatiis
2294 2186 2642 2254 ecclesiisque
2685 2185 3076 2255 custodiuntur,
3118 2188 3234 2242 alia:
3274 2203 3403 2244 vero
3431 2203 3561 2259 pas-

1961 2275 2062 2331 sim
2091 2276 2234 2347 apud
2272 2276 2554 2346 diligentes
2583 2277 2946 2333 inveniuntur.
2979 2277 3344 2346 Quarumdam
3387 2281 3558 2336 ratio-

1963 2387 2087 2428 nem
2128 2371 2274 2445 [ma.,
2297 2371 2664 2438 Quorumdam
2690 2373 2923 2439 ratione]
2966 2374 3147 2444 potius
3185 2375 3473 2446 complecti
3503 2376 3564 2433 in

1962 2465 2067 2521 hoc
2106 2479 2272 2536 opere
2318 2465 2510 2520 melius
2539 2464 2835 2534 approbavi
2869 2473 3094 2536 propter
3137 2468 3566 2537 magnitudinem

1961 2559 2235 2622 lectionis,
2276 2566 2336 2612 ut
2371 2572 2562 2614 sensus
2607 2571 2792 2612 earum
2822 2557 3058 2614 breviter
3097 2559 3406 2616 indicetur:
3458 2559 3566 2621 nisi

1961 2649 2102 2706 forte
2128 2647 2371 2719 quaedam
2400 2649 2586 2704 venire
2613 2649 2822 2718 possint
2867 2649 2922 2706 in
2971 2649 3214 2720 dubium,
3247 2667 3344 2723 pro
3365 2653 3568 2722 quibus

1962 2740 2105 2811 apud
2140 2739 2337 2794 multos
2365 2746 2448 2795 est
2495 2739 2709 2794 diversa
2753 2741 3040 2796 sententia.
3097 2741 3250 2796 Tunc
3297 2743 3462 2809 enim,
3515 2743 3566 2798 si

1961 2829 2256 2902 quamlibet
2281 2829 2602 2898 scripturam
2641 2829 2881 2885 invenire
2910 2835 3157 2900 potuero,
3186 2840 3412 2902 propter
3436 2847 3568 2904 pro-

1961 2923 2238 2979 bationem
2265 2922 2506 2977 veritatis
2532 2937 2655 2978 eam
2682 2937 2887 2993 ponere
2909 2939 3015 2980 non
3043 2925 3256 2980 omitto.
3281 2923 3352 2982 Ut
3377 2936 3567 2984 autem

1963 3017 2142 3074 nullus
2182 3015 2520 3086 ignoratione
2567 3030 2748 3070 rerum
2803 3026 3021 3072 accuset
3073 3017 3386 3074 mendacem
3437 3033 3564 3076 esse

1966 3109 2448 3180 conscriptionem,
2479 3106 2781 3162 contrarias
2810 3107 3036 3176 legendo
3066 3106 3247 3163 forsan
3271 3110 3527 3180 epistolas
3546 3127 3584 3180 ,'

253 3195 377 3248 lum
405 3193 520 3263 ejus
545 3195 614 3249 ab
642 3194 797 3251 initio
845 3195 1130 3265 desperata
1172 3194 1436 3265 reperitur
1482 3207 1602 3249 esse
1653 3193 1859 3262 religio.

1969 3202 2247 3262 sciendum
2303 3209 2388 3256 est
2434 3201 2690 3270 quoniam
2737 3199 3026 3255 occasione
3073 3198 3336 3269 dogmatis
3381 3195 3580 3257 Ariani‘

249 3285 402 3340 Nam
444 3286 569 3342 licet
597 3287 832 3356 linguam
881 3287 950 3342 ad
997 3287 1361 3343 elocutionem
1391 3297 1484 3342 aut
1513 3286 1866 3360 pulchritudi-

255 3391 392 3432 nem
419 3377 686 3432 sermonis
713 3378 969 3433 disertam
1010 3394 1116 3434 non
1146 3379 1453 3445 habuerint,
1486 3395 1660 3448 neque
1692 3378 1866 3434 verbis

256 3479 358 3526 aut
382 3469 790 3540 probationibus
811 3470 1196 3541 philosophicis
1219 3477 1518 3538 uterentur,
1547 3469 1614 3524 ad
1635 3469 1866 3525 suaden-

257 3562 395 3617 dum
426 3571 603 3615 tamen
653 3577 760 3616 non
788 3563 857 3617 ob
901 3561 1007 3616 hoc
1031 3562 1211 3616 minus
1239 3547 1476 3616 studium
1504 3559 1604 3614 fuit
1632 3561 1739 3625 eis;
1769 3560 1867 3615 sed

259 3655 414 3711 exuti
440 3654 769 3719 substantiis,
802 3662 858 3708 et
885 3654 1027 3707 bona
1069 3652 1289 3724 prepria
1330 3659 1743 3707 contemnentes
1771 3660 1858 3705 at-

257 3757 373 3813 que
400 3742 606 3809 nudati,
633 3748 688 3796 et
716 3741 863 3796 velut
891 3741 944 3794 in
975 3741 1100 3796 aliis
1141 3740 1458 3810 corporibus
1486 3739 1713 3810 plurima
1746 3755 1867 3810 pes-

259 3836 511 3904 sjmaque
559 3840 826 3887 tormenta
876 3831 1250 3902 suscipientes,
1280 3840 1336 3886 et
1378 3845 1550 3900 neque
1591 3831 1867 3885 civitatum

260 3927 482 4000 populis
525 3925 794 3988 submissi,
847 3939 1024 3996 neque
1065 3923 1306 3993 iudicum
1337 3923 1716 3978 blandimentis
1748 3923 1867 3977 ille-

265 4021 367 4085 cti,
405 4033 580 4088 neque
609 4017 906 4072 terroribus
929 4015 1068 4072 forte
1094 4016 1357 4079 deterriti,
1389 4016 1596 4071 clarum
1626 4013 1868 4071 fecerunt

263 4109 534 4166 universis
573 4106 828 4176 quoniam
875 4122 973 4178 pro
1001 4107 1246 4160 maximis
1275 4105 1508 4176 prtemiis
1560 4103 1867 4173 hujusmodi

263 4200 568 4259 certamina
612 4197 959 4254 sustinerent.
1012 4198 1353 4268 Quapropter
1395 4211 1571 4265 neque
1613 4195 1868 4250 suasione

265 4291 561 4349 verborum
605 4304 742 4360 Opus
796 4297 933 4356 erat,
992 4288 1118 4344 dum
1167 4304 1264 4360 per
1307 4287 1498 4342 domos
1542 4286 1867 4342 eteivitates

265 4384 340 4439 ad
382 4380 706 4438 credendum
754 4363 840 4435 r'es
886 4381 1015 4450 ipsa:
1062 4378 1450 4449 compellerent
1500 4391 1618 4446 qua:
1665 4391 1868 4446 nequa-

266 4489 435 4549 quam
465 4473 710 4544 primitus
750 4462 1067 4527 videbantur
1097 4471 1310 4526 auditm.
1341 4468 1608 4524 Sozourav.
1628 4509 1645 4538 ,
1693 4467 1782 4523 lib.
1814 4483 1864 4534 ι,

269 4588 397 4641 cap.
426 4568 477 4635 1,
510 4584 564 4640 p.
596 4565 722 4623 598.

883 4701 1114 4759 CAPUT
1159 4700 1245 4756 IlI.

279 4803 412 4872 Quae
482 4801 638 4872 fuerit
690 4800 916 4872 intentio
963 4797 1238 4872 Sozotneni
1297 4794 1581 4872 historiam
1638 4796 1869 4872 conscri-

374 4866 526 4924 bendi
551 4911 569 4935 ,
613 4879 661 4925 et
701 4888 765 4925 ea:
812 4868 992 4941 quibus
1038 4869 1272 4938 priorum
1301 4877 1445 4937 gesta
1482 4866 1760 4937 collegerit.

351 4963 520 5018 Tanta
543 4978 672 5034 ergo
685 4963 864 5018 divina
895 4971 1056 5031 atque
1081 4959 1312 5014 mirabili
1336 4959 1636 5014 mutatione
1666 4959 1720 5013 in
1739 4961 1872 5016 orbe

280 5064 548 5110 terrarum
578 5054 734 5120 facta,
769 5055 841 5109 ita
870 5062 928 5108 ut
949 5060 1003 5108 et
1026 5051 1174 5122 prior
1195 5050 1402 5119 religio,
1436 5059 1490 5106 et
1513 5051 1658 5118 leges
1684 5053 1874 5122 patrias

281 5157 686 5218 spernerentur,
735 5145 953 5201 crudele
1001 5142 1158 5198 nimis
1185 5149 1304 5197 erat
1352 5139 1703 5212 Calydonium
1748 5141 1864 5210 qui.

283 5241 408 5298 dem
438 5256 647 5310 aprum,
693 5247 747 5294 et
774 5237 1166 5293 Marathoniam
1197 5243 1429 5303 taurum,
1472 5243 1528 5291 et
1553 5234 1658 5289 alia
1688 5233 1769 5288 his
1797 5233 1874 5288 si-

284 5333 430 5388 milia
461 5347 560 5402 per
587 5329 891 5402 provincias
939 5336 996 5384 et
1047 5328 1293 5383 civitates
1337 5327 1498 5390 facta,
1543 5333 1633 5380 aut
1680 5325 1876 5380 fabulis

285 5423 580 5492 divulgata,
609 5431 761 5477 tanto
791 5419 1058 5476 nobilitari
1086 5417 1282 5483 studio,
1307 5425 1366 5471 ut
1392 5416 1545 5470 multi
1567 5414 1878 5470 Griecorum

285 5525 342 5572 et
368 5516 734 5589 probatissimi
763 5512 1159 5582 conscriptores
1184 5511 1327 5566 circa
1357 5510 1484 5564 talia
1513 5509 1867 5575 laborassent,

285 5602 554 5665 scribendi
582 5607 843 5662 habentes
867 5604 1139 5675 ingenium
1174 5621 1184 5655 :
1209 5617 1295 5657 me
1325 5616 1452 5656 vero
1482 5601 1589 5655 vim
1610 5613 1746 5654 mea:
1765 5614 1877 5654 non

1969 3305 2026 3353 et
2047 3311 2236 3351 eorum
2263 3294 2354 3364 qui
2403 3300 2594 3364 postea
2625 3300 2751 3350 sunt
2796 3291 2997 3359 oborti,
3027 3291 3399 3349 discordantes
3428 3294 3573 3349 inter

1969 3387 2275 3442 alterutros.
2309 3383 2570 3439 Prassules
2601 3381 2987 3452 Ecclesiarum,
3028 3382 3223 3452 singuli
3255 3382 3324 3439 de
3372 3384 3571 3453 quibus

1969 3477 2258 3535 studebant
2302 3475 2415 3530 suis
2461 3473 2931 3529 c‘onsectatoribus
2982 3474 3314 3544 scribebant,
3368 3483 3425 3532 et
3468 3491 3572 3546 per

1970 3569 2196 3626 concilia
2227 3564 2537 3635 congregati
2566 3565 2933 3620 decernebant
2967 3579 3087 3636 qua:
3117 3565 3351 3634 vellent;
3383 3574 3438 3622 et
3465 3565 3584 3622 sibi

1969 3659 2241 3716 contraria
2268 3657 2560 3727 sapientes,
2600 3670 2701 3726 per
2741 3655 3042 3711 absentiam
3071 3672 3136 3712 se
3174 3672 3318 3730 saepe
3345 3658 3572 3713 damna-

1968 3751 2130 3816 bane;
2157 3757 2211 3806 et
2235 3762 2332 3818 per
2363 3755 2608 3816 tempora
2647 3745 2919 3816 principes
2945 3757 3011 3802 a’c
3053 3761 3310 3817 proceres
3354 3763 3569 3814 eorum,

1969 3861 2076 3916 qua
2104 3850 2355 3916 poterant
2381 3843 2582 3898 virtute
2622 3838 2934 3910 ﬂectebant,
2962 3851 3018 3897 et
3041 3842 3258 3898 sibimet
3284 3842 3584 3898 unanimes-

1969 3939 2257 4005 faciebant,
2304 3944 2365 3993 ut
2388 3951 2579 3993 eorum
2607 3949 2884 3992 consensu
2904 3941 3051 3990 recta
3097 3935 3278 3991 colere
3303 3943 3570 4004 putaren—

1969 4041 2076 4088 tur.
2106 4031 2212 4086 Alii
2235 4029 2504 4100 siquidem
2524 4029 2658 4094 istis,
2689 4027 2780 4083 alii
2805 4042 2938 4083 vero
2968 4026 3210 4083 faventes
3239 4026 3367 4094 illis,
3396 4027 3570 4083 colle-

1971 4126 2208 4182 ctionem
2235 4122 2476 4178 fecerunt
2503 4120 2854 4191 epistolarum
2885 4133 2985 4190 pro
3026 4118 3218 4176 haeresi
3245 4119 3464 4190 propria
3485 4117 3574 4174 di-

1971 4225 2270 4283 rectarum,
2300 4226 2358 4270 et
2380 4227 2476 4269 eas
2503 4211 2607 4267 sibi
2651 4209 2950 4266 contrarias
2994 4208 3348 4278 reliquerunt.
3397 4209 3578 4265 Porro‘

1970 4309 2127 4364 nobis
2154 4304 2366 4362 dillieile
2401 4302 2558 4360 valde
2593 4299 2695 4357 fuit
2721 4307 2782 4356 ut
2827 4300 3193 4356 inveniremus
3219 4295 3401 4356 omnia
3447 4305 3574 4371 quas

1971 4405 2040 4461 de
2061 4403 2257 4459 talibus
2285 4407 2672 4471 provenerunt.
2711 4395 2848 4463 Quia
2873 4410 3006 4451 vero
3030 4395 3300 4466 pracipua
3328 4405 3458 4452 cura
3482 4410 3573 4452 ve.

1970 4495 2147 4552 ritatis
2181 4489 2425 4548 habenda
2465 4493 2567 4555 est,
2597 4495 2822 4560 propter
2848 4487 3086 4542 hiser
3115 4486 3432 4558 puritatem,
3471 4503 3571 4544 ne-

1892 4585 2263 4661 ncessarium
2292 4583 2424 4637 mihi
2453 4582 2630 4636 visum
2656 4587 2742 4638 est
2779 4580 2944 4636 etiam
2980 4579 3192 4637 litteras
3236 4579 3570 4650 hujusmodi,

1970 4691 2032 4738 ut
2059 4679 2159 4734 fuit
2205 4676 2368 4748 207‘
2394 4672 2668 4744 possibile,
2710 4671 3060 4742 perscrutari.
3089 4669 3148 4726 Si
3199 4671 3361 4742 igitur
3406 4673 3573 4728 etiam

1970 4771 2262 4829 seditiones
2307 4764 2706 4822 ecclesiasticas
2751 4764 2895 4819 inter
2935 4762 3225 4819 alterutros
3273 4771 3454 4831 gestas
3503 4762 3574 4817 de

1972 4863 2262 4938 praesulatu
2290 4860 2374 4916 vel
2393 4859 2464 4914 de
2499 4859 2709 4914 honore
2729 4857 3014 4927 primatus,
3046 4856 3278 4927 prepria:
3301 4854 3574 4909 haereseos

1976 4954 2493 5026 explanavero,~non
2521 4964 2686 5020 grave
2716 4957 2812 5004 aut
2838 4947 2995 5003 malae
3021 4945 3312 5003 voluntatis
3339 4959 3463 5000 esse
3488 4942 3572 4998 vi-

1978 5049 2187 5102 deatur.
2220 5042 2401 5097 Primo
2431 5053 2681 5109 namque,
2707 5037 2846 5094 sicut
2871 5037 3071 5092 dictum
3099 5041 3200 5097 est,
3231 5033 3572 5102 conscripto-

1977 5153 2093 5193 rem
2116 5134 2295 5191 omnia
2322 5131 2481 5187 decet
2522 5129 2737 5186 veritati
2775 5135 3121 5200 postponere,
3149 5124 3348 5180 deinde
3374 5121 3575 5193 dogma

1979 5226 2236 5283 Ecclesiae
2259 5222 2536 5280 catholica:
2555 5221 2900 5278 veracissime
2939 5219 3231 5284 declarare.
3268 5214 3426 5284 Quod
3467 5214 3575 5271 sci-

1980 5319 2108 5375 licet
2146 5317 2417 5372 invenitur
2456 5329 2600 5385 saepe
2645 5312 2864 5386 quidem
2905 5308 3340 5366 adversariorum
3370 5307 3578 5364 insidiis

1984 5407 2308 5479 impetitum,
2355 5412 2411 5460 et
2448 5412 2631 5461 tamen
2661 5411 2921 5472 tanquam
2966 5396 3220 5454 divinitus
3259 5397 3577 5455 roboratam

1980 5499 2035 5556 in
2063 5497 2282 5571 propria
2303 5498 2563 5553 mansisse
2591 5495 2809 5560 virtute,
2839 5500 2896 5549 et
2909 5489 3194 5548 universas
3223 5488 3492 5547 Ecclesias
3519 5495 3581 5546 el

1984 5591 2214 5664 populos
2241 5589 2308 5645 ad
2359 5604 2512 5646 suam
2566 5587 2794 5642 traxisse
2849 5583 3150 5640 veritatem.
3204 5581 3339 5639 Cum
3394 5582 3582 5650 itaque

291 5699 486 5754 inferre
517 5706 739 5763 naturae,
772 5707 828 5751 et
874 5673 1110 5752 historia:
1140 5693 1515 5750 ecclesiastica:
1555 5699 1709 5760 gesta
1757 5704 1883 5745 nar-
1986 5684 2200 5748 vellem,
2232 5681 2277 5737 si
2306 5688 2487 5735 tamen
2533 5678 2718 5734 liceret
2758 5675 2888 5750 [ed.,
2916 5673 3176 5747 deceret],
3207 5688 3270 5731 ea
3298 5673 3414 5730 sola
3441 5685 3579 5728 con-

292 5803 432 5842 rare.
479 5787 627 5842 Reor
654 5786 795 5841 enim
842 5786 1093 5854 quoniam
1124 5790 1440 5853 argumento
1463 5783 1542 5838 rei
1589 5781 1747 5851 hujus
1776 5794 1886 5835 non

1991 5777 2229 5831 scribere
2259 5788 2378 5842 quae
2416 5770 2483 5825 ad
2513 5784 2686 5825 meam
2726 5767 3044 5824 videbantur
3092 5767 3341 5824 notitiam
3381 5777 3581 5836 pene-

295 5878 362 5936 ab
390 5877 696 5938 hominibus
721 5877 986 5949 instituto,
1019 5875 1354 5948 conscriptor
1397 5888 1616 5948 quoque
1641 5870 1960 5967 inopina-ﬁ
1996 5871 2143 5931 uisse
2170 5867 2239 5930 de
2283 5864 2526 5926 Ecclesia
2556 5862 2628 5940 in
2670 5860 2918 5928 Romano
2961 5860 3192 5938 imperio
3235 5858 3650 5962 cautim?“
