3998 6344
429 269 539 331 887

1680 262 1753 320 M.
1794 259 2072 321 AURELII
2109 258 2508 321 CASSIODORI

3196 178 3280 189 Nn
3297 179 3329 189 Of

3611 267 3721 322 888

429 391 636 466 placuit
660 394 862 458 tamen,
887 376 1150 459 quantum
1174 383 1420 454 valuero,
1450 387 1512 439 ut
1536 366 1701 440 etiam
1727 383 1870 455 apud
1906 382 2028 439 Per-
2053 384 2112 445 Δ
2132 381 2407 440 occidens.
2441 381 2614 451 Quem
2641 382 2830 439 volens
2866 381 3252 445 Constantinus
3290 382 3619 457 opprimere,
3669 393 3729 441 et

430 500 523 542 sas
546 492 603 539 et
630 482 899 537 Barbaros
927 494 1045 550 quae
1066 485 1195 535 sunt
1220 485 1374 549 gesta
1399 476 1468 532 de
1504 476 1765 546 religione
1793 472 2031 531 conscri-

429 576 580 637 ham.
611 574 728 631 Non
749 581 929 630 autem
960 572 1252 630 absurdum
1282 572 1387 627 erit
1415 571 1483 626 ab
1512 571 1740 627 historia
1766 569 2028 625 ecclesia-

432 668 589 733 stica,
618 666 741 721 siin
765 666 870 722 hoc
894 680 1061 737 opere
1081 666 1246 721 etiam
1286 662 1365 719 illi
1393 662 1696 719 referantur
1734 663 1826 734 qui
1855 676 2030 732 quon-

432 762 557 817 dam
594 769 777 832 patres
823 768 879 816 et
929 766 1294 832 przeceptores
1344 756 1565 814 fuerunt
1617 755 2028 819 monachorum,

400 883 407 890 ε
433 860 531 909 aut
556 854 647 922 qui
676 862 800 924 post
826 867 921 909 eos
947 867 1046 923 per
1070 850 1436 908 successiones
1457 849 1614 907 utiles
1637 849 1901 919 visiisunt,
1926 848 2033 904 sic-

433 954 498 1003 ut
526 946 825 1003 audivimus
879 953 1041 1016 atque
1077 945 1440 1017 probavimus.
1491 943 1610 999 Non
1639 944 1783 999 enim
1804 948 1908 1025 aut
1934 957 2034 998 nos

432 1037 635 1109 ingrati
662 1054 782 1093 esse
810 1038 1131 1104 videbimur,
1173 1035 1523 1093 taciturnitati
1551 1034 1826 1107 tradentes
1863 1034 2035 1089 virtu-

438 1139 550 1187 tem
579 1146 766 1187 eorum
784 1148 799 1198 ;
817 1137 910 1186 aut
932 1130 1006 1184 illi
1037 1137 1282 1185 exsortes
1310 1134 1471 1184 erunt
1499 1126 1660 1196 hujus
1688 1126 1924 1181 historiae
1942 1126 2035 1196 qui

438 1231 605 1279 tanta:
633 1224 987 1295 philosophia}
1006 1220 1251 1294 exempla
1272 1223 1626 1293 reliquerunt,
1656 1221 1852 1291 quibus
1878 1230 2036 1277 uten-

440 1326 526 1374 tes
553 1318 776 1389 posteri,
806 1319 1119 1375 beatissimo
1147 1325 1203 1374 et
1243 1316 1555 1374 felicissimo
1584 1316 1691 1371 line
1736 1315 2031 1385 potientur.

438 1412 549 1469 Sed
579 1413 692 1469 haec
714 1412 929 1482 quidem
949 1426 1128 1468 sermo
1154 1410 1476 1483 procedens,
1498 1416 1559 1465 ut
1584 1408 1822 1479 potuerit
1849 1408 2038 1464 obser-

439 1505 609 1561 vabit.
656 1504 955 1561 Convertar
995 1519 1139 1562 nunc
1166 1503 1235 1560 ad
1274 1502 1642 1561 narrationem
1692 1515 1896 1567 rerum,
1946 1514 2036 1556 co-
2072 1552 2073 1555 η

440 1602 785 1665 operatorem
836 1596 1095 1652 invocans
1168 1595 1357 1651 Deum.
1412 1592 1551 1649 Hinc
1621 1592 1766 1648 enim
1819 1590 2038 1648 habebit

437 1702 679 1773 prmsens
701 1690 966 1761 scriptura
993 1689 1339 1761 principium.
1384 1686 1683 1758 Somnum,
1721 1685 1811 1743 tib.
1844 1702 1886 1757 ι,
1914 1702 2032 1757 cap.

440 1780 494 1851 1,
526 1798 577 1852 p.
611 1780 734 1837 400.

1050 1893 1280 1951 CAPUT
1317 1891 1404 1951 IV.

436 1987 485 2042 A
515 2007 624 2078 ξίαο
655 1999 881 2078 tempore
916 1992 1161 2076 .historia:
1216 1993 1337 2075 fecit
1379 1992 1620 2078 initium,
1676 2000 1727 2078 et
1778 1993 2032 2076 quomodo

511 2062 857 2135 Constantino
884 2064 1089 2135 signant
1115 2062 1281 2135 crucis
1321 2064 1628 2127 ostenditur,
1660 2074 1709 2118 et
1737 2062 1824 2133 qui
1869 2066 2033 2135 impe-

511 2142 711 2187 ratores
741 2142 790 2187 et
819 2133 1052 2189 Cwsares
1082 2152 1173 2206 per
1200 2134 1339 2189 idem
1366 2137 1509 2207 [uere
1531 2144 1748 2206 tempus.

510 2245 705 2316 Crispo
735 2254 793 2302 ct
822 2246 1179 2303 Constantino
1204 2247 1505 2303 Caesaribus
1533 2257 1695 2319 atque
1723 2248 2035 2306 consulibus

439 2336 461 2406 (
494 2336 644 2392 Anno
682 2336 753 2391 D.
787 2336 891 2391 522
919 2338 964 2409 ),
998 2337 1258 2393 Romana:
1285 2338 1503 2409 quidem
1540 2337 1795 2396 Ecclesim
1842 2340 2031 2413 Sylve-

435 2427 603 2483 strius
630 2427 974 2498 praesidebat.
1008 2428 1387 2485 Alexandrinae
1412 2438 1595 2487 autem
1623 2430 1948 2500 Alexander,
1977 2441 2035 2489 et

436 2513 940 2588 Hierosolymorum
978 2517 1260 2587 Macarius,
1300 2520 1615 2579 Antiochia:
1640 2538 1771 2579 vero
1800 2540 1921 2595 quae
1949 2533 2035 2582 est

435 2607 583 2679 apud
602 2606 861 2665 Orontem
892 2609 1000 2683 [ed.
1024 2610 1211 2679 Frob.,
1247 2610 1546 2687 Orientem]
1579 2624 1703 2687 post
1724 2616 2031 2674 Romanum

435 2701 681 2756 nondum
701 2702 985 2772 quisquam
1012 2703 1190 2761 fuerat
1218 2705 1518 2774 ordinatus,
1561 2712 2032 2781 persecutionibus

439 2794 651 2852 scilicet
677 2797 1108 2867 prohibentibus.
1152 2795 1272 2857 Non
1312 2800 1476 2872 longo
1505 2810 1629 2875 post
1676 2812 1941 2877 tempore,
1975 2808 2029 2863 hi

435 2887 604 2957 quiin
632 2887 812 2946 Nicma
852 2890 1069 2947 collecti
1095 2899 1239 2959 sunt,
1266 2894 1532 2963 sapientia
1580 2903 1638 2952 et
1677 2896 1907 2967 eloquiis
1934 2898 2030 2955 ad-

433 2979 698 3036 mirantes
746 2979 1113 3054 Eustathium,
1161 2984 1383 3055 dignum
1431 2987 1869 3058 approbaverunt
1913 2991 2029 3047 sedi

2136 473 2412 531 Romanos
2441 490 2471 529 a
2493 475 2733 530 cladibus
2756 473 3011 543 liberare,
3028 475 3301 545 cogitabat
3319 491 3481 545 quem
3502 475 3555 531 in
3576 474 3726 532 bello

2134 565 2306 625 Deum
2334 566 2559 623 haberet
2587 567 2788 623 auxilio
2837 583 2851 621 :
2895 566 3074 623 sciens
3117 567 3248 623 nihil
3292 567 3553 639 prodesse
3590 568 3727 627 deos

2136 672 2275 730 quos
2303 656 2675 716 Diocletianus
2700 658 3086 729 venerabatur,
3135 670 3192 715 et
3224 659 3351 731 quia
3398 659 3579 731 potius
3605 661 3728 731 ejus

2134 757 2312 821 pater,
2334 762 2667 821 paganorum
2697 756 3010 819 contempta
3051 749 3336 821 religione,
3369 748 3600 809 feliciter
3626 752 3725 808 ad-

2134 842 2377 899 vixisset.
2409 840 2705 908 Socna'rss,
2733 841 2823 896 tib.
2852 858 2892 908 ι,
2917 859 3033 913 cap.
3068 841 3124 911 2,
3150 860 3203 914 p.
3240 840 3293 899 5.
3360 866 3367 874 -

2206 934 2265 990 In
2308 934 2392 991 his
2420 948 2550 1003 ergo
2591 932 3038 990 sollicitudinibus
3058 935 3402 1003 constitutus,
3450 936 3509 992 in
3532 952 3728 995 somno

2135 1025 2270 1082 vidit
2297 1026 2474 1082 crucis
2500 1026 2710 1095 signum
2731 1026 2872 1082 ccelo
2898 1026 3192 1097 'splendide
3233 1028 3557 1085 collocatum
3586 1048 3601 1084 :
3626 1032 3732 1086 nii-

2136 1118 2387 1187 rantique
2412 1117 2676 1173 visionem
2710 1118 2836 1189 (An.
2860 1117 3020 1173 Dom.
3050 1118 3198 1191 515),
3232 1121 3519 1177 astiterunt
3545 1124 3729 1192 angeli

2137 1214 2377 1270 dicentes
2413 1231 2426 1267 :
2459 1212 2503 1268 O
2525 1212 2897 1284 Constantine,
2924 1214 2978 1271 in
2997 1214 3104 1272 hoc
3121 1217 3296 1274 vince.
3321 1218 3518 1275 Fertur
3542 1230 3730 1282 autem

2138 1316 2195 1365 et
2237 1307 2413 1378 ipsum
2458 1306 2732 1364 Christum
2769 1309 3081 1378 apparuisse
3110 1310 3182 1376 ei,
3227 1311 3546 1384 signumque
3574 1331 3735 1371 mon-

2138 1409 2341 1456 strasse
2365 1397 2559 1465 crucis,
2591 1413 2655 1454 ac
2681 1399 3004 1470 praecepisse
3048 1411 3107 1455 ut
3135 1402 3359 1471 figuram
3387 1405 3621 1464 similem
3648 1406 3733 1465 fa-

2139 1500 2309 1558 ceret,
2356 1490 2492 1547 etin
2540 1491 2737 1562 prieliis
2784 1492 3044 1548 auxilium
3088 1494 3193 1551 hoc
3220 1495 3476 1566 haberet,
3507 1515 3619 1570 quo
3652 1502 3735 1558 vi~

2140 1585 2464 1656 ctoriiejura
2510 1585 2876 1656 conquireret.
2923 1585 3185 1645 Eusebius
3233 1590 3417 1662 itaque
3460 1592 3733 1665 Pamphili

2141 1692 2263 1734 cum
2308 1676 2656 1747 jurejurando
2696 1677 2873 1749 ipsum
2900 1676 3281 1749 imperatorem
3329 1682 3606 1741 dicentem
3636 1701 3735 1741 au-

2059 1780 2108 1842 B
2132 1770 2294 1828 diissc
2316 1784 2376 1825 se
2399 1768 2581 1835 refert,
2606 1770 2729 1840 quia
2757 1769 2902 1826 circa
2944 1772 3247 1838 meridiem,
3276 1773 3590 1834 declinante
3615 1778 3729 1847 jam

2136 1865 2271 1932 sole,
2295 1864 2469 1920 crucis
2488 1865 2701 1935 signum
2739 1879 2809 1921 ex
2828 1865 3031 1922 lumine
3060 1864 3283 1935 factum,
3309 1876 3366 1924 et
3393 1870 3734 1942 scripturam

2136 1944 2445 2016 consertam
2474 1959 2524 2015 ei
2548 1957 2837 2025 dicentem,
2864 1975 3043 2027 iunoc
3064 1975 3242 2024 VINCE,
3272 1962 3507 2020 vidisset
3534 1964 3653 2035 ipse
3680 1974 3737 2023 et

2135 2050 2337 2107 milites
2356 2049 2593 2120 quicum
2624 2064 2691 2106 eo
2712 2057 2841 2107 tunc
2862 2058 3064 2108 essent.
3094 2051 3345 2124 Pergenti
3367 2072 3608 2128 namque
3636 2059 3735 2115 ali-

2134 2144 2279 2216 quod
2305 2158 2403 2215 per
2425 2141 2530 2197 iter
2561 2157 2687 2198 cum
2709 2142 2976 2211 exercitu,
3008 2143 3114 2199 hoc
3133 2187 3149 2213 ,
3177 2144 3374 2216 inquit,
3405 2148 3459 2203 ei
3498 2149 3735 2206 miracu-

2135 2237 2247 2294 lum
2278 2243 2361 2293 est
2387 2242 2685 2292 ostensum.
2722 2234 2966 2306 Dumque
2991 2238 3258 2308 cogitaret
3283 2239 3415 2310 quid
3433 2250 3602 2309 esset,
3625 2259 3734 2301 nox

2134 2331 2465 2403 supervenit,
2489 2337 2545 2386 et
2568 2329 2854 2387 dormienti
2874 2329 3118 2388 Christus
3145 2333 3395 2404 apparuit
3422 2350 3548 2390 cum
3576 2336 3731 2405 signo

2134 2423 2281 2495 quod
2306 2421 2442 2479 vidit
2468 2422 2522 2477 in
2553 2420 2713 2489 coelo,
2754 2421 3023 2492 jussitque
3067 2429 3127 2477 ut
3166 2423 3321 2479 ﬁeret
3346 2422 3467 2494 ejus
3497 2426 3639 2495 signi
3671 2428 3733 2480 ti-

2133 2514 2368 2585 guratio,
2389 2528 2511 2584 quae
2539 2514 2680 2571 foret
2707 2514 2967 2570 auxilium
3009 2516 3066 2570 in
3094 2518 3569 2586 congressionibus
3592 2535 3732 2592 pra:-

2132 2603 2350 2661 liorum.
2381 2603 2676 2675 Somnum,
2697 2604 2789 2661 lib.
2820 2622 2862 2673 ι,
2892 2622 3008 2678 cap.
3031 2606 3088 2677 5,
3115 2624 3175 2679 p.
3204 2607 3328 2664 405.

2756 2742 2985 2799 CAPUT
3030 2743 3090 2800 V.

2134 2832 2793 2910 QuomodoConstantinus
2814 2833 3169 2910 Christianum
3190 2836 3381 2910 dogma
3397 2842 3694 2910 cognoverit
3707 2860 3724 2907 ;

2308 2914 2358 2961 et
2385 2906 2449 2960 de
2477 2906 2744 2961 miraculis
2771 2908 2968 2974 crucis,
3000 2915 3051 2961 et
3074 2916 3236 2962 morte
3261 2906 3544 2965 Maxentii.

2200 3000 2443 3072 Cumque
2462 3002 2574 3072 jam
2602 3016 2738 3072 Opus
2766 3016 2874 3057 non
2895 3010 3037 3057 esset
3068 3002 3383 3073 interprete,
3410 3004 3507 3059 sed
3535 3016 3727 3076 aperte

436 3073 750 3143 apostolicaa
776 3077 1092 3147 praesidere;
1124 3086 1179 3135 et
1203 3096 1324 3137 cum
1349 3090 1495 3138 esset
1530 3084 1817 3155 episcopus
1836 3086 2026 3143 vicina:
2129 3090 2442 3161 imperatori
2474 3098 2829 3148 monstratum
2859 3092 3046 3148 fuisset
3095 3094 3226 3163 quid
3254 3094 3321 3149 de
3363 3095 3478 3151 Deo
3502 3073 3729 3153 credere

434 3161 660 3231 Bermaz,
695 3180 817 3221 eum
846 3166 901 3221 in
923 3166 1264 3226 Antiochiam
1286 3173 1690 3231 transtulerunt.
1720 3175 1871 3233 Tunc
1899 3193 2028 3249 ergo
2058 3162 2107 3228 α
2136 3184 2473 3249 conveniret,
2499 3199 2627 3241 mox
2656 3184 2745 3240 die
2782 3184 2925 3240 facta
2946 3161 3255 3242 sacerdotes
3294 3186 3495 3242 Christi
3524 3203 3729 3246 convov

435 3254 733 3313 Christiani
754 3260 1047 3318 orientales
1065 3263 1283 3333 quidem
1303 3281 1476 3337 usque
1495 3267 1566 3323 ad
1584 3270 1843 3327 terminos
1859 3271 2027 3346 {Egy‘

434 3348 519 3418 pti
547 3350 692 3405 circa
742 3349 965 3424 Libyam
1006 3366 1432 3424 commorantes,
1481 3375 1591 3416 non
1630 3366 2030 3432 priesumebant

434 3445 629 3507 aperte
658 3439 721 3498 in.
740 3440 1000 3499 ecclesias
1028 3448 1337 3515 convenire,
1364 3464 1486 3505 cum
1520 3449 1759 3510 Licinius
1787 3454 2027 3513 favorem

436 3541 603 3596 quem
631 3528 684 3584 in
708 3545 803 3585 eos
831 3531 1095 3590 habuerat
1133 3547 1513 3607 permutasset.
1556 3542 1664 3598 Sed
1708 3560 1885 3615 neque
1931 3562 2030 3619 per

438 3616 787 3677 Occidentem
812 3621 1091 3693 Helladici,
1123 3628 1209 3684 vel
1248 3629 1593 3703 Macedones,
1633 3645 1690 3692 et
1732 3616 2027 3710 Illyrici'li-

436 3719 628 3769 center
654 3712 708 3769 in
738 3715 1000 3787 religione
1028 3719 1295 3778 durabant
1334 3735 1555 3797 propter
1592 3726 2026 3799 Constantinum,

437 3804 531 3874 qui
557 3806 806 3878 princeps
833 3818 950 3864 erat
976 3809 1032 3865 in
1054 3812 1138 3869 his
1158 3815 1401 3884 partibus
1429 3817 1799 3878 Romanorum
1829 3824 1849 3897 (
1877 3826 2030 3883 Anno

439 3893 512 3949 D.
561 3895 666 3952 515
691 3896 735 3970 ).
768 3898 904 3956 Huic
946 3904 1088 3958 enim
1115 3904 1235 3961 viro
1278 3916 1335 3962 et
1388 3908 1491 3965 alia
1533 3912 1752 3982 quidem
1799 3893 2029 3987 plurima

437 3995 629 4058 postea
649 3991 964 4059 provenisse
985 3996 1339 4067 percepimus,
1356 4000 1548 4070 quibus
1571 4002 1743 4061 ﬂexus
1768 4014 1851 4062 est
1874 4006 2030 4064 Chri-

437 4081 740 4140 stianorum
770 4085 965 4157 dogma
993 4090 1275 4160 venerari;
1303 4094 1575 4167 praecipue
1604 4104 1784 4154 tamen
1809 4107 2031 4172 propter

435 4170 649 4240 signum
673 4174 816 4245 quod
845 4176 898 4231 ei
925 4177 1181 4236 divinitus
1203 4189 1480 4241 ostensum
1496 4193 1595 4241 est.
1615 4170 2024 4258 Somnus—lib.

438 4270 480 4331 1‘,
508 4280 624 4334 cap.
647 4263 703 4334 2,
732 4284 784 4337 p.
816 4266 942 4324 405.

509 4353 579 4451 iit
601 4361 859 4425 quoniam
889 4364 957 4420 ad
983 4366 1099 4424 haec
1127 4370 1390 4440 venimus,
1435 4374 1598 4443 paulo
1642 4374 1804 4433 latius
1829 4377 2030 4451 aliquid

436 4446 756 4506 referamus.
784 4451 919 4509 Cum
948 4457 1311 4519 Diocletianus
1352 4469 1407 4519 et
1440 4464 1795 4525 Maximianus
1820 4446 2027 4527 Hercu-

2132 3290 2283 3343 cans,
2316 3275 2384 3331 de
2414 3276 2667 3346 dogmate
2716 3266 3054 3333 consulebat.
3089 3277 3157 3332 At
3204 3277 3281 3334 illi
3328 3294 3517 3337 sacros
3561 3281 3725 3339 libros

2132 3367 2442 3437 offerentes,
2473 3368 2543 3423 de
2570 3367 2783 3425 Christo
2813 3369 3192 3440 loquebantur,
3243 3387 3447 3444 suaque
3481 3374 3629 3432 dicta
3658 3392 3725 3433 ex

2130 3460 2466 3533 propheticis
2496 3462 2943 3533 comprobabant.
2971 3463 3195 3535 Signum
3221 3480 3351 3522 vero
3390 3467 3536 3537 quod
3552 3484 3721 3541 appa-

2130 3562 2319 3611 ruerat
2366 3556 2439 3625 ei,
2469 3555 2723 3611 dicebant
2752 3564 3013 3628 tropaeum
3054 3573 3177 3615 esse
3202 3559 3442 3616 victoriae
3463 3562 3725 3621 adversus

2132 3646 2432 3714 infernum,
2463 3663 2625 3719 quam
2652 3649 2939 3707 victoriam
2986 3652 3283 3708 ascendens
3330 3652 3386 3709 in
3416 3654 3588 3711 caelos
3614 3657 3723 3726 egit

2133 3739 2400 3809 Christus,
2430 3741 2715 3798 crucifixus
2742 3750 2797 3797 et
2841 3753 3115 3813 mortuus,
3148 3754 3203 3801 et
3231 3746 3390 3805 tertia
3428 3746 3519 3803 die
3546 3764 3722 3805 resur-

2132 3845 2287 3902 gens,
2313 3835 2607 3889 secundum
2635 3835 2777 3906 quod
2793 3836 3115 3907 sperandum
3136 3852 3255 3894 esse
3282 3838 3572 3895 dixerunt:
3598 3842 3721 3910 quia

2132 3930 2257 3992 post
2297 3923 2453 3994 hujus
2478 3924 2598 3979 vitae
2644 3924 2933 3979 terminum
2976 3926 3120 3982 circa
3150 3925 3308 3983 ﬁnem
3354 3930 3543 3986 saeculi
3581 3947 3716 4002 prie-

2132 4016 2322 4083 sentis,
2350 4031 2538 4073 omnes
2560 4018 2804 4075 homines
2830 4027 3131 4090 resurgant,
3165 4029 3219 4076 et
3245 4021 3578 4079 immortales
3603 4025 3718 4080 exi-

2131 4114 2278 4164 stant
2308 4125 2322 4162 :
2351 4107 2443 4165 alii
2495 4109 2711 4180 quidem
2739 4110 2806 4166 ad
2839 4112 3057 4183 praemia
3084 4129 3265 4169 rerum
3288 4154 3304 4183 ,
3352 4117 3549 4186 quibus
3581 4118 3721 4175 bene

2132 4200 2410 4268 vixerunt;
2443 4198 2534 4256 alii
2564 4202 2632 4256 ad
2660 4203 2947 4276 supplicia,
2974 4220 3041 4261 eo
3071 4207 3215 4277 quod
3240 4209 3309 4264 ab
3332 4209 3412 4264 eis
3439 4211 3585 4265 mala
3615 4212 3726 4269 sint

2132 4304 2303 4367 gesta.
2331 4293 2461 4353 Esse
2487 4304 2668 4353 tamen
2704 4298 2870 4354 etiam
2914 4298 2969 4356 in
2998 4299 3210 4357 delictis
3238 4316 3357 4372 qua:
3380 4304 3725 4360 committun-

2132 4395 2222 4444 tur
2245 4388 2334 4445 hic
2371 4390 2707 4446 occasionem
2755 4391 2945 4448 salutis
2993 4391 3536 4466 puriﬁcationemque
3588 4413 3722 4468 pec-

2134 4480 2281 4536 cati:
2312 4480 2553 4537 nondum
2591 4480 2815 4538 initiatis
2852 4483 3068 4555 quidem
3105 4485 3446 4556 baptismatis
3475 4488 3727 4559 adeptio«

435 4536 542 4641 lius
571 4539 837 4609 privatam
864 4546 1155 4616 elegissent
1180 4552 1379 4625 vitam,
1406 4562 1464 4612 et
1500 4556 1821 4617 Maximinus
1869 4559 2028 4618 Gale-

2364 4536 2371 4537 ,
2772 4536 2809 4538 ,_
2860 4536 3067 4555 την-π,
3105 4536 3444 4556 ﬁrm“---
3477 4536 3695 4559 ---τπ-

2136 4587 2255 4628 nem
2277 4572 2574 4629 secundum
2615 4574 3036 4632 ecclesiasticam
3065 4576 3259 4647 legem,
3286 4580 3448 4653 208
3495 4580 3727 4639 initiatis

434 4629 571 4723 rius,
603 4634 695 4703 qui
736 4650 860 4692 cum
889 4640 968 4697 eis
996 4642 1372 4716 imperaverat,
1407 4658 1595 4708 tenens
1637 4651 1863 4723 Italiam,
1893 4654 2028 4714 duos

435 4721 679 4781 Ciesares
701 4725 934 4797 fecisset,
963 4732 1313 4795 Maximinum
1342 4740 1397 4796 in
1415 4740 1653 4811 Oriente,
1685 4752 1740 4800 et
1766 4721 2028 4803 Severum

429 4816 487 4873 in
518 4816 672 4875 Italia
696 4820 867 4892 (Anno
889 4822 985 4880 Ch.
1017 4827 1174 4900 506);
1205 4837 1335 4888 tunc
1378 4832 1762 4894 Constantinus
1806 4839 1862 4894 in
1906 4837 2026 4894 Bri-

370 4968 379 4987 :
432 4910 619 4997 tannia
648 4920 805 4982 patre
828 4922 1046 4973 mortuo
1066 4919 1346 4977 ordinatur
1369 4923 1664 4995 imperator
1688 4926 1863 4997 primo
1882 4943 2026 4985 anno

429 4996 757 5071 olympiadis
782 5001 908 5069 271,
948 5006 1036 5063 die
1081 5008 1150 5063 27
1178 5008 1303 5066 Julii
1352 5014 1574 5069 mensis.
1621 4996 1808 5072 Romae
1837 5032 1964 5075 vero
1993 5034 2025 5075 a

428 5090 775 5157 praetorianis
802 5096 1062 5154 militibus
1100 5098 1405 5159 Maxentius
1454 5104 1764 5164 Maximiani
1791 5107 2030 5168 Herculii

428 5180 576 5239 ﬁlius
622 5186 922 5259 imperator
959 5192 1274 5249 instituitur.
1316 5194 1455 5253 Hinc
1501 5200 1619 5272 ejus
1665 5210 1821 5273 pater
1857 5205 2029 5277 impe-

430 5275 589 5332 randi
610 5279 865 5349 cupidine
890 5283 1063 5340 voluit
1087 5285 1258 5343 tilium
1300 5278 1469 5359 regno
1499 5293 1745 5364 privare,
1776 5298 1922 5367 quod
1934 5275 2028 5355 fa-

430 5378 560 5423 cere
584 5372 846 5439 nequivit.
865 5371 1000 5433 Post
1023 5378 1138 5435 haec
1157 5387 1337 5437 autem
1368 5381 1537 5440 Tarso
1558 5386 1754 5443 Ciliciae
1780 5398 2025 5448 mortuus

430 5466 536 5513 est.
586 5457 758 5519 Porro
804 5463 1040 5525 Severus
1095 5469 1283 5528 Romae
1328 5484 1518 5531 contra
1565 5478 1891 5536 Maxentium
1929 5499 2023 5539 ve-

429 5548 610 5619 niens,
636 5554 869 5613 militum
890 5560 1201 5630 proditione
1227 5578 1538 5639 peremptus
1567 5580 1667 5627 est.
1702 5571 2025 5633 Maximinus

430 5650 617 5698 autem
642 5645 890 5707 Galerius
913 5653 1197 5715 instituens
1219 5659 1484 5719 Licinium
1506 5665 1825 5737 Augustum,
1856 5673 2026 5728 mori-

574 5734 808 5834 Proinde
836 5743 1138 5808 Maxentius
1170 5752 1356 5811 Romae
1386 5759 1531 5816 velut
1559 5734 1819 5834 tvrannus
1859 5768 2024 5825 habe-

426 5819 615 5896 batur,
644 5830 907 5893 adulteria
934 5840 1277 5911 impudenter
1304 5866 1562 5912 exercens
1582 5819 1647 5913 et
1673 5872 1861 5917 earum
1877 5861 2022 5921 viros

2136 4673 2318 4722 autem
2345 4666 2666 4735 custodiam,
2688 4682 2760 4723 ne
2786 4668 3121 4740 delinquant.
3152 4670 3261 4728 Sed
3285 4673 3413 4743 quia
3431 4674 3541 4731 hoc
3562 4689 3730 4747 agere

2134 4758 2357 4815 omnino
2385 4773 2682 4831 paucorum
2708 4768 3127 4835 sanctorumque
3155 4764 3396 4821 virorum
3423 4776 3529 4835 est,
3560 4768 3731 4827 doce-

2133 4849 2264 4907 bant
2283 4866 2500 4923 quoque
2526 4852 2956 4924 puriﬁcationem
2984 4857 3275 4913 secundam
3304 4874 3371 4914 ex
3402 4863 3728 4931 pmnitentia

2133 4946 2513 5015 constitutam;
2544 4946 2866 5004 clementem
2893 4950 3037 5005 enim
3066 4965 3187 5007 esse
3212 4950 3402 5021 Deum,
3426 4961 3483 5009 et
3506 4956 3729 5012 veniam

2134 5036 2375 5094 tribuere
2401 5038 2853 5109 delinquentibus,
2880 5041 2925 5097 si
2948 5042 3323 5112 paenitentiam
3368 5053 3597 5116 agentes
3617 5057 3732 5103 stu-

2135 5131 2298 5188 deant
2316 5147 2436 5189 eam
2460 5134 2716 5204 operibus
2736 5135 3017 5191 roborare.
3055 5135 3183 5193 Hice
3208 5138 3586 5196 sacerdotibus
3626 5155 3729 5197 ex-

2133 5224 2494 5294 planantibus,
2511 5227 2803 5283 admiratus
2821 5229 3116 5300 imperator
3139 5231 3450 5302 prophetias
3473 5233 3546 5289 de
3564 5233 3728 5291 Chri-

2135 5324 2221 5372 sto
2250 5317 2323 5372 ita
2352 5318 2666 5389 promissas,
2686 5319 2846 5390 jussit
2871 5321 3017 5377 viros
3042 5322 3283 5379 eruditos
3302 5338 3368 5380 ex
3398 5340 3533 5381 auro
3561 5335 3619 5381 et
3646 5328 3726 5383 la—

2133 5408 2343 5479 pidibus
2381 5410 2632 5479 pretiosis
2672 5411 2725 5465 in
2756 5412 3007 5467 vexillum
3038 5414 3210 5470 crucis
3238 5413 3631 5473 transformare
3653 5419 3729 5474 si-

2125 5515 2294 5581 gnum
2337 5502 2481 5573 quod
2509 5503 2775 5559 Labarum
2799 5505 3113 5562 vocabatur.
3166 5507 3281 5564 Hoc
3322 5510 3464 5566 enim
3508 5511 3725 5581 signum

2130 5594 2380 5649 bellicum
2410 5594 2551 5651 inter
2577 5596 2682 5650 alia
2719 5597 3008 5666 pretiosius
3033 5608 3172 5665 erat,
3219 5616 3287 5657 eo
3315 5603 3458 5672 quod
3485 5603 3725 5674 impera-

2130 5692 2301 5739 torem
2324 5684 2645 5754 praeeederc,
2666 5695 2719 5742 et
2740 5686 2953 5743 adorari
2970 5688 3020 5743 id
3044 5703 3075 5743 a
3090 5690 3345 5747 militibus
3366 5693 3534 5749 moris
3552 5705 3721 5753 esset.

2133 5773 2284 5831 Unde
2314 5779 2582 5846 prmcipue
2609 5776 3024 5837 Constantinum
3048 5796 3175 5838 reor
3201 5783 3592 5841 nobilissimum
3621 5787 3722 5843 de-

2130 5879 2225 5924 cus
2250 5866 2461 5941 imperii
2509 5867 2740 5929 Romani
2782 5871 2837 5932 in
2866 5872 3077 5944 signum
3130 5882 3369 5935 mutasse
3414 5876 3629 5947 crucis;
3661 5890 3721 5937 ut
