4006 6462
1755 229 1801 244 Vx

272 321 405 380 889

1401 316 1719 377 HISTORIA
1756 315 2192 377 TRIPABTITA.
2229 317 2435 379 LIBER
2467 318 2511 378 I.

3466 310 3579 392 890

268 435 563 508 frequenti
590 435 798 494 visione
836 443 1002 508 atque
1048 451 1180 494 cura
1225 435 1606 496 desuescerent
1647 454 1679 494 a
1711 439 1877 511 priori
1905 443 1960 504 Λ
1983 435 2176 493 damus
2201 437 2360 495 facile
2397 438 2640 510 potuisse
2665 441 2965 516 principem
2992 442 3143 517 loqui
3188 447 3452 520 Sopatro,
3483 459 3580 508 aut

268 546 450 589 more
493 531 756 602 subjecti;
801 538 856 586 et
891 545 1015 587 eum
1052 530 1229 588 solum
1273 531 1664 589 arbitrarentur
1709 532 1878 589 Deum

267 635 457 692 quem
485 621 690 678 coleret
708 622 1023 692 imperator,
1051 621 1138 677 vel
1163 636 1273 692 quo
1307 622 1444 678 duce
1469 631 1632 694 atque
1654 623 1881 680 auxilia-

266 719 414 771 tore
457 720 703 771 uteretur
746 713 1006 770 adversus
1052 714 1254 771 hostes.
1316 713 1543 786 Semper
1586 715 1731 772 enim
1773 714 1880 772 hoc

265 808 502 879 signum
529 809 931 880 proponebatur
967 815 1094 865 ante
1120 809 1336 866 ordines
1364 810 1644 875 universos
1661 849 1676 875 ,
1727 806 1877 878 quod

264 901 526 957 maxime
547 900 919 958 laborantibus
947 901 1168 958 aciebus
1209 900 1264 956 in
1292 900 1491 972 praeliis
1526 899 1717 957 adesse
1743 915 1879 970 prae—

265 992 546 1064 cipiebat.
580 990 876 1048 Constituit
905 992 1088 1062 itaque
1127 999 1306 1048 certos
1349 989 1650 1060 signiferos,
1701 989 1795 1061 qui
1822 989 1880 1045 in

265 1096 348 1140 eo
384 1082 726 1150 laborarent;
759 1097 990 1154 quorum
1010 1097 1148 1152 opus
1175 1088 1294 1137 erat
1319 1088 1378 1136 ut
1405 1079 1616 1136 vicibus
1638 1079 1879 1135 humeris

266 1175 552 1232 veherent
585 1173 738 1241 illud,
763 1181 820 1230 et
847 1189 1036 1230 omnes
1057 1174 1200 1230 acies
1227 1173 1304 1228 ita
1327 1173 1640 1229 lustrarent.
1683 1171 1880 1228 Fertur

263 1267 433 1323 enim
464 1265 702 1337 quidam,
725 1280 792 1322 eo
821 1265 966 1336 quod
993 1265 1282 1337 aliquando
1301 1264 1481 1322 ferens
1509 1266 1618 1322 hoc
1643 1265 1876 1334 signum,

267 1365 514 1427 repente
549 1355 797 1412 hostibus
818 1354 1192 1411 invadentibus
1247 1354 1572 1425 expavisset,
1611 1354 1876 1411 dedisset-

265 1463 393 1519 que
433 1448 566 1504 illud
593 1447 750 1504 alteri
780 1446 1190 1513 devehendum;
1238 1462 1469 1518 cumque
1496 1462 1557 1503 se
1594 1446 1663 1503 de
1691 1446 1878 1518 praelio

268 1539 647 1596 subtraxisset
678 1549 736 1595 et
757 1537 940 1609 jacula
967 1538 1293 1597 declinasset
1311 1577 1328 1603 ,
1374 1538 1554 1595 subito
1583 1553 1878 1610 percussus

266 1631 554 1700 interiit;‘
583 1631 674 1687 ille
706 1646 839 1687 vero
876 1631 970 1701 qui
1027 1646 1242 1687 sacrum
1285 1632 1525 1703 suscepit
1571 1640 1834 1703 tropaeum
1856 1673 1875 1700 ,

265 1722 470 1779 multis
496 1737 556 1778 se
590 1721 951 1792 jaculantibus
977 1723 1274 1793 permansit
1301 1723 1517 1780 illaesus.
1562 1722 1879 1781 Mirabiliter

265 1815 433 1870 enim
481 1814 664 1870 divina
712 1823 933 1884 regente
958 1815 1178 1882 virtute,
1207 1815 1417 1886 sagittae
1457 1815 1694 1873 hostium
1741 1816 1876 1887 lige-

266 1906 483 1962 bantur
512 1905 566 1961 in
605 1906 787 1974 signo;
818 1921 850 1961 a
888 1905 1144 1975 signifero
1198 1913 1382 1962 autem
1433 1908 1574 1965 inter
1629 1908 1871 1979 pericula

263 1998 530 2070 protinus
554 1998 860 2054 evolabant.
890 1998 1096 2054 Dicitur
1117 2006 1300 2054 autem
1344 2015 1520 2072 neque
1562 1999 1725 2056 alium
1774 1999 1876 2057 un-

265 2103 448 2158 quam
476 2088 632 2158 hujus
661 2088 798 2158 signi
838 2088 1144 2144 ministrum
1167 2129 1183 2157 ,
1212 2097 1273 2144 ut
1317 2090 1476 2157 solet,
1507 2091 1562 2146 in
1589 2090 1734 2148 bello
1759 2091 1878 2148 vul-

265 2194 417 2234 nere
443 2188 744 2246 mortuum,
790 2187 882 2234 aut
924 2179 1133 2237 cladem
1164 2180 1489 2252 captivitatis
1533 2197 1871 2256 per-pessum.

265 2269 692 2335 Sozousu.,lib.
725 2287 761 2339 ι,
795 2286 912 2340 cap.
937 2270 992 2338 5,
1022 2289 1075 2342 p.
1105 2270 1231 2326 404.

351 2362 688 2432 Congressus
731 2376 860 2432 ergo
909 2361 1052 2418 circa
1083 2372 1304 2434 pontem
1350 2364 1591 2422 Milvium
1618 2365 1766 2436 vicit,
1819 2366 1876 2424 in

270 2451 508 2508 ﬂumine
534 2459 727 2508 necato
754 2452 1048 2510 Maxentio.
1083 2452 1210 2508 Erat
1233 2455 1377 2511 enim
1415 2471 1590 2513 annus
1614 2457 1878 2528 septimus

271 2545 497 2616 imperii
526 2544 881 2603 Constantini.
931 2545 1077 2604 Inter
1101 2549 1219 2605 haec
1255 2549 1618 2608 Diocletianus
1665 2551 1878 2609 Salonae

271 2637 569 2695 defunctus
611 2647 692 2696 est
739 2640 873 2713 (An.
922 2640 1078 2700 Dom.
1127 2641 1294 2714 515).
1336 2642 1649 2714 δοωτεε,
1694 2647 1787 2703 lib.
1836 2663 1875 2716 ι,

272 2749 402 2804 cap.
433 2730 488 2800 Ξ,
519 2749 570 2804 p.
596 2731 651 2789 7.

905 2879 1134 2938 CAPUT
1172 2881 1260 2939 VI.

669 2994 752 3052 De
777 2994 1116 3068 derogatt'one
1134 3014 1479 3070 paganorum.

358 3107 478 3164 Non
503 3114 684 3163 autem
712 3107 902 3179 ignoro
930 3109 1057 3178 quia
1084 3107 1258 3165 Graeci
1286 3108 1529 3166 referunt
1568 3110 1880 3168 Constanti-

279 3212 456 3264 num,
488 3211 556 3253 eo
595 3198 740 3268 quod
780 3197 989 3269 aliquos
1025 3214 1230 3270 genere
1271 3200 1547 3272 proximos
1594 3203 1878 3262 occidisset

280 3288 303 3358 (
335 3288 439 3341 An.
469 3285 627 3343 Dom.
651 3287 818 3360 516),
861 3296 917 3345 et
963 3297 1287 3360 cooperator
1327 3291 1620 3362 exstitisset
1646 3293 1702 3350 in
1743 3309 1879 3353 nece

279 3377 382 3434 ﬁlii
409 3377 492 3434 sui
523 3379 733 3450 Crispi,
770 3380 1086 3450 paenitentia
1122 3382 1367 3448 ductum,
1398 3384 1468 3439 de
1505 3383 1882 3456 puriﬁcatione

279 3467 624 3526 consuluisse
653 3468 1035 3539 philosophum
1051 3469 1370 3548 Sopatrum,
1395 3475 1486 3545 qui
1516 3484 1759 3546 tempore
1786 3477 1880 3532 illo

279 3566 519 3630 praeerat
547 3560 600 3614 in
622 3560 750 3617 sede
771 3559 998 3629 Plotini;
1027 3563 1286 3634 illumque
1308 3566 1652 3637 respondisse
1677 3570 1877 3626 nullam

280 3669 409 3712 esse
446 3656 502 3710 in
546 3655 853 3727 hujusmodi
891 3657 1102 3714 delictis
1129 3662 1533 3731 purgationem;
1566 3662 1877 3719 Constanti-

280 3763 418 3804 num
444 3762 574 3804 vero
604 3748 706 3804 hac
729 3747 1108 3806 interdictione
1137 3753 1429 3823 turbatum,
1460 3753 1732 3812 invenisse
1758 3757 1877 3826 epi—

279 3853 480 3909 scopos
519 3839 613 3908 qui
653 3839 969 3910 poenitentia
1010 3856 1105 3896 seu
1134 3841 1457 3913 baptismate
1502 3846 1881 3916 promitterent

278 3945 410 3986 eum
439 3930 508 3986 ab
533 3931 782 3987 universo
805 3947 966 4001 posse
993 3933 1207 4003 purgari
1227 3933 1456 3991 delicto:
1483 3944 1613 3992 tunc
1634 3938 1879 4006 gavisum

278 4023 339 4080 in
388 4022 492 4078 illis
536 4023 629 4094 qui
683 4023 931 4079 dixerant
975 4024 1118 4094 quod
1164 4025 1401 4097 volebat,
1447 4028 1880 4101 admiratumque

277 4114 500 4182 dogma,
531 4113 732 4169 factum
761 4114 958 4172 deinde
984 4115 1365 4187 Christianum,
1397 4128 1450 4176 et
1479 4121 1548 4176 ad
1577 4123 1660 4177 sui
1689 4125 1880 4179 simili-

277 4203 529 4260 tudinem
573 4203 861 4261 deduxisse
909 4206 1200 4276 subjectos.
1250 4209 1378 4265 Mihi
1416 4221 1596 4268 autem
1625 4214 1878 4272 videntur

277 4299 401 4356 haec
430 4297 551 4354 ﬁcta
575 4299 644 4356 ab
689 4301 768 4357 eis
795 4301 888 4372 qui
914 4302 1132 4359 student
1157 4304 1399 4374 religioni
1439 4305 1756 4364 Christianae
1783 4312 1878 4368 de-

276 4391 525 4448 trahere.
552 4392 773 4462 Crispus
792 4394 1012 4462 etenim,
1057 4404 1274 4466 propter
1316 4412 1478 4467 quem
1521 4398 1707 4455 dicunt
1730 4400 1877 4458 Con-

275 4483 582 4540 stantinum
609 4485 820 4553 eguisse
858 4487 1199 4557 purgatione,
1239 4503 1382 4545 anno
1422 4487 1492 4544 20
1518 4491 1726 4563 imperii
1775 4509 1877 4564 pa-

277 4575 427 4634 terni
455 4575 736 4632 defunctus
758 4585 842 4634 est
872 4579 1014 4650 (:An.
1066 4578 1221 4638 Dant.
1253 4579 1401 4652 5'29).
1433 4582 1680 4650 Quicum
1703 4585 1879 4642 adhuc

277 4668 510 4733 viveret,
544 4668 738 4725 multas
763 4649 982 4727 cumreo
1009 4687 1109 4742 pro
1135 4649 1660 4746 Christianisposuit
1688 4677 1874 4748 leges;
1908 4649 1960 4711 D

279 4759 519 4816 secundo
546 4761 745 4831 quippe
773 4760 893 4817 loco
924 4762 1220 4820 honoratus
1241 4764 1468 4836 imperii,
1490 4776 1546 4823 et
1564 4765 1746 4825 Caesar
1763 4771 1878 4826 exi-

279 4861 467 4920 stens;
498 4854 637 4910 sicut
658 4854 822 4910 etiam
851 4871 994 4912 nunc
1021 4857 1324 4929 principum
1371 4862 1591 4918 nomina
1633 4874 1692 4920 et
1735 4874 1877 4922 tem-

282 4958 419 5016 pora
447 4943 659 5015 legibus
687 4945 932 5015 subjecta
975 4954 1260 5004 testantur.
1292 4947 1581 5021 Sopatrum
1606 4970 1738 5012 vero
1765 4973 1877 5014 non

283 5045 370 5095 est
397 5035 652 5093 credibile
695 5038 764 5094 ad
807 5039 1135 5111 colloquium
1179 5039 1518 5102 Constantini
1543 5049 1728 5105 venire
1773 5066 1874 5122 po-

283 5133 473 5200 tuisse,
499 5132 554 5188 in
582 5133 698 5189 sola
721 5131 922 5191 Oceani
941 5135 1082 5194 circa
1109 5137 1357 5196 Rhenum
1386 5149 1540 5211 parte
1559 5146 1832 5214 regnantis
1859 5165 1872 5201 :

283 5232 506 5295 propter
527 5223 884 5296 intentionem
908 5243 1038 5283 vero
1059 5237 1248 5284 contra
1275 5229 1604 5288 Maxentium
1633 5235 1873 5292 habitam

283 5315 512 5384 degebat
541 5316 596 5370 in
621 5315 793 5371 Italia.
825 5317 976 5373 Tunc
1003 5317 1245 5375 Romana
1273 5323 1575 5392 respublica
1622 5326 1874 5382 turbaba-

283 5415 406 5476 tu_r;
439 5415 495 5464 et
521 5424 630 5464 non
659 5417 775 5465 erat
802 5408 958 5466 facile
981 5419 1040 5465 ut
1083 5411 1326 5468 Britanni
1371 5422 1427 5470 et
1453 5414 1588 5470 Galli
1620 5420 1876 5474 conveni-

285 5473 404 5556 rent
430 5518 554 5558 cum
583 5503 688 5560 illis
719 5514 864 5572 tunc,
894 5503 1036 5574 apud
1066 5519 1201 5575 quos
1230 5518 1442 5562 censuit
1462 5506 1761 5564 Christiana
1785 5526 1874 5566 re-

284 5591 484 5664 ligione
513 5593 926 5651 Constantinum
953 5597 1350 5667 participatum,
1383 5598 1484 5654 nisi
1514 5599 1638 5654 dum
1684 5609 1874 5657 contra

285 5683 613 5744 Maxentium
643 5698 1136 5758 castrametaretur,
1167 5698 1222 5746 et
1251 5692 1504 5748 transiret
1528 5695 1595 5749 ad
1627 5694 1876 5752 Romam.

287 5774 477 5836 Testes
503 5790 682 5836 autem
727 5790 853 5838 sunt
898 5798 1082 5838 rursus
1125 5784 1318 5840 horum
1348 5792 1613 5858 tempora,
1643 5804 1744 5846 nec
1767 5805 1876 5847 non

290 5875 345 5925 et
369 5869 515 5941 leges
541 5884 676 5942 quas
703 5887 802 5944 pro
847 5872 1106 5944 religione
1145 5875 1341 5934 sanxit.
1379 5873 1447 5936 Ut
1475 5889 1652 5937 autem
1681 5895 1879 5941 conce-

1982 543 2080 600 per
2107 528 2396 599 epistolam
2443 545 2598 586 suam
2645 535 2980 593 consuluisse
3025 553 3125 609 pro
3171 539 3364 609 quibus
3391 541 3574 609 vellet,

1983 636 2092 676 non
2116 628 2200 677 est
2226 628 2408 677 tamen
2428 621 2720 679 verisimile
2749 624 3027 696 ignorasse
3048 627 3428 699 philosophum
3448 631 3575 700 quia

1983 707 2245 767 Hercules
2270 710 2539 766 Alcmenae
2562 721 2820 782 purgatus
2840 712 3065 771 Athenis
3088 725 3170 773 est
3194 727 3318 789 post
3346 717 3440 774 ﬁlii
3481 735 3577 776 ne-

1982 815 2103 858 cem
2131 803 2187 858 in
2210 802 2420 860 Cereris
2459 803 2662 872 sacris;
2709 811 2766 862 et
2809 806 2934 875 quia
2973 815 3097 877 post
3140 808 3356 881 llyphiti
3387 827 3575 868 necem

1982 897 2326 968 peregrinum
2357 904 2412 953 et
2439 896 2673 954 amicum
2717 899 2914 968 injuste
2958 902 3206 971 peremit.
3253 902 3386 959 Cum
3416 905 3578 974 igitur

1982 987 2156 1046 Graeci
2177 989 2233 1046 in
2261 989 2567 1062 hujusmodi
2595 991 2806 1050 delictis
2833 993 3208 1065 purgationem
3230 999 3573 1069 annuntient,

1981 1078 2254 1139 sufficiant
2278 1098 2397 1154 quae
2421 1083 2564 1140 dicta
2602 1093 2761 1152 sunt,
2794 1093 2852 1141 et
2897 1095 3153 1144 accusent
3181 1087 3249 1144 de
3289 1089 3576 1148 mendacio

1981 1185 2079 1226 eos
2107 1172 2200 1242 qui
2224 1173 2516 1244 Sopatrum
2542 1177 2815 1234 contraria
2845 1177 3200 1237 Constantino
3233 1183 3576 1253 respondisse

1982 1258 2276 1318 ﬁnxerunt.
2310 1264 2429 1320 Non
2457 1266 2602 1322 enim
2633 1268 2795 1326 credo
2819 1269 2935 1327 haec
2963 1271 3240 1342 ignorasse
3267 1281 3396 1331 tunc
3421 1275 3574 1332 nobi-

1981 1352 2250 1411 lissimum
2276 1357 2420 1428 apud
2456 1357 2674 1416 Graecos
2702 1362 3008 1420 eruditione
3045 1364 3366 1424 litterarum.
3399 1367 3569 1426 Sozo-

1982 1460 2133 1514 nam,
2157 1446 2245 1502 lib.
2279 1464 2317 1516 t,
2345 1466 2464 1521 cap.
2495 1449 2548 1522 5,
2569 1470 2623 1522 p.
2655 1451 2780 1508 406.

2591 1606 2820 1666 CAPUT
2859 1610 2971 1666 VII.

2285 1720 2365 1774 De
2395 1718 2705 1777 Constantio
2733 1732 2882 1794 patre
2907 1724 3254 1788 Constantini.

2052 1825 2219 1898 Igitur
2245 1827 2501 1888 Ecclesia:
2528 1834 2627 1890 sub
2656 1837 2917 1908 regimine
2940 1840 3281 1900 Constantini
3318 1846 3573 1906 alacriter

1981 1920 2232 1991 agebant,
2260 1934 2318 1980 et
2359 1925 2686 1996 quotidianis
2734 1930 2920 1988 diebus
2970 1936 3328 2006 augebantur,
3357 1941 3572 1999 favente

1982 2021 2039 2069 et
2067 2015 2320 2072 unanime
2366 2018 2643 2090 principe,
2677 2028 2733 2076 et
2778 2024 2960 2082 multis
3005 2041 3097 2084 eas
3136 2030 3412 2088 beneficiis
3459 2035 3572 2091 ele-

1978 2114 2142 2164 vante
2159 2109 2488 2183 [ed.,multis
2515 2113 2632 2184 ejus
2658 2115 2934 2175 beneficiis
2957 2119 3229 2194 elevatae];
3260 2138 3392 2194 quas
3408 2125 3570 2182 etiam

1977 2199 2130 2271 prius
2151 2202 2500 2262 inconcussas
2528 2207 2787 2266 Dominus
2817 2226 2848 2266 a
2876 2213 3129 2283 periculis
3159 2217 3434 2287 turbisquc
3454 2236 3571 2276 ser-

1976 2295 2144 2351 vavit.
2168 2295 2303 2352 Nam
2342 2313 2466 2355 eum
2506 2304 2910 2372 persecutiones
2957 2305 3194 2365 diversas
3222 2308 3478 2367 Ecclesiae
3515 2313 3572 2368 in

1978 2385 2086 2443 alio
2114 2395 2392 2456 terrarum
2447 2391 2582 2449 orbe
2635 2403 2971 2466 paterentur,
3028 2400 3176 2457 solus
3225 2400 3572 2462 Constantius

1979 2477 2321 2538 Constantini
2363 2495 2520 2556 pater
2559 2485 2789 2546 licenter
2816 2489 3134 2550 Christianis
3179 2494 3235 2551 in
3261 2511 3358 2553 sua
3395 2499 3575 2555 consi-

1977 2582 2124 2633 stere
2160 2577 2420 2648 religione
2449 2582 2736 2638 concessit.
2767 2583 3010 2656 Denique
3054 2587 3273 2658 aliquod
3317 2591 3426 2646 tale
3449 2606 3573 2648 eum

1979 2666 2302 2723 miraculum
2351 2677 2406 2724 et
2445 2672 2705 2727 memoria
2753 2673 2970 2743 dignum
3019 2676 3195 2746 egisse
3237 2679 3486 2747 cognovi.
3526 2680 3575 2736 Is

1980 2757 2128 2814 enim
2155 2759 2387 2829 probare
2418 2760 2608 2818 volens
2649 2764 2915 2834 quosdam
2943 2766 2997 2821 in
3023 2782 3144 2843 ⁷ειιο
3171 2769 3372 2840 palatio
3419 2771 3576 2827 Chri-

1980 2846 2210 2916 stianos,
2240 2848 2286 2904 si
2315 2848 2445 2906 boni
2475 2857 2530 2907 et
2557 2851 2718 2908 solidi
2744 2863 2926 2910 essent
2946 2856 3067 2922 viri,
3099 2872 3334 2916 evocans
3357 2861 3576 2918 univer-

1979 2953 2073 2996 sos
2099 2943 2355 3012 praecepit
2372 2941 2558 3000 dicens
2582 2960 2598 3011 ,
2631 2953 2690 3000 ut
2716 2946 2763 3001 si
2791 2946 3007 3016 quidem
3032 2950 3281 3006 venirent
3305 2951 3372 3007 ad
3410 2955 3580 3010 sacri-

1980 3027 2248 3086 ﬁcandum
2269 3038 2327 3088 et
2349 3033 2466 3103 ejus
2493 3033 2740 3093 colerent
2765 3035 2919 3107 deos,
2949 3039 3092 3096 circa
3123 3056 3247 3097 eum
3289 3052 3494 3114 essent,
3523 3053 3580 3102 et

1980 3121 2038 3180 in
2087 3137 2189 3180 suo
2239 3124 2454 3196 cingulo
2503 3136 2918 3198 permanerent;
2966 3131 3014 3187 si
3058 3147 3190 3189 vero
3226 3135 3578 3206 refugerent,

1981 3216 2370 3285 egrederentur
2392 3218 2461 3276 de
2484 3213 2695 3290 palatio
2709 3223 2910 3291 gratias
2930 3235 3154 3294 agentes
3179 3229 3326 3299 quod
3355 3229 3579 3287 minime

1984 3307 2326 3378 punirentur.
2373 3307 2619 3382 Cumque
2665 3312 2722 3369 in
2778 3321 3008 3386 utroque
3046 3320 3441 3389 apparuissent,
3487 3323 3580 3380 alii

1983 3400 2203 3472 quidem
2248 3402 2555 3460 desertores
2591 3405 2888 3476 religionis,
2921 3409 3013 3465 alii
3040 3425 3170 3468 vero
3216 3411 3394 3468 divina
3434 3430 3578 3485 prae-

1983 3493 2228 3549 sentibus
2250 3503 2664 3566 praeponentes,
2691 3497 3009 3557 deliberavit
3044 3502 3124 3558 eis
3152 3503 3338 3560 amicis
3367 3514 3422 3560 et
3449 3521 3581 3562 con-

1983 3586 2204 3646 siliariis
2228 3587 2307 3642 uti
2334 3588 2428 3658 qui
2453 3588 2510 3644 in
2537 3590 2852 3649 melioribus
2881 3593 3067 3652 fideles
3091 3604 3407 3654 constanter
3451 3615 3576 3670 pcr-

1982 3687 2327 3745 manserant;
2360 3679 2495 3736 alios
2522 3689 2700 3738 autem
2731 3683 2881 3738 velut
2909 3684 3249 3744 effeminatos
3277 3699 3578 3760 aversatus,

1983 3771 2196 3842 expulit
2225 3787 2257 3826 a
2285 3787 2384 3829 suo
2410 3773 2682 3844 colloquio
2709 3793 2722 3830 :
2755 3777 2985 3835 credens
3013 3795 3288 3851 nunquam
3317 3797 3411 3838 eos
3438 3783 3582 3839 circa

1982 3862 2284 3933 principem
2305 3863 2532 3921 devotos
2559 3862 2696 3931 fore,
2729 3867 2823 3936 qui
2849 3867 3046 3924 fuerint
3073 3870 3171 3925 Dei
3207 3870 3289 3926 sui
3316 3871 3395 3927 sic
3421 3887 3583 3943 para-

1984 3953 2180 4010 tissimi
2200 3955 2522 4025 proditores.
2551 3956 2620 4012 Et
2648 3958 2770 4015 ideo
2792 3959 2968 4016 adhuc
2996 3962 3285 4032 superstite
3310 3961 3579 4020 Constan-

1984 4047 2062 4104 tio
2089 4064 2200 4105 non
2221 4049 2505 4107 videbatur
2529 4061 2718 4109 contra
2738 4055 2930 4124 legem,
2947 4058 3252 4129 quempiam
3281 4073 3400 4115 esse
3419 4058 3579 4114 Chri-

1983 4141 2218 4197 stianum
2261 4145 2403 4215 apud
2431 4160 2527 4201 eos
2570 4147 2664 4214 qui
2703 4148 2843 4202 ultra
2873 4149 3076 4206 Italiam
3101 4193 3116 4218 ,
3166 4151 3492 4224 Galliasque,
3524 4165 3581 4212 et

1982 4227 2340 4297 Britanniam,
2372 4242 2429 4289 et
2454 4234 2546 4303 qui
2568 4235 2715 4292 circa
2739 4235 3054 4309 Pyrenaeum
3085 4241 3402 4298 habitabant
3420 4260 3578 4301 mon-

1982 4327 2092 4376 tem
2121 4335 2294 4392 usque
2321 4322 2390 4379 ad
2409 4325 2683 4382 Oceanum
2711 4327 3049 4400 Hesperium.
3095 4331 3229 4389 Cum
3276 4349 3406 4391 vero
3432 4334 3576 4393 Con-

1981 4413 2250 4472 stantinus
2288 4417 2343 4471 in
2372 4416 2490 4486 ejus
2536 4422 2886 4478 successisset
2936 4424 3246 4496 imperium,
3274 4429 3457 4498 potius
3484 4445 3574 4487 res

1981 4500 2239 4561 Ecclesia:
2279 4505 2650 4566 efﬂoruerunt.
2694 4509 2967 4568 Maxentio
3012 4515 3155 4570 enim
3198 4515 3432 4574 Herculii
3463 4519 3574 4576 filio

1984 4603 2288 4667 perempto,
2337 4614 2459 4654 cum
2487 4599 2603 4670 ejus
2629 4617 2756 4672 pars
2781 4603 3133 4662 Constantino
3173 4609 3444 4676 cessisset,
3463 4609 3574 4679 jam

1984 4688 2214 4747 licenter
2240 4693 2295 4747 in
2319 4686 2582 4764 religione
2607 4695 2862 4766 vigebant
2904 4699 2995 4771 qui
3023 4693 3166 4756 circa
3212 4700 3448 4759 Tiberim
3475 4703 3574 4757 llu-

1985 4783 2131 4839 vium
2172 4793 2229 4841 et
2281 4784 2578 4843 Eridanum
2609 4789 2806 4862 (quem
2854 4790 3055 4849 Padum
3084 4797 3444 4866 provinciales
3473 4811 3572 4866 ap-

1987 4875 2229 4949 pellant)
2257 4887 2681 4948 commorantur,
2697 4891 2754 4937 et
2773 4883 2865 4953 qui
2890 4885 3034 4942 circa
3060 4885 3308 4956 Aquilam
3336 4903 3574 4942 comma-

1987 4967 2221 5037 nehant;
2254 4970 2309 5025 in
2344 4986 2505 5041 quem
2533 4973 2713 5030 locum
2743 4991 2923 5031 sermo
2947 4977 3122 5034 fertur
3149 4980 3432 5035 advectam
3475 4995 3575 5034 na-

1980 5058 2130 5128 vigio
2160 5062 2323 5132 Argo,
2367 5071 2424 5118 et
2451 5063 2518 5118 ad
2556 5063 2894 5138 Tyrrhenum
2922 5069 3144 5140 pelagus
3169 5069 3332 5128 fuisse
3372 5071 3572 5142 perdu-

1981 5157 2146 5207 ctam.
2178 5152 2503 5222 Argonautae
2529 5157 2672 5212 enim
2701 5167 2919 5214 ventum
2942 5161 3177 5215 validum
3217 5160 3569 5230 declinantes,

1977 5257 2087 5297 non
2142 5243 2334 5300 eodem
2378 5247 2546 5318 269,
2568 5250 2780 5319 navigio
2825 5253 2879 5306 in
2921 5255 3261 5320 regressione
3302 5257 3569 5323 suntusi;

1982 5334 2077 5389 sed
2108 5340 2450 5393 transeuntes
2486 5354 2638 5395 mare
2676 5341 2821 5410 quod
2870 5355 3035 5410 super
3076 5342 3304 5415 Scythas
3334 5353 3438 5410 est,
3475 5363 3573 5417 per
3646 5359 3650 5363 ‘

1982 5422 2098 5480 hazc
2124 5421 2342 5480 ﬂumina
2364 5437 2628 5494 venerunt
2668 5431 2738 5485 ad
2771 5431 3032 5488 terminos
3055 5432 3344 5502 Italorum;
3376 5445 3431 5492 et
3483 5437 3573 5495 hic

1984 5512 2286 5572 hiemantes
2335 5518 2694 5575 condiderunt
2739 5520 3011 5576 civitatem
3057 5537 3177 5593 quae
3231 5535 3573 5598 nuncupatur

1985 5604 2262 5664 Emonia.
2296 5608 2509 5667 (Estate
2538 5627 2666 5668 vero
2703 5614 3571 5690 superveniente,cooperantibus

1984 5699 2064 5753 eis
2092 5701 2531 5769 provincialibus,
2561 5702 2674 5758 fere
2694 5704 3087 5774 quadringenta
3115 5709 3287 5764 stadia
3318 5717 3434 5766 arte
3461 5727 3571 5767 ωας

1983 5791 2206 5847 chaniea
2231 5792 2506 5849 trahentes
2533 5793 2679 5862 Arge
2709 5810 2805 5868 per
2835 5804 3029 5853 terram
3060 5799 3126 5855 ad
3156 5798 3374 5857 (luvium
3395 5802 3564 5875 Aqui-

1981 5882 2090 5945 lam
2119 5881 2481 5956 deduxerunt,
2510 5886 2603 5957 qui
2624 5888 2980 5962 permiscetur
3019 5889 3273 5954 Eridano.
3301 5893 3568 5956 Eridanus
