4006 6466
1877 331 1882 341 ν
1959 337 1968 344 ι
1979 332 2008 348 κ

326 437 431 494 895

1421 430 1741 490 HISTORIA
1777 429 2210 489 TRIPARTITA.
2251 431 2456 488 LIBER
2486 427 2530 489 Ι.

3481 423 3587 488 891

326 552 381 608 in
409 547 607 623 praelii:
632 547 885 604 adversus
910 546 1235 618 alienigenas
1263 548 1575 620 praeparatis
1592 587 1608 612 ,
1631 556 1691 602 ut
1735 546 1900 603 etiam
1925 546 1981 611 Α
2003 547 2360 604 consisterent
2392 566 2406 602 :
2442 547 2535 619 qui
2561 561 2691 604 vero
2718 547 2856 605 ﬁlios
2881 563 2992 605 non
3025 548 3364 620 habuisent,
3383 542 3590 608 medico

326 643 600 701 Sarmatas
622 644 864 700 vinceret
885 687 900 712 ,
942 653 1000 701 et
1021 645 1114 714 qui
1140 655 1399 702 vocantur
1427 644 1610 712 Gothi,
1644 655 1769 700 tunc
1797 661 1900 700 no-

323 737 542 793 vissime
578 751 740 792 causa
767 737 953 806 gratia:
982 737 1124 808 apud
1149 737 1512 795 eum°fmdera
1542 736 1900 793 celebrarent.

322 827 446 884 Haec
463 835 643 884 autem
653 842 784 898 gens
805 828 1084 885 habitabat
1111 839 1239 886 tunc
1265 829 1482 900 quidem
1509 836 1657 884 trans
1685 827 1903 884 fluvium

320 919 530 978 Istrum.
575 918 817 990 Cumque
837 922 1056 978 essetin
1083 921 1238 979 bellis
1258 935 1446 993 prona,
1479 930 1535 976 et
1561 919 1904 977 multitudine

319 1021 481 1082 atque
526 1012 892 1082 magnitudine
925 1029 1216 1085 corporum
1255 1014 1418 1069 armis
1457 1028 1672 1083 semper
1696 1013 1904 1069 exerci-

318 1112 458 1170 tata,
509 1103 632 1162 aliis
654 1104 872 1175 quidem
895 1105 1140 1161 barbaris
1168 1105 1521 1176 praevalebat;
1546 1103 1694 1160 solos
1722 1110 1902 1160 autem

315 1197 552 1253 habebat
578 1196 854 1253 Romanos
880 1197 1095 1254 sibimet
1117 1206 1501 1269 repugnantes.
1533 1196 1728 1253 Fertur
1755 1198 1902 1254 enim

313 1291 478 1348 etiam
505 1298 562 1348 et
603 1291 709 1348 hoc
742 1292 928 1363 prtelio
966 1292 1393 1348 demonstratum
1418 1289 1775 1348 Constantino
1804 1306 1903 1361 per

310 1385 464 1455 signa
485 1393 647 1457 atque
673 1386 882 1441 somnia
900 1393 1100 1455 quanta
1124 1384 1220 1441 Dei
1244 1384 1579 1457 providentia
1596 1392 1895 1455 regeretur.

309 1477 415 1545 Qui
465 1494 588 1534 cum
625 1487 936 1550 superasset
972 1479 1153 1534 omnia
1201 1478 1344 1535 bella
1386 1493 1507 1548 quae
1551 1479 1651 1532 sub
1679 1492 1746 1532 eo
1774 1485 1902 1533 sunt

309 1578 464 1641 gesta
493 1570 616 1643 (An.
646 1569 802 1626 Dom.
834 1569 964 1641 555)
989 1613 1005 1640 ,
1039 1571 1207 1627 veluti
1235 1585 1530 1640 repensans
1575 1567 1810 1636 Christo,
1843 1568 1899 1624 in

308 1663 426 1734 ejus
453 1663 723 1734 religionis
746 1661 927 1719 studio
947 1664 1117 1733 magis
1142 1664 1420 1732 magisque
1449 1661 1726 1717 fervebat:
1759 1661 1899 1718 hanc

307 1756 479 1812 solam
505 1770 689 1811 veram
729 1753 1000 1811 {alendam
1036 1769 1156 1810 esse
1184 1762 1239 1809 et
1267 1754 1559 1810 salutarem
1587 1751 1898 1807 existimare

305 1847 578 1919 subjectos
593 1847 805 1917 jubens.
835 1845 917 1903 Ex
938 1856 1082 1902 terra
1111 1862 1242 1903 vero
1271 1847 1484 1904 subdita
1505 1845 1605 1901 sibi
1629 1888 1642 1910 ,
1673 1855 1741 1900 ex
1763 1861 1896 1901 una-

2009 651 2173 698 tatem
2206 642 2519 699 relictorum
2556 643 2770 700 sibimet
2795 645 3132 700 amittebant.
3165 645 3466 704 Posuerunt
3491 662 3592 704 au-

2001 743 2114 793 tem
2142 737 2239 794 has
2268 737 2410 806 leges
2432 736 2672 806 antiqui,
2697 735 2941 793 volentes
2961 737 3190 794 Romam
3219 754 3337 796 esse
3361 739 3591 810 populo-

2002 845 2140 896 sam,
2161 846 2484 902 omnemque
2506 838 2703 886 terram
2726 829 3114 901 subjectam,et
3138 833 3265 902 quia
3283 848 3392 890 non
3416 833 3590 889 multo

2002 930 2129 979 ante
2153 923 2251 980 has
2271 923 2415 993 leges
2457 923 2718 992 plurimos
2743 923 2797 978 in
2825 922 3070 980 civilibus
3090 924 3246 980 bellis
3271 925 3584 982 amiserant.

2001 1015 2202 1073 Videns
2230 1017 2391 1087 igitur
2417 1018 2711 1089 imperator
2736 1017 2941 1074 idcirco
2956 1017 3100 1073 male
3129 1018 3353 1074 tractari
3382 1033 3476 1076 eos
3495 1018 3589 1088 qui

2003 1117 2225 1179 propter
2269 1109 2438 1165 Deum
2481 1109 2775 1180 virginitati
2817 1116 2873 1166 et
2914 1109 3034 1166 sine
3061 1109 3245 1166 liberis
3264 1124 3384 1167 esse
3410 1097 3592 1166 stude-

2002 1199 2163 1267 bant,
2195 1199 2398 1258 f‘atuum
2422 1201 2684 1271 judicavit
2718 1201 2996 1271 diligentia
3023 1210 3081 1259 et
3105 1201 3285 1258 studio
3312 1201 3593 1258 hominum

2001 1293 2171 1349 videri
2208 1309 2396 1351 eorum
2429 1296 2613 1365 augeri
2635 1310 2836 1366 genus;
2865 1311 2988 1352 cum
3033 1302 3226 1351 natura
3255 1309 3472 1366 semper
3499 1309 3592 1350 su-

2000 1401 2168 1458 perna
2221 1387 2598 1444 distributione
2643 1387 3050 1444 diminutionem
3079 1387 3344 1458 suscipiat
3371 1397 3429 1443 et
3456 1396 3592 1457 aug-

2000 1489 2260 1536 mentum.
2296 1479 2362 1535 Et
2391 1481 2566 1550 legem
2603 1481 2800 1551 populo
2833 1481 3114 1552 proposuit
3142 1481 3426 1547 universo,
3457 1494 3591 1550 qua-

2002 1579 2158 1627 tenus
2183 1571 2478 1640 mqualibus
2507 1571 2802 1641 privilegiis
2846 1571 3152 1626 fruerentur
3177 1570 3272 1640 qui
3301 1570 3420 1626 sine
3457 1584 3592 1625 con-

1995 1663 2212 1734 jugibus
2241 1672 2297 1719 et
2325 1664 2508 1721 liberis
2535 1672 2708 1730 erant,
2728 1664 2920 1734 quibus
2942 1663 3018 1719 illi
3045 1664 3137 1734 qui
3163 1665 3279 1720 haec
3307 1678 3366 1719 se
3386 1664 3589 1720 habere

1999 1755 2323 1824 gaudebant.
2368 1754 2474 1812 Sed
2524 1755 2686 1811 etiam
2727 1755 2957 1826 amplius
3007 1755 3209 1811 habere
3247 1753 3473 1809 sancivit
3497 1768 3594 1809 eos

2001 1847 2092 1918 qui
2121 1848 2174 1902 in
2204 1848 2550 1904 continentiae
2575 1848 2880 1916 virginitate
2901 1848 3187 1919 degebant,
3221 1847 3490 1904 licentiam
3512 1847 3592 1904 eis

305 1954 520 2012 quaque
544 1940 762 1996 civitate
788 1937 1104 2008 detrahens,
1126 1940 1398 2010 publicum
1423 1951 1736 2009 certumque
1763 1938 1890 2010 [ed.,
1923 1941 1973 2003 B
1999 1938 2244 2010 praebens
2273 1938 2525 1995 masculis
2549 1937 2889 2009 feminisque,
2920 1939 3047 1994 licet
3073 1946 3232 1994 aetate
3263 1938 3591 2006 minoribus,

303 2031 541 2103 publico,
567 2039 774 2088 certum
794 2073 810 2100 ,
842 2029 976 2102 etc.]
1006 2030 1236 2101 vectigal
1276 2031 1517 2087 ecclesiis
1546 2029 1894 2101 provinciali-

301 2125 404 2182 bus
447 2125 703 2198 cleroque
749 2124 1051 2193 distribuit,
1096 2133 1151 2180 et
1192 2125 1542 2181 donationem
1569 2123 1802 2180 validam
1839 2123 1896 2180 in

301 2226 624 2288 perpetuum
653 2231 774 2274 esse
801 2216 1046 2273 sancivit.
1091 2217 1423 2274 Assuescens
1452 2225 1634 2273 autem
1663 2215 1892 2282 milites,

301 2316 384 2378 ut,
433 2309 573 2366 sicut
613 2309 751 2380 ipse,
805 2308 976 2364 Deum
1009 2308 1274 2378 colerent,
1319 2308 1473 2378 signo
1503 2307 1676 2364 crucis
1705 2321 1894 2367 eorum

302 2415 452 2456 arma
475 2400 740 2470 signabat.
770 2398 830 2456 ln
859 2400 1126 2470 regalibus
1157 2414 1374 2470 quoque
1405 2399 1701 2456 oratorium
1730 2397 1894 2453 fabri-

300 2501 478 2561 catus,
503 2493 665 2548 etiam
685 2491 1091 2550 tabernaculum
1112 2491 1181 2547 ad
1211 2491 1380 2547 instar
1408 2491 1650 2548 ecclesiae
1669 2489 1894 2546 circum-

299 2583 505 2642 ferebat
529 2584 656 2640 dum
684 2585 942 2642 adversus
967 2585 1154 2640 hostes
1178 2593 1678 2650 castrametaretur;
1709 2589 1894 2653 quate-

300 2693 401 2734 nus
436 2691 536 2732 nec
563 2677 619 2731 in
649 2677 841 2732 itinere
888 2675 1090 2746 degens
1116 2677 1268 2746 ipse,
1311 2676 1396 2731 vel
1424 2676 1694 2732 exercitus
1737 2690 1893 2730 sacro

301 2769 504 2825 lumine
551 2768 914 2838 privarentur,
959 2783 1068 2839 quo
1114 2766 1336 2822 deceret
1362 2765 1572 2821 laudari
1601 2766 1804 2830 Deum,
1837 2772 1894 2820 et

300 2864 578 2920 orationes
601 2860 781 2917 oll'erri
799 2859 977 2934 [Μεδη
999 2861 1318 2918 decerneret
1336 2861 1624 2917 laudare...
1651 2859 1890 2933 offerre].

297 2955 677 3032 Sequebantur
701 2961 880 3010 autem
910 2952 1114 3024 pariter
1133 2951 1445 3008 sacerdotes
1477 2961 1532 3007 et
1558 2952 1771 3007 diaconi
1808 2960 1892 3006 ta-

296 3045 593 3102 bernaculo
619 3043 938 3111 servientes,
967 3042 1058 3112 qui
1083 3041 1376 3098 secundum
1405 3041 1578 3111 legem
1609 3040 1895 3097 ecclesias-

299 3136 467 3192 ticam
515 3151 793 3191 sacrorum
821 3133 1039 3190 ordines
1065 3133 1451 3203 adimplebant.
1485 3131 1562 3188 Ex
1592 3133 1684 3188 illo
1711 3142 1892 3190 autem

296 3226 665 3286 Romanorum
689 3226 944 3284 cohortes
967 3266 984 3294 ,
1015 3240 1134 3295 quae
1162 3239 1304 3281 nunc
1329 3222 1547 3280 Numeri
1573 3239 1891 3295 nuncupan-

2002 2038 2381 2086 testamentum
2409 2029 2587 2086 facere
2611 2038 2799 2086 contra
2823 2044 3164 2086 communem
3185 2028 3595 2100 legem.0mnes

1999 2121 2144 2178 enim
2191 2121 2331 2177 bene
2377 2122 2620 2192 cogitare
2659 2120 2939 2191 judicavit,
2976 2136 3206 2190 quorum
3260 2137 3397 2192 opus
3447 2129 3596 2177 esset

1996 2212 2166 2268 Deum
2192 2212 2406 2283 placare
2432 2227 2648 2284 semper
2677 2220 2732 2269 et
2758 2213 3113 2283 philosophiae
3143 2213 3326 2269 veraci
3371 2226 3588 2270 vacare.

1997 2305 2170 2376 Hujus
2195 2307 2339 2362 enim
2367 2307 2444 2362 rei
2475 2321 2634 2362 causa
2663 2314 2719 2363 et
2739 2308 2947 2378 antiqui
2969 2307 3338 2364 Romanorum
3370 2307 3597 2364 licenter

1998 2399 2178 2455 testati
2198 2397 2436 2466 virgines
2464 2398 2710 2455 Vestales
2737 2400 2900 2455 etiam
2931 2408 3087 2457 sexto
3113 2399 3292 2456 aetatis
3320 2399 3594 2456 curriculo

1997 2490 2374 2548 decreverunt.
2414 2489 2682 2547 Judicium
2714 2492 2897 2562 itaque
2939 2492 3232 2546 maximum
3275 2492 3597 2549 reverentiae

1995 2586 2069 2657 pii
2098 2585 2357 2656 principis
2387 2585 2528 2640 circa
2555 2585 2870 2654 religionem
2903 2584 3175 2657 fuitzquia
3198 2585 3397 2656 ubique
3424 2585 3597 2641 admi-

1995 2677 2339 2733 nistrantium
2371 2678 2665 2731 sententias
2694 2676 3038 2745 imperfectas
3063 2691 3182 2732 esse
3209 2674 3403 2744 voluit,
3432 2685 3488 2732 et
3521 2676 3592 2731 ad

1997 2770 2283 2839 episcopos
2311 2782 2409 2836 per
2451 2767 2869 2837 appellationem
2911 2765 3290 2836 refugiendum
3318 2781 3440 2822 esse
3468 2780 3596 2822 san-

1997 2863 2157 2926 civit,
2190 2861 2234 2916 si
2265 2861 2356 2930 qui
2384 2859 2586 2916 vellent
2612 2859 2801 2915 civiles
2829 2858 3042 2928 judices
3070 2857 3308 2914 refutare
3338 2877 3351 2912 :
3384 2856 3594 2912 firmam

1995 2970 2127 3011 vero
2178 2953 2388 3008 illorum
2415 2951 2664 3022 judicans
2691 2949 3016 3006 sententiam
3045 2949 3226 3019 potius
3254 2963 3416 3018 quam
3442 2947 3592 3018 judi-

1997 3059 2119 3101 cum
2150 3043 2373 3098 aliorum
2405 3083 2419 3108 ,
2450 3051 2505 3097 et
2529 3081 2544 3108 ,
2569 3049 2823 3110 tanquam
2849 3040 2917 3095 ab
2946 3040 3274 3110 imperatore
3301 3039 3591 3110 prolatam,

1998 3139 2067 3194 ab
2095 3137 2343 3194 omnibus
2397 3135 2828 3203 observandam,
2870 3143 2926 3190 et
2974 3134 3423 3191 inconvertibiles
3471 3148 3593 3190 esse

2000 3231 2259 3287 terminos
2285 3229 2590 3301 synodales.
2625 3226 2758 3282 Illud
2785 3240 3001 3296 quoque
3038 3241 3139 3282 nos
3173 3226 3482 3296 relinquere
3511 3224 3594 3280 di-

296 3328 388 3376 tur
409 3360 426 3386 ,
474 3321 696 3390 singulae
741 3318 990 3376 fecerunt
1031 3317 1439 3373 tabernaculum
1491 3317 1792 3387 proprium.
1835 3325 1961 3391 etc
1995 3336 2158 3394 gnum
2189 3337 2297 3377 non
2325 3330 2426 3388 est,
2459 3319 2602 3391 quod
2632 3335 2732 3390 pro
2753 3319 2984 3374 utilitate
3009 3318 3272 3374 sancitum
3300 3327 3383 3374 est
3403 3333 3594 3375 eorum

294 3411 606 3472 sacerdotes
634 3421 796 3484 atque
829 3412 1085 3468 diaconos
1114 3410 1431 3466 distributos
1460 3409 1750 3465 habebant.
1794 3408 1890 3464 Die

292 3519 425 3560 vero
453 3504 547 3573 qui
589 3502 887 3559 dominicus
931 3511 1176 3570 vocatur,
1225 3516 1385 3570 quem
1415 3499 1628 3556 Hebraei
1657 3499 1890 3570 primum

297 3605 496 3655 vocant
525 3639 540 3666 ,
572 3595 744 3654 Graeci
773 3605 954 3653 autem
983 3597 1086 3653 soli
1135 3595 1464 3652 distribuunt
1491 3637 1505 3660 ,
1535 3605 1592 3650 et
1618 3596 1710 3666 qui
1765 3603 1890 3651 ante

295 3693 582 3766 septimum
608 3699 690 3748 est
705 3691 781 3765 [id
811 3699 886 3746 est
913 3689 1047 3744 diem
1078 3686 1335 3758 Veneris],
1367 3687 1595 3744 sancivit
1621 3704 1652 3742 a
1674 3686 1890 3756 judiciis

296 3785 524 3856 aliisque
552 3784 726 3841 causis
755 3783 1036 3838 universos
1083 3781 1282 3836 habere
1311 3780 1650 3836 vacationem
1675 3819 1690 3845 ,
1738 3788 1794 3834 et
1834 3780 1888 3835 in

293 3894 364 3935 eo
415 3887 623 3933 tantum
670 3875 1004 3932 orationibus
1047 3872 1321 3943 occupari.
1367 3870 1678 3926 l‘lonorabat
1707 3879 1888 3925 autem

294 3969 624 4026 dominicum
669 3968 836 4034 diem,
880 3966 1005 4038 quia
1045 3965 1099 4020 in
1129 3980 1196 4021 eo
1241 3963 1487 4020 Christus
1528 3964 1823 4019 resurrexit
1855 3977 1888 4018 a

295 4064 551 4130 mortuis;
581 4061 745 4117 alium
789 4075 938 4126 vero,
980 4058 1104 4128 quia
1146 4057 1200 4113 in
1252 4072 1318 4113 eo
1361 4057 1538 4112 fuerat
1573 4055 1882 4112 cruciﬁxus.

293 4157 585 4214 Maximam
625 4168 858 4224 namque
896 4152 1162 4209 culturam
1189 4151 1563 4208 sacratissima:
1585 4150 1761 4206 crucis
1790 4150 1886 4204 ba-

296 4251 482 4318 bebat,
508 4257 617 4303 tam
646 4263 745 4319 pro
776 4245 839 4302 iis
861 4260 980 4316 qua:
1018 4244 1068 4300 ei
1097 4259 1355 4315 prospere
1384 4249 1744 4314 provenerant
1771 4241 1887 4310 ejus

287 4341 496 4401 auxilio
517 4343 571 4396 in
602 4339 802 4413 proeliis
829 4346 1019 4395 contra
1036 4336 1375 4392 adversarios
1403 4335 1660 4389 institutis
1680 4375 1694 4400 ,
1721 4347 1883 4402 quam

291 4449 394 4508 pro
424 4431 625 4487 indicio
653 4430 797 4501 quod
822 4430 874 4486 ei
897 4428 1157 4486 divinitus
1184 4442 1284 4497 pro
1311 4441 1374 4481 ea
1404 4425 1683 4482 videbatur
1710 4431 1889 4480 osten-

271 4521 434 4586 sum.
469 4525 708 4596 Denique
731 4521 1047 4596 supplicium
1077 4521 1272 4585 crucis,
1297 4519 1442 4592 quod
1475 4519 1720 4590 primitus
1744 4517 1886 4589 apud

291 4623 570 4678 Reman‘os
593 4612 710 4673 erat
736 4617 790 4672 in
821 4631 952 4683 usu,
986 4615 1103 4685 lege
1130 4612 1422 4684 prohibuit.
1462 4611 1520 4667 In
1550 4608 1886 4680 ﬁgurationi-

293 4715 394 4771 bus
423 4717 602 4767 autem
649 4710 942 4766 solidorum
991 4716 1047 4764 et
1077 4709 1128 4763 in
1179 4707 1498 4776 imaginibus
1539 4706 1643 4762 hoc
1670 4705 1882 4775 signum
1909 4722 1959 4783 ι)

278 4795 451 4874 jussit
480 4800 697 4857 inscribi
724 4814 938 4870 semper
963 4807 1018 4854 et
1048 4797 1284 4868 figurari,
1319 4805 1377 4852 ut
1406 4804 1674 4853 testantur
1692 4797 1880 4854 hacte-

292 4903 397 4952 nus
425 4895 541 4964 ejus
588 4893 848 4963 imagines
874 4893 976 4948 hoc
1005 4892 1278 4948 schemate
1306 4890 1590 4947 decoratas.
1625 4892 1682 4946 In
1709 4892 1884 4948 omni-

289 4990 396 5046 btts
422 4987 686 5058 siquidem
711 4985 873 5042 rebus
897 5025 912 5051 ,
944 4986 1213 5056 przecipue
1244 4993 1422 5040 tamen
1443 4985 1500 5039 in
1531 4985 1884 5055 lcgislationi-

291 5083 416 5149 bus,
467 5080 719 5138 studebat
771 5079 988 5150 placare
1035 5078 1398 5135 Divinitatem.
1451 5079 1690 5149 Apparet
1741 5079 1886 5134 enim

289 5159 595 5232 luxuriosas
647 5181 704 5230 et
745 5173 900 5229 valde
946 5171 1121 5229 fatuas
1167 5173 1563 5244 permixtiones
1601 5178 1726 5227 ante
1761 5187 1886 5228 eum

290 5279 403 5322 non
432 5264 753 5336 prohibitas,
785 5272 915 5320 tunc
955 5265 1118 5320 fuisse
1163 5274 1434 5320 correctas
1459 5306 1473 5331 ,
1505 5265 1644 5321 sicut
1669 5281 1736 5320 ex
1758 5265 1887 5334 ipsis

291 5375 429 5432 quas
453 5359 634 5430 posuit
680 5358 886 5427 legibus
914 5357 1201 5411 invenitur.
1232 5357 1336 5412 Sed
1365 5373 1510 5412 nunc
1550 5373 1669 5427 qua:
1693 5357 1761 5412 ad
1783 5357 1886 5413 ho-

292 5465 484 5506 norem
514 5457 570 5505 et
609 5456 809 5504 statum
857 5446 1132 5516 religionis
1161 5447 1228 5501 ab
1257 5462 1323 5502 eo
1367 5448 1573 5502 sancita
1601 5454 1726 5502 sunt
1752 5462 1886 5517 pan-

291 5543 426 5598 dere
465 5543 828 5598 necessarium
855 5549 938 5596 est
957 5582 970 5606 ,
1003 5556 1125 5596 cum
1152 5547 1336 5608 partes
1359 5555 1478 5595 esse
1508 5539 1888 5595 ecclesiasticae

291 5634 584 5692 videantur
610 5635 862 5691 historize.
914 5635 1215 5695 Somnum,
1247 5631 1338 5686 lib.
1373 5648 1409 5698 ι,
1441 5649 1557 5703 cap.
1591 5631 1652 5698 8,
1682 5647 1737 5702 p.
1760 5631 1882 5687 409.

371 5732 526 5804 Apud
553 5729 827 5786 Romanos
855 5729 1054 5784 dudum
1083 5727 1181 5781 fuit
1205 5727 1290 5781 lex
1313 5768 1328 5792 ,
1363 5742 1392 5782 a
1422 5727 1680 5795 vigesimo
1705 5726 1894 5796 quinto

296 5831 443 5883 anno
476 5841 580 5879 non
607 5824 868 5879 habentes
896 5837 1091 5877 uxores
1120 5821 1414 5891 prohibens
1435 5835 1466 5874 a
1496 5820 1784 5890 privilegiis
1806 5822 1894 5875 ha-

295 5913 542 5976 bentium
569 5916 854 5986 coniuges;
885 5914 979 5970 sed
1006 5922 1060 5967 et
1089 5913 1193 5969 alia
1232 5913 1401 5967 multa
1425 5912 1639 5982 jubens,
1671 5920 1728 5967 ut
1758 5913 1892 5969 nihil

265 6011 372 6094 ’de
401 6017 726 6074 testamento
763 6009 1100 6070 lucrarentur
1117 6045 1132 6076 ,
1160 6006 1283 6067 licet
1306 6006 1656 6079 proximitate
1677 6005 1890 6078 generis

1997 3414 2091 3484 qui
2119 3414 2173 3468 in
2213 3411 2468 3469 Ecclesiis
2496 3412 2968 3467 manumittuntur.
3005 3409 3139 3465 Cum
3171 3417 3394 3480 propter
3421 3410 3594 3466 subti-

1994 3507 2203 3564 litatem
2232 3507 2410 3577 legum
2453 3506 2617 3561 etiam
2646 3505 2798 3560 inviti
2849 3519 3189 3576 possessores
3218 3502 3592 3560 difficultatem

1992 3611 2309 3676 paterentur
2330 3606 2475 3661 circa
2519 3603 2792 3659 dationem
2824 3601 3066 3657 melioris
3091 3600 3378 3666 libertatis,
3429 3614 3592 3670 quam

1992 3699 2300 3755 civilitatem
2329 3698 2626 3754 Romanam
2659 3703 2885 3762 vocant,
2915 3704 3027 3751 tres
3067 3694 3252 3765 posuit
3283 3694 3428 3762 leges
3453 3710 3465 3746 :
3498 3691 3594 3747 de-

1989 3806 2219 3848 cernens
2247 3804 2436 3846 omnes
2474 3790 2527 3844 in
2559 3788 2800 3845 ecclesiis
2823 3786 3184 3842 manumissos
3209 3784 3310 3840 sub
3341 3784 3592 3839 testimo-

1990 3885 2082 3941 nio
2109 3883 2480 3948 sacerdotum,
2513 3898 2611 3954 per
2638 3883 2780 3937 hanc
2808 3882 2950 3952 piam
3008 3877 3446 3934 adinventionem
3473 3875 3586 3930 Ro-

1989 3994 2150 4034 mana
2177 3978 2435 4034 civilitate
2482 3976 2583 4031 frui
2615 3993 2630 4043 ;
2673 3976 2826 4046 cujus
2856 3973 3111 4030 indicium
3154 3985 3394 4041 praesens
3422 3969 3588 4025 etiam

1989 4080 2202 4142 tempus
2255 4077 2457 4126 servat.
2499 4066 2635 4122 Nam
2675 4066 2840 4126 moris
2897 4073 3014 4130 erat
3065 4062 3134 4119 de
3165 4061 3416 4118 libertate
3445 4061 3592 4130 leges

1988 4163 2218 4230 scriptas
2248 4161 2300 4215 in
2331 4157 2846 4214 manumissionibus
2893 4154 3171 4224 anteponi.
3203 4152 3592 4208 Constantinus

1989 4254 2152 4323 igitur
2184 4254 2322 4307 hanc
2351 4249 2574 4308 studens
2603 4264 2734 4304 sane
2764 4249 2817 4302 in
2859 4247 3110 4304 omnibus
3138 4245 3440 4302 honorabat
3466 4244 3592 4300 reli-

1988 4347 2234 4417 gionem;
2284 4352 2402 4400 erat
2455 4343 2658 4414 quippe
2705 4350 2762 4398 et
2808 4356 2905 4412 per
2949 4337 3298 4411 scmetipsam
3354 4338 3606 4407 gloriosa

1988 4446 2211 4509 pr0pter
2240 4437 2495 4491 virtutem
2520 4433 2876 4504 plurimorum
2906 4440 3035 4487 tunc
3067 4429 3123 4487 in
3152 4445 3216 4487 ea
3241 4429 3589 4502 pollentium.

1987 4531 2288 4602 SOZOMEN.,
2311 4529 2400 4586 lib.
2429 4546 2470 4600 ι,
2501 4546 2614 4600 cap.
2648 4527 2702 4599 9,
2728 4545 2780 4601 p.
2807 4527 2934 4584 415.

2620 4661 2850 4721 CAPUT
2887 4659 2956 4717 X.

2040 4783 2122 4840 De
2149 4783 2366 4839 diversis
2396 4779 2778 4854 confessoribus
2799 4791 3075 4850 eorumque
3101 4775 3509 4832 conversatione.

2056 4896 2242 4968 Itaque
2293 4894 2759 4968 persecutionibus
2807 4893 2918 4964 jam
2973 4893 3348 4957 cessantibus,
3407 4888 3588 4944 adhuc

1986 4988 2140 5046 multi
2167 4988 2540 5046 confessorum
2568 4985 2888 5057 superstites
2916 4983 3186 5040 Ecclesias
3215 4979 3582 5046 exornabant;

1989 5088 2051 5136 ut
2072 5079 2171 5135 fuit
2191 5078 2346 5136 Osius
2371 5077 2634 5135 Cordubae
2673 5076 2914 5150 pontifex
2933 5116 2948 5142 ,
2981 5083 3038 5130 et
3059 5072 3328 5142 Amphion
3351 5066 3586 5140 Epipha-

1989 5171 2127 5227 neiae
2154 5170 2374 5234 Ciliciae,
2399 5176 2456 5225 et
2483 5168 2766 5236 Maximus,
2794 5167 2886 5238 qui
2913 5172 3036 5237 post
3060 5163 3352 5219 Macarium
3384 5159 3584 5218 Hiero-

1989 5263 2319 5336 solymorum
2349 5260 2519 5317 tenuit
2547 5260 2911 5332 praesulatum,
2961 5265 3016 5311 et
3059 5252 3392 5324 Paphnutius
3420 5250 3584 5323 ngy-

1988 5355 2160 5426 ptius,
2207 5368 2305 5424 per
2359 5367 2520 5424 quem
2549 5351 2699 5407 aiunt
2739 5351 2966 5423 plurima
3011 5345 3270 5402 miracula
3299 5353 3583 5415 operatum

1990 5448 2184 5515 Deum,
2215 5447 2595 5516 dmmonesque
2619 5443 2931 5514 subjecisse,
2973 5441 3350 5508 variarumque
3373 5437 3582 5509 passio-

1991 5558 2118 5598 num
2148 5540 2486 5597 condonasse
2529 5541 2579 5595 ei
2626 5538 2904 5594 sanitates.
2959 5533 3158 5590 Ferunt
3209 5540 3388 5587 autem
3437 5530 3584 5602 quod

1996 5632 2330 5704 Paphnutius
2359 5641 2414 5688 et
2443 5631 2705 5686 Maximus
2753 5643 2821 5683 ex
2864 5627 2966 5684 illis
3021 5625 3421 5681 confessoribus
3470 5621 3584 5677 fue-

2001 5735 2128 5780 runt
2157 5741 2293 5795 quos
2322 5723 2643 5780 Maximinus
2675 5721 2969 5790 imperator
2995 5718 3046 5772 in
3077 5717 3307 5772 metallis
3330 5717 3398 5770 ad
3418 5730 3582 5786 opera

2000 5821 2302 5875 exercenda
2331 5817 2623 5883 damnavit,
2648 5814 2838 5872 oculos
2866 5827 3054 5868 eorum
3081 5810 3303 5866 dextros
3324 5807 3584 5874 evellens,

1993 5917 2049 5964 et
2068 5910 2314 5968 sinistras
2337 5925 2493 5968 suras
2523 5908 2784 5968 incidens.
2811 5906 3090 5967 Sozousn.
3112 5947 3127 5974 ,
3160 5903 3250 5960 lib.
3279 5917 3318 5969 ι,
3341 5916 3458 5974 cap.
3491 5899 3583 5967 l0,

1990 6015 2048 6074 p.
2081 6001 2206 6058 ιιι.

2307 6123 2402 6138 vv"-
2429 6122 2447 6131 ’⁸
