4006 6456
1112 280 1217 292 Δ..α-κ,

368 324 476 390 895

1624 319 1696 377 Μ.
1738 314 2017 378 AURELII
2043 316 2443 377 CASSIODOBI

3546 319 3655 379 896

447 446 608 519 211
638 442 944 501 Secundum
966 451 1061 497 eos
1088 443 1270 493 autem
1292 434 1457 494 fuisse
1475 436 1816 509 percepimus
1840 433 1961 506 Spi-
1987 435 2042 496 Δ
2066 433 2157 490 Sic
2178 434 2339 505 igitur
2365 432 2455 489 ille
2494 439 2683 505 captus
2710 438 2813 499 est,
2843 436 2899 489 et
2925 432 3072 505 quod
3099 431 3153 491 ei
3181 432 3486 505 deliquerat
3513 434 3655 494 indi-

370 535 634 594 ridionem
664 530 1055 590 Tremithuntis
1074 529 1394 602 Cypriorum
1422 530 1752 601 episcopum,
1782 527 1847 582 ad
1869 543 1963 583 cu-

366 628 455 699 jus
483 628 738 683 virtutem
763 621 1237 681 demonstrandam
1274 621 1524 678 sufﬁcere
1548 629 1679 692 puto
1716 635 1834 690 qua:
1863 620 1963 674 ha-

370 726 559 775 ctenus
596 717 667 774 de
706 733 773 774 eo
820 726 1069 773 servatur
1112 714 1314 787 opinio.
1350 714 1560 782 Quanta
1588 730 1685 785 per
1711 729 1836 769 eum
1880 712 1964 767 di-

370 811 500 866 vino
540 811 794 881 praesidio
821 818 972 880 gesta
1002 810 1132 877 sint,
1177 809 1331 880 plura
1361 808 1578 878 quidem
1617 823 1817 864 novere
1851 823 1968 878 pro-

370 902 662 970 vinciales;
695 916 798 972 ego
827 911 1006 957 autem
1032 917 1152 971 qure
1172 901 1240 956 ad
1258 917 1357 957 nos
1376 902 1661 957 valuerunt
1682 902 1968 972 pervenire

372 1008 482 1047 non
508 994 720 1049 tacebo.
757 992 882 1049 Fuit
908 992 1054 1048 enim
1097 992 1196 1047 iste
1242 993 1474 1048 rusticus
1502 993 1709 1049 habens
1739 1007 1967 1048 uxorem

374 1091 431 1139 et
462 1083 619 1149 ﬁlios,
658 1084 754 1139 sed
782 1098 891 1139 non
920 1092 1210 1154 propterea
1260 1082 1315 1137 in
1342 1082 1503 1138 rebus
1535 1082 1730 1139 divinis
1769 1084 1965 1138 minor.

375 1175 544 1230 Aiunt
568 1183 751 1231 autem
780 1175 1067 1245 aliquando
1088 1190 1186 1245 per
1214 1184 1431 1231 noctem
1464 1176 1674 1231 venisse
1706 1177 1971 1244 malignos

378 1267 525 1321 viros
555 1266 625 1320 ad
655 1266 839 1321 caulas
877 1265 1059 1322 ovium
1086 1264 1221 1335 ejus,
1254 1273 1310 1320 et
1338 1281 1461 1321 cum
1490 1280 1684 1335 rapere
1727 1266 1969 1321 niteren—

380 1363 492 1421 tur,
525 1356 705 1411 subito
727 1356 936 1411 vinctos
963 1355 1111 1410 nullo
1134 1355 1332 1425 ligante
1346 1354 1508 1411 fures.
1541 1354 1692 1410 Tunc
1713 1354 1859 1409 illum
1885 1354 1974 1412 dic

384 1444 529 1501 facta
546 1448 852 1503 venientem
875 1447 1146 1504 invenisse
1170 1447 1366 1517 ligatos
1394 1463 1507 1515 eos,
1532 1457 1587 1503 ct
1610 1449 1835 1506 solvisse
1862 1449 1975 1519 qui-

380 1538 507 1595 dem
554 1540 622 1595 ab
670 1540 1025 1597 invisibilibus
1073 1541 1340 1609 vinculis,
1393 1541 1638 1612 culpasse
1689 1549 1871 1597 tamen
1920 1551 1977 1598 et

382 1628 583 1686 dixisse
609 1648 621 1683 :
656 1630 782 1695 Cur,
815 1631 1031 1700 fratres,
1060 1631 1188 1687 dum
1216 1632 1457 1688 licuisset
1478 1646 1599 1702 qum
1631 1632 1974 1689 desideraba-

384 1721 454 1776 tis
482 1721 747 1791 accipere,
777 1722 1015 1791 elegistis
1037 1724 1217 1793 potius
1237 1739 1301 1780 ea
1320 1740 1531 1795 rapere,
1561 1734 1615 1781 et
1635 1733 1848 1782 noctem
1873 1726 1976 1782 du-

2066 527 2225 584 cavit.
2252 526 2480 595 Dignum
2508 533 2592 581 est
2637 525 2799 595 igitur
2837 524 2998 595 hujus
3043 527 3394 583 sacratissimi
3418 528 3522 585 viri
3554 530 3656 587 mi-

2066 621 2171 677 rari
2202 620 2510 691 puritatem,
2556 626 2613 673 et
2648 616 3001 672 ecclesiastici
3030 616 3234 673 ordinis
3271 618 3430 675 valde
3468 630 3656 677 custo-

2066 712 2229 768 diam.
2288 711 2492 766 Dicitur
2529 709 2713 777 itaque
2761 707 2996 777 quodam
3040 715 3285 777 tempore
3332 724 3433 779 pro
3481 710 3656 782 aliqua

2069 806 2304 861 utilitate
2352 804 2407 858 in
2451 817 2616 858 unum
2646 799 2874 873 Cyprios
2924 799 3210 871 episcopos
3233 800 3579 871 convenisse,
3603 811 3660 859 et

2070 900 2212 955 inter
2257 913 2350 954 eos
2398 898 2542 953 hunc
2570 894 2735 951 fuisse
2776 893 3167 965 Spiridionem,
3212 902 3268 951 et
3303 894 3662 967 Triphyllinm

2070 992 2396 1049 Ledrensem
2444 990 2775 1060 episcopum,
2807 987 2984 1043 virum
3024 987 3244 1059 eloquio
3292 996 3350 1044 et
3394 988 3663 1059 sapientia

2071 1084 2373 1157 praeditum,
2405 1098 2507 1138 nec
2533 1097 2641 1137 non
2667 1080 2875 1150 legibus
2896 1080 3027 1152 [ed.,
3058 1078 3256 1150 Beryto
3276 1078 3506 1148 legibus,
3537 1075 3665 1151 ιτα]

2073 1176 2363 1233 eruditum.
2405 1174 2541 1229 Cum
2585 1174 2767 1243 itaque
2806 1171 3036 1227 collecta
3065 1169 3451 1238 celebraretur,
3494 1170 3670 1241 injun-

2074 1276 2221 1325 ctum
2252 1277 2337 1324 est
2384 1265 2680 1339 Triphyllio
2721 1272 2781 1319 ut
2816 1262 3023 1319 faceret
3056 1277 3364 1320 sermonem
3390 1263 3459 1319 ad
3493 1278 3669 1335 popu-

2076 1361 2207 1417 lum.
2240 1359 2483 1431 Cumque
2512 1358 2604 1413 ille
2640 1357 2794 1435 locus;
2831 1356 3073 1411 venisset
3100 1353 3171 1409 ad
3209 1353 3469 1420 medium,
3522 1353 3673 1410 Tolle

2076 1456 2263 1511 lectum
2300 1463 2462 1521 tuum,
2491 1462 2554 1521 et.
2576 1451 2788 1507 ambula
2821 1450 3037 1523 (Matth.
3080 1466 3155 1517 rx,
3198 1449 3279 1523 6),
3325 1450 3505 1507 cubile
3532 1450 3673 1507 dixit

2077 1559 2177 1616 pro
2207 1544 2371 1614 lecto,
2400 1551 2616 1599 mutans
2646 1556 2877 1609 nomen;
2905 1540 3181 1612 Spiridion
3206 1548 3389 1597 autem
3418 1539 3672 1611 indigna-

2081 1646 2169 1695 tus
2200 1639 2255 1694 in
2280 1653 2423 1703 eum,
2455 1646 2513 1693 et
2554 1635 2811 1693 exsiliens
2843 1633 2912 1691 de
2936 1633 3190 1690 cathedra
3218 1632 3675 1691 sacerdotalizTu

2081 1732 2273 1788 melior
2298 1746 2380 1799 es,
2408 1730 2603 1800 inquit,
2630 1742 2697 1785 eo
2724 1727 2818 1797 qui
2856 1726 3057 1783 lectum
3094 1724 3246 1791 dixit,
3268 1725 3395 1795 quia
3421 1724 3539 1795 ejus
3558 1740 3677 1782 ver-

385 1826 511 1867 εετθ
546 1812 748 1881 iugiter
788 1812 1091 1869 infelicem?
1124 1814 1259 1871 Tum
1296 1817 1584 1873 miseratus
1612 1833 1822 1886 eorum,
1863 1835 1979 1893 πηιλ-
2007 1820 2057 1883 Β
2082 1825 2163 1881 bis
2182 1825 2260 1879 uti
2287 1822 2664 1880 confunderis?
2695 1820 2815 1877 Hoc
2843 1829 3028 1876 autem
3067 1819 3196 1875 fecit
3222 1820 3426 1891 populo
3456 1820 3677 1891 conspi-

385 1904 467 1973 gis
494 1912 678 1961 autem
706 1904 775 1960 ad
820 1906 1046 1962 meliora
1087 1922 1185 1963 eos
1222 1908 1495 1974 erudiens,
1520 1910 1632 1964 ait:
1660 1909 1817 1967 Abite
1855 1911 1980 1967 hinc

390 2002 671 2049 sumentes
700 1995 964 2062 arietem;
998 1996 1283 2054 laborastis
1327 2000 1526 2070 quippe
1546 2000 1761 2070 vigiliis,
1802 2010 1857 2057 et
1883 2002 1980 2057 de-

387 2094 477 2140 cet
505 2101 601 2141 vos
638 2086 757 2143 sine
784 2088 1138 2157 querimoniis
1166 2090 1425 2145 recedere
1471 2092 1538 2147 ab
1582 2092 1775 2148 ovibus
1821 2094 1975 2148 meis.

388 2174 548 2243 Quod
575 2176 791 2246 quidem
817 2178 1045 2247 quilibet
1078 2180 1223 2249 juste
1250 2182 1451 2251 poterit
1476 2183 1747 2239 admirari.
1775 2184 1979 2239 Nihilo-

388 2269 569 2325 minus
590 2271 753 2325 etiam
784 2272 913 2327 illud
942 2273 1270 2329 mirandum.
1318 2274 1474 2345 Apud
1502 2275 1664 2330 ﬁliam
1691 2276 1805 2345 ejus
1830 2276 1985 2346 virgi-

390 2375 516 2415 nem
546 2363 764 2418 nomine
788 2363 981 2420 lrenen
1006 2365 1227 2434 quidam
1266 2375 1428 2422 notus
1473 2366 1589 2436 ejus
1617 2368 1854 2438 speciem
1884 2370 1985 2426 ali-

390 2466 555 2522 quam
572 2450 899 2522 deposuerat
924 2472 938 2522 ;
970 2470 1089 2525 quae
1109 2471 1328 2513 sumens
1350 2456 1679 2528 depositum,
1713 2460 1812 2515 sub
1842 2470 1985 2516 terra

392 2542 715 2611 recondidit,
745 2545 835 2601 ubi
867 2555 1024 2604 caute
1056 2547 1285 2604 credidit
1322 2549 1602 2605 custodiri.
1634 2551 1873 2621 Contigit
1900 2553 1985 2608 in-

395 2643 546 2691 terea
567 2636 705 2691 mori
727 2638 961 2708 puellam
983 2639 1116 2694 nihil
1134 2639 1434 2695 confessam
1457 2641 1615 2711 patri.
1640 2641 1801 2697 Venit
1824 2642 1987 2699 homo

395 2726 698 2798 depositum
720 2738 990 2801 repetens,
1019 2731 1303 2801 ignorante
1323 2730 1632 2803 Spiridione
1652 2734 1783 2804 quid
1809 2735 1989 2806 loque-

395 2825 567 2874 retur.
613 2818 858 2892 Cumque
896 2822 950 2877 in
978 2830 1093 2879 tota
1123 2822 1285 2879 domo
1324 2824 1659 2895 requisisset,
1706 2843 1807 2883 nec
1836 2828 1987 2883 inve-

396 2913 583 2981 nisset,
627 2913 789 2971 ﬁebat
831 2917 1164 2987 capillosque
1212 2918 1466 2986 vellebat,
1498 2928 1555 2975 et
1592 2921 1754 2976 morti
1783 2922 1989 2979 vicinus

394 3020 517 3061 esse
552 3006 838 3063 videbatur
876 3009 967 3064 ille
1010 3010 1103 3081 qui
1151 3009 1495 3081 deposuerat.
1550 3012 1678 3069 Ηῑεο
1715 3014 1988 3085 Spiridion

398 3095 515 3150 tieri
541 3096 751 3167 videns,
781 3105 838 3153 et
874 3100 1075 3154 cursim
1097 3102 1318 3157 veniens
1359 3102 1426 3157 ad
1465 3104 1791 3176 sepulcrum,
1822 3122 1986 3161 voea-

2084 1917 2279 1979 eiente,
2332 1914 2765 1971 mediocritatem
2790 1912 2995 1969 docens
3040 1927 3167 1968 eum
3213 1912 3308 1983 qui
3344 1913 3546 1984 eloquii
3582 1928 3679 1969 su-

2083 2007 2307 2080 percilio
2336 2004 2711 2076 prmtumebat.
2749 2003 2881 2060 Erat
2905 2004 3050 2061 enim
3070 2003 3297 2061 idoneus
3316 2005 3384 2061 ad
3411 2005 3679 2076 pudorem

2085 2098 2473 2163 incutiendum,
2529 2112 2655 2153 cum
2712 2105 2859 2153 esset
2904 2095 3271 2163 venerandus,
3329 2102 3385 2151 et
3424 2096 3682 2168 operibus

2085 2193 2372 2263 gloriosus,
2404 2190 2688 2261 ’simulque
2716 2204 2886 2247 senex
2938 2204 3054 2245 aevo
3083 2197 3247 2262 atque
3274 2188 3577 2247 sacerdotis
3597 2188 3680 2245 of-

2086 2285 2228 2343 ticio.
2270 2283 2456 2352 Qualis
2502 2294 2683 2339 autem
2738 2282 2883 2339 circa
2928 2281 3342 2353 peregrinorum
3377 2282 3681 2352 susceptio-

2088 2394 2211 2434 nem
2253 2375 2435 2446 fuerit,
2486 2375 2614 2431 hinc
2658 2382 2903 2446 apparet.
2945 2373 3191 2431 Instante
3213 2373 3328 2445 jam
3373 2373 3683 2443 Quadragc-

2091 2470 2249 2537 sima,
2284 2471 2500 2541 quidam
2526 2484 2593 2525 ex
2624 2467 2819 2523 itinere
2844 2466 2995 2522 venit
3019 2467 3089 2523 ad
3123 2482 3249 2524 eum
3273 2465 3467 2537 quibus
3493 2466 3685 2522 diebus

2087 2570 2446 2621 consueverat
2484 2576 2608 2617 cum
2651 2560 2764 2617 suis
2805 2560 3126 2616 continuare
3172 2557 3382 2629 jejunia
3414 2600 3429 2626 ,
3482 2566 3539 2614 et
3589 2558 3684 2614 die

2097 2666 2248 2714 certo
2285 2655 2593 2722 comedere,
2634 2653 2846 2710 medios
2880 2654 2998 2710 dies
3041 2653 3160 2709 sine
3205 2653 3329 2708 cibo
3356 2651 3681 2708 consistens.

2093 2747 2289 2806 Videns
2330 2748 2510 2819 itaque
2557 2746 2903 2819 peregrinum
2952 2744 3105 2802 valde
3143 2742 3414 2801 defectum
3449 2743 3681 2814 :Perge,

2092 2842 2264 2911 inquit
2290 2856 2400 2895 suae
2448 2839 2589 2905 ﬁlice,
2622 2838 2743 2893 lava
2781 2836 3053 2908 peregrini
3089 2834 3278 2906 pedes,
3308 2843 3364 2890 et
3407 2834 3560 2891 cibos
3585 2849 3685 2905 ap-

2090 2949 2252 3005 pone.
2297 2932 2541 3003 Cumque
2584 2932 2736 3002 virgo
2767 2930 2994 2986 dixisset
3037 2944 3139 2987 nec
3180 2944 3376 3001 panem
3422 2944 3543 2986 esse
3584 2944 3687 2986 nec

2093 3024 2271 3097 ἄλφιτα
2315 3024 2432 3098 [hoc
2464 3033 2540 3078 est
2563 3022 2791 3095 farinas]
2824 3023 3071 3095 (quarum
3112 3037 3294 3078 rerum
3327 3022 3576 3078 solebant
3603 3022 3687 3077 ni-

2094 3120 2172 3174 hil
2204 3118 2405 3173 habere
2436 3116 2774 3172 reconditum
2799 3125 3025 3189 propter
3050 3114 3357 3185 jejunium),
3386 3130 3553 3173 orans
3573 3114 3686 3185 pri-

400 3187 571 3244 vitex
593 3192 814 3248 nomine
841 3193 1097 3264 puellam.
1130 3193 1247 3261 Qua
1286 3196 1668 3267 respondente,
1715 3198 1783 3254 de
1828 3216 1986 3256 causa

2096 3227 2264 3277 mum,
2309 3211 2634 3280 veniamque
2681 3187 2905 3280 petens,
2959 3207 3085 3264 ﬁlia:
3126 3208 3289 3278 jussit
3324 3214 3383 3263 ut
3434 3207 3688 3278 porcinas

398 3278 631 3349 depositi
669 3283 969 3352 requisivit.
1002 3282 1068 3339 Et
1107 3285 1233 3339 dum
1270 3286 1337 3341 ab
1382 3300 1445 3342 ea
1473 3287 1766 3355 didicisset,
1806 3305 1990 3345 rever-

398 3384 511 3435 sus,
536 3379 591 3425 ct
652 3372 932 3429 inveniens
962 3375 1052 3429 ubi
1090 3376 1269 3445 puella
1315 3379 1728 3447 significaverat,
1762 3382 1993 3438 reddidit

399 3460 606 3515 homini
634 3463 777 3531 quod
798 3466 1036 3535 petebat.
1069 3466 1335 3533 Quoniam
1366 3470 1583 3538 quidem
1610 3473 1677 3526 ad
1700 3472 1842 3527 hunc
1871 3475 1992 3529 veni

400 3566 730 3622 sermonem,
782 3571 891 3610 non
921 3566 1003 3611 est
1050 3557 1406 3625 incongruum
1452 3560 1616 3615 etiam
1647 3562 1785 3617 istud
1827 3563 1995 3619 addu-

402 3656 550 3697 cere.
584 3642 705 3723 Mos,
731 3654 850 3700 erat
880 3647 1003 3703 huic
1039 3648 1331 3718 Spiridioni
1381 3666 1448 3706 ex
1475 3651 1738 3707 fructibus
1766 3656 1858 3725 qui
1895 3672 1991 3709 na-

407 3736 703 3792 scebantur
722 3738 791 3805 ei,
824 3739 960 3793 alios
987 3741 1205 3809 quidem
1235 3744 1557 3815 pauperibus
1587 3761 1831 3815 erogare,
1860 3749 1995 3803 alios

404 3833 586 3880 autem
619 3829 788 3899 gratis
818 3837 1069 3886 mutuare
1098 3832 1420 3890 volentibus.
1454 3834 1563 3890 Sed
1594 3852 1770 3906 neque
1800 3855 1897 3908 per
1936 3855 1995 3895 se

403 3918 587 3987 dabat,
620 3937 795 3991 neque
830 3938 930 3993 per
956 3938 1015 3979 se
1056 3924 1389 3995 recipiebat;
1421 3925 1519 3981 sed
1565 3929 1739 3983 solum
1778 3931 1996 3986 cubicu-

404 4012 514 4066 lum
571 4012 998 4084 dcmonstrahat,
1046 4015 1279 4072 invitans
1327 4025 1573 4087 petentes
1630 4028 1687 4073 ut
1739 4031 1996 4092 quantum

404 4120 542 4176 opus
565 4106 837 4168 habebant
865 4108 1137 4175 tollerent,
1177 4118 1233 4163 et
1261 4109 1438 4165 denuo
1474 4123 1799 4169 revocarent
1827 4130 1997 4185 quan-

406 4204 521 4253 tum
561 4212 621 4253 se
646 4208 909 4255 noverant
952 4202 1255 4257 abstulisse.
1290 4200 1515 4268 Quidam
1546 4220 1679 4260 vero
1710 4206 1837 4260 dum
1879 4223 1998 4261 mu-

404 4296 558 4345 tuum
586 4294 937 4363 percepisset,
961 4310 1211 4351 reversus
1240 4305 1323 4351 est
1343 4304 1466 4367 post
1495 4297 1829 4366 aliquantum
1851 4300 1997 4368 quod

403 4384 605 4439 tulerat
631 4386 956 4443 redditurus.
982 4388 1153 4456 Quem
1176 4389 1304 4445 dum
1332 4390 1629 4445 secundum
1650 4393 1997 4447 consuetudi-

403 4493 529 4535 num
587 4478 832 4548 jussisset
897 4497 1162 4553 reponere
1219 4482 1272 4538 in
1325 4484 1575 4540 cubiculo
1626 4485 1771 4556 quod
1823 4485 1998 4540 fuerat

406 4570 604 4627 exinde
651 4580 942 4639 mutuatus,
995 4575 1062 4629 ad
1108 4574 1425 4644 injustitiam
1470 4575 1561 4630 ille
1598 4590 1909 4643 conversus,
1943 4586 1999 4632 et

402 4663 630 4719 credens
655 4664 825 4721 latere
854 4665 1238 4737 Spiridionem,
1268 4686 1375 4725 non
1399 4668 1634 4724 reddidit
1659 4670 1801 4739 quod
1834 4670 1999 4725 debe-

401 4757 524 4823 bat;
558 4756 652 4811 sed
676 4756 925 4814 auferens
951 4757 1209 4828 debitum,
1236 4760 1390 4829 quasi
1415 4759 1759 4833 reddidisset,
1784 4760 1999 4815 absces-

402 4847 492 4904 sit.
526 4847 683 4915 Quod
723 4855 902 4903 tamen
948 4848 1108 4919 longo
1150 4859 1396 4921 tempore
1424 4866 1534 4907 non
1580 4860 1696 4907 erat
1737 4852 1997 4920 ignoran-

401 4942 548 4997 dum.
594 4940 726 4997 Post
779 4950 990 4997 certum
1040 4957 1271 5013 namque
1313 4953 1525 5015 tempus
1563 4946 1728 5012 venit,
1784 4962 1997 5002 rursum

402 5045 593 5108 petens
613 5037 681 5091 ab
706 5051 773 5093 eo
802 5045 1068 5093 mutuum.
1094 5040 1165 5092 At
1185 5037 1276 5093 ille
1307 5039 1451 5094 misit
1480 5054 1603 5095 eum
1626 5040 1695 5095 ad
1718 5040 1993 5106 horreum,

404 5129 529 5183 data
560 5136 830 5199 potestate
858 5137 917 5184 ut
959 5129 1075 5201 ipse
1120 5129 1221 5184 sibi
1263 5131 1545 5187 metiretur
1570 5141 1834 5203 quantum
1862 5146 1997 5203 opus

404 5220 646 5275 haberet.
677 5221 918 5277 Vacuum
944 5238 1077 5279 vero
1104 5223 1355 5278 eumdem
1386 5223 1666 5279 inveniens
1710 5226 1907 5287 locum,
1926 5230 1997 5276 et

404 5309 509 5365 hoc
531 5312 747 5366 oculata
771 5312 875 5368 ﬁde
895 5326 1249 5383 cognoscens,
1275 5312 1567 5383 Spiridioni
1596 5314 1878 5369 nuntiavit.
1904 5313 1999 5369 llle

405 5403 685 5472 respondit
735 5404 821 5457 ei:
855 5402 1046 5459 Mirum
1094 5414 1195 5471 est,
1252 5422 1285 5459 ο
1316 5406 1500 5471 homo,
1550 5405 1693 5475 quod
1734 5405 1989 5474 loqueris.

403 5494 686 5560 Quomodo
716 5496 811 5550 tibi
840 5497 938 5550 soli
969 5498 1136 5552 visum
1163 5506 1245 5553 est
1273 5498 1527 5555 horreum
1560 5497 1877 5553 necessariis
1900 5497 1997 5552 dc»-

406 5586 631 5641 fecissc?
668 5585 775 5641 Sed
803 5587 1084 5641 considera
1112 5590 1294 5658 potius
1338 5590 1480 5660 apud
1529 5590 1890 5658 temetipsum,
1931 5604 1999 5644 ne

406 5679 543 5734 forte
573 5689 846 5735 mutuatus
877 5681 975 5735 alia
997 5682 1117 5737 vice
1140 5684 1285 5753 quod
1306 5684 1587 5750 debueras,
1616 5682 1866 5753 primitus
1889 5698 1998 5738 non

405 5774 648 5828 solveris.
681 5774 738 5828 Si
767 5776 908 5829 enim
944 5774 1048 5829 hoc
1073 5791 1182 5831 non
1220 5785 1321 5839 est,
1357 5777 1723 5833 indubitanter
1746 5792 1855 5832 non
1886 5778 1997 5848 pri-

406 5865 615 5921 vabcris
644 5866 838 5934 quibus
865 5881 1009 5937 eges,
1061 5867 1157 5929 sed
1204 5884 1389 5926 rursus
1424 5869 1686 5927 accedens
1716 5866 1994 5927 invenies.

2096 3326 2312 3377 carnes,
2341 3324 2476 3378 quas
2500 3307 2648 3365 domi
2675 3307 2862 3363 salitas
2882 3306 3143 3375 habebat,
3173 3298 3455 3375 coqueret.
3484 3303 3689 3371 Quibus

2098 3406 2285 3465 coctis,
2317 3402 2511 3457 sedens
2538 3417 2660 3456 cum
2683 3399 2969 3471 peregrino
3000 3398 3190 3471 positis
3222 3397 3477 3453 carnibus
3505 3411 3687 3451 come-

2097 3494 2277 3557 debat,
2311 3502 2365 3548 et
2395 3492 2621 3562 rogabat
2652 3505 2708 3545 ut
2750 3505 2859 3545 una
2888 3506 3011 3546 cum
3041 3505 3109 3546 eo
3131 3488 3323 3545 ederet
3346 3488 3685 3559 peregrinus.

2096 3586 2215 3652 Quo
2244 3588 2535 3648 rcl'ntante,
2576 3582 3051 3652 Christianumque
3087 3596 3147 3637 se
3194 3578 3525 3653 proﬁtente:
3559 3578 3691 3633 Pro-

2097 3688 2287 3749 plerea
2338 3678 2526 3745 magis,
2578 3676 2769 3744 inquit,
2821 3673 3061 3730 refutare
3107 3688 3215 3728 non
3262 3671 3467 3728 debes:
3498 3671 3691 3725 Omnia

2097 3771 2240 3825 enim
2275 3770 2470 3823 munda
2499 3770 2705 3823 mundis
2734 3765 2861 3838 (Tit.
2893 3784 2930 3832 ι,
2958 3765 3069 3837 15),
3098 3767 3241 3821 sicut
3267 3781 3449 3822 sermo
3477 3766 3690 3821 divinus

2098 3863 2333 3916 edocuit.
2363 3860 2487 3915 llzec
2516 3860 2733 3930 quidem
2769 3859 2837 3913 de
2864 3858 3175 3929 Spiridione
3201 3856 3347 3913 dicta
3394 3854 3686 3913 sufﬁciant.

2099 3953 2394 4018 Somnum,
2425 3950 2515 4004 lib.
2546 3966 2583 4016 ι,
2613 3965 2731 4021 cap.
2762 3948 2849 4016 Η,
2878 3968 2933 4021 p.
2955 3948 3079 4004 415.

2716 4081 2944 4138 CAPUT
2989 4079 3080 4136 XI.

2246 4199 2325 4253 De
2368 4199 2583 4253 diversis
2612 4197 2881 4253 monachis
2916 4205 2966 4251 et
2991 4212 3169 4251 eorum
3202 4195 3543 4251 institutione.

2170 4300 2446 4371 Praecipue
2483 4315 2611 4355 vero
2665 4296 3080 4366 insignissimam
3125 4294 3421 4352 Eeclesiam
3468 4294 3693 4350 demon-

2098 4400 2422 4457 straverunt,
2470 4401 2525 4447 et
2566 4391 2761 4461 dogma
2808 4390 3172 4447 dilataverunt
3215 4388 3341 4445 vitae
3379 4389 3690 4458 virtutibus,

2100 4486 2189 4555 qui
2220 4484 2628 4541 conversatione
2667 4482 2987 4538 monachica
3032 4482 3124 4538 illo
3156 4489 3409 4553 tempore
3434 4468 3690 4537 frueban-

2031 4603 2076 4661 ο
2102 4587 2209 4632 tur.
2247 4576 2541 4631 Ulilissima
2571 4588 2806 4643 namque
2833 4587 2922 4628 res
2949 4572 3017 4627 ad
3050 4572 3301 4629 homines
3332 4571 3481 4628 venit
3509 4586 3543 4627 a
3579 4571 3696 4629 Deo

2103 4670 2203 4724 ista
2236 4666 2591 4738 philosophia,
2617 4680 2738 4735 qua:
2776 4664 3063 4719 multarum
3094 4662 3464 4720 doctrinarum
3490 4670 3548 4719 et
3582 4662 3695 4718 dia-

2103 4761 2305 4816 lectica:
2329 4761 2458 4814 artis
2486 4758 2660 4813 studia
2702 4756 2948 4828 despicit,
2982 4766 3239 4829 tanquam
3268 4758 3339 4816 sit
3374 4759 3600 4826 minuta,
3641 4768 3699 4816 et

2104 4850 2342 4907 melioris
2382 4850 2562 4919 operis
2596 4856 2805 4920 tempus
2833 4848 3112 4920 impediat,
3141 4856 3305 4921 atquc
3338 4849 3410 4906 ad
3442 4859 3593 4907 recte
3612 4851 3696 4907 vi-

2102 4944 2336 5001 vcndum
2378 4944 2506 4998 nihil
2547 4942 2815 4999 ostendat.
2844 4942 2972 4999 llaec
3020 4957 3152 5013 ergo
3190 4942 3538 5016 philosophia
3564 4961 3699 5003 con-

2106 5036 2410 5093 versatione
2449 5034 2713 5101 miranda,
2765 5035 2994 5090 naturali
3026 5034 3367 5106 simplicique
3410 5036 3696 5108 prudentia

2100 5127 2263 5184 docet
2289 5127 2510 5183 omnino
2536 5142 2654 5197 quae
2685 5126 2977 5196 nequitiam
3015 5126 3283 5197 perimant
3304 5135 3361 5184 et
3400 5138 3711 5199 operentur

2103 5219 2269 5275 utilia.
2304 5219 2420 5274 Non
2451 5219 2595 5275 enim
2625 5218 2879 5291 praedicat
2905 5216 3178 5285 virtutem,
3219 5218 3314 5275 sed
3342 5220 3515 5292 magis
3536 5236 3695 5277 exer-

2102 5321 2188 5370 cet
2222 5333 2233 5367 :
2267 5314 2435 5371 nihilo
2465 5312 2705 5383 pendens
2732 5312 3025 5367 humanam
3072 5311 3317 5381 gloriam,
3360 5313 3697 5387 viriliterque

2102 5408 2360 5461 resistens
2381 5404 2720 5477 passionihus
2746 5403 2967 5468 animae;
2998 5411 3053 5458 et
3072 5419 3249 5474 neque
3275 5413 3483 5461 natura:
3504 5422 3695 5463 neces-

2104 5500 2350 5555 sitatibus
2380 5514 2438 5555 se
2464 5498 2661 5565 subdit,
2706 5512 2805 5552 nec
2833 5497 3078 5568 corporis
3109 5495 3404 5553 inﬁrmitati
3448 5512 3697 5554 succum.

2106 5594 2202 5649 bit.
2237 5594 2439 5647 Divina:
2469 5594 2664 5647 mentis
2694 5591 2950 5646 virtutem
2973 5591 3197 5656 habens,
3221 5605 3435 5661 semper
3454 5600 3695 5647 contem-

2107 5686 2283 5755 platur
2314 5685 2556 5741 omnium
2579 5684 2914 5749 Creatorem,
2942 5692 2997 5737 ct
3026 5698 3148 5738 cum
3190 5690 3350 5737 nocte
3378 5681 3577 5754 dieque
3602 5698 3696 5740 co-

2105 5778 2242 5843 lens,
2267 5778 2601 5832 orationibus
2630 5785 2685 5833 et
2713 5775 2914 5831 litaniis
2944 5774 3121 5847 placat
3150 5773 3537 5832 indubitanter.
3567 5774 3697 5832 Ani-

2106 5888 2207 5926 ma:
2235 5887 2359 5927 vero
2392 5872 2623 5941 puritate
2647 5881 2703 5927 ct
2727 5871 2995 5928 bonorum
3016 5876 3231 5927 actuum
3258 5870 3695 5943 conversatione,
