4006 6464
343 377 453 446 897
1443 372 1764 436 HISTORIA
1801 371 2241 433 TRIPARTITA.
2279 371 2548 432 LIBERI.
3524 373 3634 432 898

341 501 409 561 ad
431 497 726 556 ministeria
744 491 994 556 sedivina
1009 506 1362 566 componens,
1385 493 1732 565 purgationes
1751 507 1929 564 aspcr-
1956 495 2012 556 Α
2033 491 2196 548 modo
2235 491 2495 556 referens,
2527 489 2741 547 videtur
2767 491 2981 562 aperire
3027 491 3155 562 quia
3182 489 3238 548 hi
3267 490 3360 564 qui
3401 507 3472 550 ex
3519 492 3626 549 lle-

341 595 633 665 sionesque
659 599 1031 658 contemnens,
1059 589 1204 646 solas
1224 587 1551 660 pollutiones
1579 597 1800 658 peccata
1814 601 1934 658 pu-
2037 584 2196 640 brzeis
2225 583 2520 640 secundum
2547 597 2670 638 eum
2699 582 2992 640 Cbrtstiani
3019 592 3148 640 sunt
3166 583 3310 650 facti,
3344 584 3520 641 adhuc
3538 583 3627 641 Ju-

342 697 485 758 tans,
518 688 852 746 extrinsecus
881 687 1150 742 irruentes
1174 701 1332 743 casus
1361 693 1672 756 exsuperat,
1716 692 1772 740 et
1815 698 1935 740 om-

343 786 493 841 nium
522 782 769 840 absolute
811 780 1120 852 hujusmodi
1167 779 1493 836 dominatur.
1526 777 1641 834 Non
1680 791 1780 848 per
1823 783 1936 833 sta-

344 878 609 933 bilitatem
661 873 1148 944 necessitatemque
1197 873 1318 927 vita:
1369 869 1608 940 qualibet
1660 869 1940 924 voluntate

346 978 603 1035 mutatur,
645 982 756 1023 non
785 965 927 1020 mala
967 966 1176 1036 patiens
1201 964 1499 1032 ulciscitur,
1544 977 1654 1019 non
1679 961 1940 1030 languore

347 1073 440 1120 aut
480 1057 1228 1132 indigentianecessariorum
1267 1069 1578 1127 compressa
1623 1053 1937 1120 mordetur;

347 1157 444 1214 sed
496 1155 673 1228 potius
726 1152 988 1224 gloriatur
1035 1151 1089 1207 in
1137 1150 1350 1206 talibus.
1392 1151 1552 1221 212
1596 1146 1936 1211 Patientiam,
1979 1166 1982 1167 ν

350 1245 841 1313 mansuetudinem,
868 1242 1299 1299 mediocritatem
1328 1240 1383 1295 in
1411 1237 1558 1295 omni
1585 1237 1695 1292 vita
1723 1235 1942 1292 medita-

353 1348 471 1406 tur;
501 1347 556 1394 ct
596 1344 856 1408 quantum
887 1342 1094 1390 natura:
1121 1333 1373 1388 humana:
1400 1328 1656 1402 possibile
1694 1335 1795 1394 est,
1827 1327 1940 1383 Deo

351 1450 472 1490 esse
495 1433 752 1502 vicinum,
790 1431 943 1488 velut
988 1430 1043 1486 in
1071 1428 1304 1485 transitu
1352 1435 1509 1484 utens
1541 1423 1940 1498 praesentibus:

352 1541 530 1602 neque
557 1524 701 1582 circa
727 1522 1126 1595 possessionem
1163 1535 1346 1576 rerum
1374 1524 1636 1589 occupata
1675 1513 1944 1571 constrin-

351 1617 514 1688 gitur,
539 1630 718 1688 neque
744 1615 888 1671 ultra
916 1628 1080 1685 quam
1109 1628 1245 1685 Opus
1273 1619 1361 1669 cst
1397 1611 1454 1666 in
1489 1608 1740 1682 praesenti
1762 1605 1943 1680 provi-

353 1709 483 1766 dere
503 1707 686 1765 forsan
706 1715 950 1778 urgetur.
980 1705 1208 1776 Semper
1246 1711 1426 1760 autem
1450 1700 1850 1774 simplicitatem
1888 1705 1946 1754 et

353 1798 672 1856 exercitium
699 1796 862 1869 hujus
890 1797 1262 1854 instructionis
1288 1793 1533 1864 laudans,
1555 1790 1944 1850 beatitudinem

2039 678 2190 735 daice
2213 678 2476 744 viverent,
2505 691 2801 747 eorumque
2828 678 3119 734 constituta
3138 686 3438 734 servarent.
3471 677 3628 749 Apud

2040 771 2177 827 alios
2227 770 2371 826 enim
2426 785 2536 826 non
2583 769 2856 824 invenitur
2895 769 3054 838 hujus
3095 771 3222 826 vita:
3259 771 3627 829 conversatio.

2042 864 2195 921 Unde
2217 863 2449 935 conjicio
2479 878 2547 920 ex
2591 863 2685 919 illo
2726 862 2868 935 apud
2905 861 3190 935 Egyptios
3229 865 3369 922 hanc
3395 864 3631 937 philoso-

2039 958 2222 1030 phiam
2257 957 2509 1014 habuisse
2535 956 2819 1028 principia.
2854 954 3152 1024 Somnum,
3176 955 3266 1010 lib.
3299 973 3336 1022 ι,
3379 974 3498 1029 cap.
3532 956 3621 1024 l2,

2039 1069 2094 1120 ρ.
2121 1049 2244 1104 417.

2113 1143 2217 1199 Alii
2244 1157 2376 1199 vero
2403 1141 2590 1198 dicunt
2634 1141 2761 1196 huic
2788 1155 3006 1196 causam
3034 1139 3202 1196 fuisse
3228 1139 3631 1196 convcrsationi

2042 1235 2474 1308 persecutiones,
2500 1249 2619 1304 qua:
2639 1233 2917 1302 religionis
2943 1248 3105 1289 causa
3128 1247 3223 1305 per
3245 1241 3484 1303 tempora
3506 1247 3632 1302 pro-

2041 1336 2328 1385 venerunt.
2357 1327 2426 1383 Et
2455 1328 2710 1397 quoniam
2741 1325 3006 1396 fugientes
3033 1328 3087 1382 in
3109 1327 3403 1396 montibus,
3433 1333 3490 1380 et
3515 1324 3632 1381 val-

2043 1421 2204 1491 libus,
2231 1421 2566 1490 desertisque
2615 1420 2986 1485 morabantur,
3033 1421 3103 1476 ad
3144 1421 3365 1477 modum
3404 1435 3464 1476 se
3508 1419 3633 1474 vita:

2044 1515 2202 1586 hujus
2241 1523 2612 1570 assueverunt.
2645 1513 2752 1570 Sed
2793 1514 2907 1569 sive
2944 1513 3207 1586 Egyptii,
3255 1514 3368 1570 sive
3396 1515 3486 1569 alii
3514 1513 3636 1584 qui-

2045 1611 2170 1668 dam
2210 1611 2335 1667 huic
2383 1611 2451 1666 ab
2495 1609 2648 1665 initio
2695 1609 3052 1681 philosophia:
3096 1609 3427 1680 przefuerunt
3455 1627 3470 1666 :
3501 1606 3637 1664 illud

2047 1715 2228 1760 tamen
2257 1704 2401 1776 apud
2434 1718 2624 1760 omnes
2651 1711 2882 1772 constat,
2937 1702 3063 1774 quia
3092 1702 3157 1758 ad
3198 1703 3462 1758 Summam
3484 1717 3638 1758 reve-

2047 1796 2277 1853 rentiam
2313 1803 2476 1864 atque
2502 1793 2912 1865 perfectionem,
2960 1794 3199 1849 moribus
3237 1793 3639 1850 exercitationi-

355 1890 753 1964 contemplatur
803 1897 1100 1957 aeternam,
1161 1895 1218 1944 et
1271 1886 1340 1942 ad
1394 1885 1606 1942 felicem
1658 1881 1948 1939 terminum
1976 1887 2260 1958 Bbusque
2305 1887 2640 1951 decentibus,
2687 1888 2827 1944 hanc
2870 1886 2927 1942 in
2956 1886 3426 1943 conversationem
3468 1900 3641 1955 usque

291 1999 294 2004 '
356 1984 506 2040 omni
532 1983 818 2040 vivacitate
855 1982 1095 2038 festinat.
1127 1979 1345 2036 Timore
1387 1978 1571 2035 divino
1618 1976 1736 2032 sine
1780 1975 1951 2030 inter-

359 2076 618 2132 missione
647 2075 945 2146 suspirans,
974 2071 1301 2144 turpiloquia
1345 2084 1624 2142 respuens,
1657 2077 1714 2125 et
1733 2083 1834 2124 nec
1859 2083 1950 2124 us-

357 2181 464 2238 que
506 2165 575 2222 ad
619 2180 810 2223 vocem
851 2165 1102 2222 emittere
1155 2163 1388 2235 patiens,
1438 2176 1666 2233 quorum
1706 2159 1952 2216 actiones

358 2257 471 2313 suis
500 2256 710 2313 actibus
738 2255 981 2312 noscitur
1002 2254 1303 2311 exsolvere.
1331 2252 1390 2308 In
1410 2251 1562 2308 brevi
1591 2250 1951 2322 comprehen-

357 2346 492 2404 dens
520 2347 822 2404 necessaria
849 2355 1074 2414 naturae,
1106 2355 1162 2402 et
1199 2359 1398 2416 cogens
1427 2359 1623 2415 corpus
1659 2340 1950 2398 mediocri-

358 2436 459 2494 bus
479 2438 738 2509 indigere,
765 2438 1001 2495 castitati
1029 2437 1299 2493 luxuriam
1321 2435 1503 2493 subdit
1527 2453 1540 2503 ;
1568 2434 1775 2505 justitia
1797 2433 1954 2505 punit

359 2526 694 2599 injustitiam,
719 2537 775 2585 et
799 2528 1030 2586 veritate
1053 2526 1414 2584 mendacium.
1447 2524 1741 2596 Disciplina
1767 2536 1952 2580 rerum

360 2623 600 2678 omnium
652 2635 934 2678 mensuras
983 2619 1384 2690 participatur:
1425 2632 1548 2674 cum
1591 2615 1852 2688 proximis
1898 2615 1955 2672 in

360 2715 714 2773 unanimitate
763 2722 822 2770 et
868 2711 1250 2769 communione
1313 2709 1590 2776 consistit;
1659 2708 1956 2764 amicorum

361 2806 588 2882 provida
627 2812 711 2862 est
755 2811 920 2876 atque
946 2803 1389 2875 peregrinorum;
1419 2815 1539 2872 quae
1582 2800 1803 2871 propria
1831 2806 1958 2855 sunt

362 2897 671 2957 communia
709 2895 842 2952 facit
887 2894 1182 2964 egentium,
1214 2901 1272 2948 et
1299 2899 1482 2949 tuetur
1527 2892 1679 2948 utilia
1720 2891 1955 2961 singulo-

362 3007 512 3058 rum;
542 3002 720 3062 neque
739 2986 1097 3058 gaudentibus
1123 2985 1452 3056 importuna,
1485 2991 1540 3040 et
1567 2981 1838 3038 tribulatis
1865 2995 1966 3037 re-'

364 3081 601 3139 medium
639 3077 1028 3136 consolationis
1057 3084 1369 3149 apportans.
1413 3075 1494 3132 Ad
1539 3089 1728 3132 verum
1754 3073 1959 3131 bonum

365 3171 695 3244 diligentiam
721 3185 876 3227 suam
915 3159 1132 3242 semper
1151 3166 1467 3234 extendens,
1505 3165 1846 3224 sermonibus
1867 3180 1961 3222 ca-

2050 1978 2304 2051 perduxit
2356 1977 2622 2034 Antonius
2664 1977 2931 2034 maximus
2995 1977 3424 2045 monachorum;
3477 1991 3642 2046 quem

2050 2079 2182 2126 tunc
2209 2070 2261 2125 in
2294 2068 2524 2125 desertis
2570 2067 2792 2141 Egypti
2837 2075 3141 2124 morantem
3174 2069 3298 2140 (An.
3324 2067 3479 2123 Dom.
3510 2063 3643 2136 ⁸554)

2053 2171 2279 2235 propter
2322 2163 2549 2233 gloriam
2576 2161 2789 2217 virtutis
2831 2160 2966 2232 ejus,
3015 2161 3312 2232 imperator
3335 2157 3643 2215 Constanti-

2053 2271 2156 2312 nus
2197 2255 2430 2311 amicum
2473 2255 2694 2320 fecerat,
2745 2254 2939 2310 litteris
2985 2252 3319 2319 honorabat;
3366 2259 3423 2306 et
3460 2258 3519 2306 ut
3543 2264 3644 2320 pro

2053 2348 2250 2418 quibus
2277 2347 2440 2403 vellet
2479 2345 2530 2402 ei
2558 2346 2904 2412 rescriberet,
2945 2343 3254 2416 expetebat.
3296 2341 3421 2397 Fuit
3463 2349 3647 2396 autem

2058 2441 2164 2496 iste
2190 2439 2274 2494 vir
2319 2437 2607 2510 Egyptius
2635 2450 2854 2506 genere,
2887 2443 3038 2492 ortus
3085 2434 3141 2489 in
3187 2431 3386 2503 insigni
3418 2431 3559 2499 vico,
3590 2431 3649 2488 in

2054 2530 2178 2587 loco
2209 2527 2468 2585 Heraclia:
2497 2526 2636 2598 apud
2661 2526 2946 2598 )Egyptios
2967 2523 3286 2581 constituto.
3315 2521 3367 2577 ls
3394 2535 3529 2592 puer
3548 2533 3640 2576 re-

2054 2623 2217 2681 lictus
2239 2623 2532 2693 orphanus,
2564 2629 2819 2691 paternos
2855 2619 3078 2675 donavit
3102 2632 3261 2687 agros
3305 2615 3650 2672 convicaneis

2056 2720 2200 2785 suis;
2247 2717 2406 2772 aliam
2459 2729 2590 2770 vero
2636 2713 2995 2768 substantiam
3041 2711 3357 2781 disponens,
3413 2707 3649 2778 pretium

2058 2809 2388 2882 pauperibus
2418 2806 2700 2876 erogavit:
2727 2803 2954 2860 studiosi
2979 2801 3295 2859 existimans
3322 2812 3442 2856 esse
3469 2799 3651 2870 philo-

2060 2901 2237 2973 sophi,
2264 2916 2372 2956 non
2402 2898 2579 2956 solum
2610 2897 2960 2968 semetipsum
2986 2893 3222 2965 spoliare
3253 2891 3516 2964 pecuniis,
3554 2889 3652 2947 sed

2061 3010 2155 3052 eas
2181 2995 2491 3066 dispensare
2521 2991 2778 3062 proficuc.
2805 2987 3033 3047 Junctus
3062 2994 3241 3043 autem
3271 2984 3532 3042 studiosis
3560 2998 3652 3040 se-

2061 3084 2298 3141 cundum
2344 3097 2404 3139 se
2451 3082 2599 3148 viris,
2647 3081 2876 3136 virtutes
2914 3079 3190 3134 zelabatur
3236 3075 3650 3132 universorum:

2059 3175 2299 3248 probans
2342 3174 2543 3231 bonam
2583 3173 2747 3228 vitam
2791 3185 3011 3226 suavem
3054 3169 3173 3224 fieri
3201 3168 3319 3239 ipsa
3359 3175 3657 3223 consuetu-

365 3266 466 3325 stis
492 3251 930 3337 sapientibusque
973 3261 1214 3319 consiliis
1237 3269 1432 3318 ornato
1471 3277 1536 3316 ac
1563 3275 1704 3316 vano
1741 3258 1960 3329 eloquio
1987 3279 2035 3344 ρ
2064 3267 2213 3338 dine,
2242 3267 2369 3324 licet
2397 3265 2559 3321 fuerit
2584 3264 2760 3336 primo
2785 3261 3035 3318 diflicilis.
3061 3259 3250 3316 Modos
3275 3257 3656 3314 adinveniebat

367 3357 591 3414 remotis
618 3355 869 3412 erudiens
898 3362 1060 3426 atque
1083 3368 1280 3410 curans
1305 3353 1474 3410 veluti
1493 3351 1814 3424 quibusdam
1841 3367 1959 3408 me-

371 3447 729 3505 dicaminibus
784 3446 1092 3514 audientes,
1142 3460 1266 3502 cum
1311 3444 1522 3501 honore
1564 3453 1620 3501 et
1658 3444 1962 3501 reverentia

370 3539 752 3612 dispositiones
773 3553 898 3594 suas
923 3537 1225 3606 celebrans,
1250 3537 1625 3605 contentione,
1651 3539 1964 3595 certamini-

371 3634 470 3689 bus
498 3631 684 3701 iraque
709 3631 941 3702 privata.
971 3629 1106 3684 Nam
1130 3644 1255 3686 cum
1284 3630 1356 3685 sit
1397 3629 1698 3698 rationalis,
1746 3645 1964 3688 omnem

373 3732 578 3778 motum
607 3721 974 3778 irrationalem
1002 3719 1156 3791 fugit,
1183 3721 1508 3790 generaliter
1534 3722 1814 3794 passiones
1838 3738 1965 3779 cor-

373 3815 524 3886 poris
551 3813 791 3870 devincit
819 3820 874 3869 et
902 3812 1113 3868 animae.
1147 3811 1319 3884 Hujus
1346 3813 1528 3884 itaque
1555 3813 1968 3884 elegantissima:

378 3906 736 3979 philosophia:
793 3906 1044 3980 princeps
1086 3906 1304 3978 quidem
1356 3905 1486 3973 fuit,
1540 3907 1698 3963 sicuti
1749 3907 1967 3978 quidam

377 3999 598 4070 dicunt,
647 3997 797 4067 Elias
839 3999 1106 4071 propheta
1151 4006 1207 4056 et
1248 3997 1491 4070 Baptista
1536 3997 1792 4055 Joannts.
1815 3997 1969 4056 Philo

377 4102 557 4150 autem
603 4091 990 4165 Pythagoricus
1036 4091 1147 4148 suis
1193 4091 1528 4163 temporibus
1574 4091 1740 4149 refert
1788 4090 1969 4163 (Philo

381 4185 656 4254 Hebrum,
699 4185 792 4241 lib.
841 4185 906 4240 de
949 4184 1071 4241 Vita
1113 4186 1395 4256 conteMp.)
1440 4183 1677 4254 undique
1725 4183 1970 4253 egregios

379 4274 728 4333 llcbrzeorum
770 4275 824 4330 in
871 4273 1106 4346 quodam
1151 4274 1354 4345 prtedio
1401 4274 1546 4329 circa
1584 4281 1831 4342 stagnum
1857 4271 1973 4326 Ma-

378 4367 516 4423 riam
573 4366 654 4438 in|
690 4366 831 4422 colle
892 4365 1127 4436 positum
1189 4364 1621 4435 philosophatos.
1673 4361 1968 4418 llabitacu-

381 4458 493 4512 lum
537 4472 667 4514 vero
707 4471 916 4522 eorum,
962 4465 1019 4512 et
1060 4455 1230 4523 cibos,
1271 4464 1327 4511 et
1371 4455 1838 4512 conversationem
1889 4463 1973 4510 ta-

383 4550 491 4606 lem
523 4548 834 4618 introducit,
881 4547 1096 4620 qualem
1127 4557 1180 4604 et
1209 4561 1310 4602 nos
1347 4561 1490 4602 nunc
1517 4545 1660 4616 apud
1689 4544 1972 4618 Aﬁgyptio-

2065 3359 2406 3416 abstinentia:
2446 3356 2694 3429 potioris,
2744 3365 2799 3411 et
2823 3353 3065 3425 quotidie
3108 3350 3497 3408 exercitatione
3539 3363 3659 3405 cre-

2063 3453 2273 3510 scebat.
2311 3449 2594 3520 Tanquam
2637 3462 2854 3518 semper
2900 3445 3164 3516 incipiens
3191 3441 3393 3514 aliquid
3435 3441 3660 3496 innova-

2069 3545 2182 3612 bat,
2207 3541 2589 3598 afﬂictionibus
2612 3539 2858 3610 corporis
2876 3535 3151 3608 puniendo
3171 3533 3468 3601 libidinem,
3493 3545 3662 3588 sacrte

2065 3650 2198 3691 vero
2243 3632 2522 3704 sapientia:
2556 3629 2838 3686 voluntate
2877 3627 3217 3701 passionibus
3263 3625 3455 3680 anima:
3501 3637 3660 3694 repu-

2067 3725 2302 3798 gnando.
2329 3723 2458 3779 Erat
2485 3722 2628 3779 enim
2659 3722 2774 3792 ejus
2811 3735 2936 3776 esca
2968 3718 3115 3776 solus
3145 3718 3318 3790 panis,
3345 3725 3400 3772 et
3427 3715 3526 3782 sal,
3557 3729 3660 3786 po-

2070 3827 2158 3874 tus
2185 3832 2345 3889 aqua,
2377 3815 2695 3887 prandiique
2723 3822 2936 3883 tempus
2965 3812 3096 3867 solis
3116 3823 3362 3866 occasus.
3385 3806 3660 3875 Frequen-

2070 3920 2155 3967 ter
2173 3909 2315 3967 enim
2343 3909 2480 3965 duos
2503 3915 2558 3964 et
2579 3905 2810 3978 amplius
2831 3905 2945 3961 dies
2969 3905 3086 3959 sine
3115 3902 3238 3957 cibo
3266 3899 3538 3956 manebat.
3561 3899 3660 3955 Vi-

2071 4003 2292 4073 gilabat,
2321 4009 2380 4056 ut
2405 4001 2478 4056 ita
2501 3999 2728 4062 dicatur,
2771 4011 2986 4067 semper
3013 3993 3230 4065 quidem
3254 3991 3368 4061 jugi
3397 3998 3577 4057 nocte,
3605 3999 3662 4047 et

2075 4093 2415 4150 orationibus
2439 4088 2786 4160 contingebat
2812 4086 3028 4158 quidem
3049 4084 3220 4148 diem;
3268 4083 3313 4138 si
3354 4095 3486 4137 vero
3513 4097 3660 4137 som-

2075 4201 2176 4242 nus
2195 4185 2550 4251 incumberet,
2578 4179 2772 4256 stando
2793 4178 3067 4250 paululum
3089 4175 3412 4240 dormiebat,
3437 4173 3648 4244 plerum

2075 4293 2180 4348 que
2204 4277 2515 4349 pavimento
2537 4274 2749 4346 jacens,
2768 4271 3048 4342 solamque
3081 4276 3282 4326 terram
3311 4274 3539 4324 stratum
3579 4283 3660 4323 re-

2071 4371 2320 4427 fectionis
2354 4369 2500 4440 [ms.,
2532 4361 2934 4435 refectionibus]
2979 4362 3220 4418 habens:
3247 4359 3354 4416 olei
3404 4357 3662 4429 siquidem

2075 4461 2406 4524 unctionem,
2441 4458 2778 4513 lavacrorum
2810 4464 2972 4525 atque
3010 4451 3264 4509 similium
3307 4465 3462 4506 usum
3492 4448 3662 4505 modis

2075 4551 2326 4608 omnibus
2361 4548 2634 4606 devitabat
2662 4565 2676 4602 :
2701 4560 2769 4602 ne
2815 4542 3221 4600 humectatione
3267 4541 3446 4597 suain
3486 4539 3638 4595 molli

382 4657 505 4700 rum
550 4641 848 4698 monachos
885 4655 1008 4697 esse
1053 4638 1437 4722 conspicimus.
1484 4636 1685 4694 Scribit
1713 4638 1855 4694 enim
1883 4639 1969 4692 in-
1999 4645 2208 4733 Dticm
2257 4658 2456 4715 corpus
2493 4642 2822 4697 immutaret.
2855 4638 3021 4694 Aiunt
3061 4637 3204 4693 enim
3249 4649 3426 4704 neque
3469 4633 3663 4692 nudum

383 4735 645 4793 choantes
664 4749 760 4790 eos
787 4731 1190 4804 philosOphiam
1212 4730 1406 4788 cedere
1433 4729 1683 4786 omnibus
1711 4729 1812 4787 sibi
1831 4745 1974 4788 com-

383 4826 694 4900 petentibus
729 4825 914 4890 rebus,
961 4824 1277 4893 cunctisque
1325 4822 1706 4879 abrenuntiare
1740 4821 1976 4893 permix-

385 4919 648 4988 tionibus,
685 4924 742 4973 et
771 4926 927 4973 extra
963 4930 1148 4972 muros
1190 4913 1245 4970 in
1274 4913 1527 4970 solitariis
1553 4913 1697 4984 agris
1724 4919 1778 4968 et
1805 4911 1976 4970 hortis

385 5010 708 5068 inhabitare.
739 5007 942 5066 Domos
969 5014 1151 5064 autem
1181 5005 1261 5061 eis
1288 5018 1409 5061 esse
1434 5004 1666 5062 sacraria
1686 5017 1807 5074 qua:
1834 5003 1977 5074 apud

321 5109 329 5118 '
387 5120 490 5162 nos
512 5102 842 5162 monasteria
862 5108 1261 5173 nuncupantur,
1292 5108 1348 5155 et
1375 5099 1431 5154 in
1459 5098 1539 5155 eis
1566 5097 1977 5154 conversatione

388 5195 632 5255 solitaria
668 5193 899 5252 honesta
944 5193 1222 5251 celebrare
1267 5191 1544 5263 mysteria,
1589 5189 1976 5260 diligenterque

388 5287 610 5361 psalmis
633 5293 692 5344 et
709 5286 924 5358 hymnis
945 5285 1164 5357 placare
1197 5283 1565 5350 Divinitatem,
1596 5293 1653 5339 et
1692 5291 1816 5340 ante
1846 5284 1977 5342 solis

389 5393 646 5437 occasum
689 5392 802 5434 non
829 5383 1049 5446 gustare
1093 5374 1303 5442 cibum;
1346 5374 1481 5430 alios
1519 5381 1698 5429 autem
1743 5389 1842 5444 per
1866 5384 1979 5436 tres

391 5473 507 5528 dies
533 5481 590 5528 et
618 5469 870 5542 amplius,
915 5467 1187 5538 certisque
1213 5466 1404 5522 diebus
1451 5467 1505 5523 in
1549 5467 1855 5538 pavimento
1881 5470 1978 5526 ha-

391 5562 522 5620 bere
549 5561 766 5630 cubilia,
793 5560 924 5618 vino
951 5573 1168 5630 semper
1213 5565 1270 5614 et
1311 5557 1627 5628 sanguinem
1655 5558 1980 5620 habentibus

392 5655 683 5722 abstinere,
708 5653 888 5710 cibum
915 5652 996 5709 eis
1031 5665 1153 5706 esse
1191 5649 1345 5721 panis
1372 5656 1428 5705 et
1453 5649 1605 5720 salis,
1634 5658 1691 5707 et
1732 5652 1974 5724 byssOpi,

394 5755 452 5804 et
477 5756 666 5818 potum
711 5761 886 5816 aqum.
927 5743 1180 5800 Mulieres
1228 5742 1307 5798 eis
1351 5741 1688 5809 cohabitare,
1731 5745 1975 5801 seniores

395 5840 633 5911 virgines
657 5845 885 5912 propter
914 5852 1154 5894 amorem
1174 5835 1527 5908 philosophia:
1552 5844 1853 5908 spontanea
1873 5853 1975 5895 vo-

399 5931 608 5998 luntate
643 5931 846 6008 nuptiis
897 5929 1249 5992 abstinentes.
1300 5925 1368 5988 Et
1405 5924 1561 5990 Philo
1602 5928 1819 6007 quidem
1870 5929 1978 5996 hoc

2081 4753 2205 4796 eum
2245 4735 2532 4808 aliquando
2559 4734 2752 4790 visum.
2784 4730 3018 4788 Litteras
3044 4735 3187 4799 ,vero
3218 4744 3394 4800 neque
3439 4729 3666 4794 sciebat,

2083 4845 2259 4901 neque
2291 4828 2586 4884 mirabatur
2610 4825 2727 4899 [me
2751 4824 2906 4897 Lyra,
2935 4818 3344 4891 meditabatur],
3373 4819 3469 4874 sed
3491 4819 3665 4889 potius

2083 4930 2320 4978 mentem
2345 4919 2544 4976 bonam
2575 4924 2830 4988 tanquam
2873 4916 3144 4971 seniorem
3170 4911 3469 4968 litterarum
3495 4927 3508 4961 :
3533 4922 3665 4978 qua-

2082 5029 2205 5071 rum
2245 5022 2423 5068 tamen
2464 5011 2801 5066 inventorem
2839 5005 2960 5078 jure
3001 5004 3271 5061 laudabat.
3321 4999 3445 5055 Fuit
3486 5008 3668 5055 autem

2082 5109 2352 5182 praecipue
2375 5105 2846 5176 clementissimus,
2867 5111 3063 5169 castus,
3090 5099 3266 5168 fortis,
3292 5105 3476 5168 gratus
3497 5094 3669 5151 collo-

2081 5201 2395 5273 quentibus,
2416 5200 2534 5256 sine
2556 5199 2664 5255 ulla
2681 5197 2914 5254 tristitia.
2939 5194 3008 5250 Et
3030 5195 3159 5250 licet
3181 5190 3272 5261 qui
3293 5203 3418 5245 cum
3447 5187 3539 5243 illo
3557 5185 3670 5242 dis-

2083 5301 2335 5368 putarent
2402 5293 2659 5350 certative
2719 5292 3044 5363 quaestiones
3115 5285 3417 5352 inferrent,
3485 5289 3670 5338 tamen

2081 5401 2236 5444 more
2262 5386 2423 5442 solito
2451 5387 2728 5458 sapienter
2754 5394 2810 5441 et
2841 5379 3304 5453 disciplinabiliter
3331 5384 3670 5434 crescentem

2080 5477 2305 5536 sedabat
2342 5493 2487 5550 smpe
2512 5477 2937 5539 contentionem,
2968 5480 3025 5529 et
3051 5469 3122 5527 ad
3167 5483 3473 5526 mensuram
3518 5466 3671 5523 debi-

2081 5577 2194 5625 tam
2221 5570 2466 5642 protinus
2506 5567 2885 5634 transferebat,
2914 5562 3356 5635 loquentiumque
3397 5557 3501 5616 sibi
3531 5565 3669 5614 stre-

2082 5663 2253 5735 pitum
2281 5661 2638 5734 temperabat,
2681 5673 2978 5730 eorumque
3021 5671 3202 5714 mores
3241 5654 3410 5710 veluti
3435 5651 3670 5723 quadam

2081 5754 2266 5823 regula
2307 5753 2686 5825 componebat.
2720 5750 2907 5806 Tantis
2947 5750 3129 5820 itaque
3155 5747 3445 5804 virtutibus
3485 5745 3668 5803 divina

2082 5843 2423 5916 providentia
2448 5839 2776 5910 redundans,
2806 5856 2867 5898 se
2901 5841 3082 5898 futura
3117 5837 3370 5912 prmscire
3396 5852 3509 5894 non
3531 5834 3672 5891 testi-

2083 5935 2269 6002 tnabat
2310 5949 2432 5995 esse
2457 5933 2740 6017 virtutem;
2769 5943 2827 5995 et
2861 5941 3152 6013 propterea
3178 5947 3280 5993 nec
3312 5929 3668 5995 laborandum
