3998 6344
419 336 526 398 899

1686 321 1758 381 Μ.
1788 316 2063 381 AllRELﬂ
2078 313 2486 385 ,CASSIODORI

3574 310 3719 383 990

423 454 654 513 inaniter
685 448 826 506 circa
846 444 984 502 talia
1028 440 1328 500 suadebat:
1359 435 1573 511 quando
1621 452 1724 497 nec
1754 436 2005 504 ignoran-
2031 439 2079 498 Α
2110 431 2313 488 invenit
2359 444 2480 485 eum
2527 426 3247 502 inferiorem,,perfecta,aque
3280 438 3417 499 eum
3449 423 3721 499 philoso-

424 556 530 603 tem
578 542 753 597 futura
800 553 975 609 poena:
1025 534 1393 599 succumbere,
1445 546 1546 588 nec
1589 532 1849 587 scientem
1883 542 2009 598 pro-

423 649 606 711 pterea
636 643 881 691 sanctum
907 645 1027 686 esse
1046 627 1377 684 declarabat.
1407 623 1599 680 Veram
1631 636 1862 691 namque
1883 619 2009 675 bea-

425 727 707 787 titudinem
740 726 792 779 in
824 724 1032 779 cultura
1064 720 1158 775 Dei
1187 726 1240 773 et
1282 718 1459 786 legum
1490 715 1607 784 ejus
1634 711 2010 771 observatione

422 822 654 879 dicebat.
708 817 765 872 Si
805 816 893 872 cui
935 821 1114 868 autem
1147 811 1262 866 haec
1308 817 1448 864 esset
1494 822 1642 872 cura,
1675 804 1904 860 docebat
1954 809 2011 856 ut

422 919 678 987 purgaret
724 909 980 971 animam,
1009 920 1118 973 quo
1160 910 1342 973 posset
1388 900 1678 970 reSpicere,
1720 906 1777 952 et
1805 896 2012 950 futuro-

422 1020 543 1060 rum
584 1001 830 1057 notitiam
883 996 1179 1068 possidere,
1238 993 1330 1048 Dei
1378 992 1630 1045 videlicet
1677 987 2013 1058 prmscientia

423 1094 759 1151 declaraute.
800 1089 1010 1145 Vacare
1057 1094 1237 1141 autem
1286 1097 1387 1139 nec
1435 1082 1549 1152 ipse
1589 1079 1913 1150 patiebatur,
1959 1084 2017 1131 et

424 1186 565 1242 bene
588 1186 854 1239 victurum
877 1193 1091 1248 semper
1112 1175 1326 1246 operari
1354 1171 1716 1243 praecipiebat,
1741 1185 1805 1224 ac
1826 1176 2017 1226 semet-

428 1279 605 1350 ipsum
648 1276 936 1339 discutere,
970 1280 1023 1327 et
1047 1284 1229 1325 secum
1271 1281 1471 1338 ponere
1514 1264 1779 1319 rationem
1824 1276 2013 1318 eorum

428 1385 546 1441 quae
583 1368 752 1439 gessit
800 1366 888 1421 die
936 1371 1241 1432 noctuque;
1272 1360 1317 1415 si
1362 1358 1490 1427 quid
1540 1364 1720 1411 autem
1761 1354 2019 1410 indecens

427 1469 633 1529 ageret,
684 1457 1072 1520 conscriberet,
1100 1462 1157 1508 ut
1196 1453 1262 1506 de
1290 1459 1488 1506 caetero
1518 1453 1763 1520 parceret
1799 1446 1851 1500 in
1882 1445 2018 1501 deli-

436 1561 549 1619 cto,
596 1550 944 1620 semetipsum
978 1546 1185 1601 scilicet
1214 1544 1557 1606 erubescens,
1608 1540 1650 1594 si
1681 1537 1908 1609 plurima
1938 1536 2020 1593 sui

429 1646 625 1702 delicta
673 1638 1254 1713 comperissetzsimul
1301 1638 1464 1693 etiam
1511 1645 1756 1693 metuens
1804 1648 1872 1689 ne
1924 1648 2023 1703 per

425 1735 843 1806 conscriptionis
874 1732 1128 1787 indicium
1176 1720 1341 1785 fieret.
1361 1729 1478 1783 aliis
1507 1725 1838 1781 manifestus.
1890 1721 2022 1778 Erat

414 1830 574 1895 enim
606 1827 925 1889 laboriosus,
973 1832 1029 1879 et
1073 1822 1307 1876 maxime
1355 1836 1455 1891 pro
1505 1817 1708 1873 solatiis
1737 1829 2024 1888 oppresso-

425 1936 568 1981 rum.
602 1918 731 1986 Quis
762 1916 962 1985 etenim
996 1914 1132 1969 alter
1162 1914 1237 1968 sic
1270 1909 1661 1967 ferventissime
1685 1908 1780 1963 fuit
1816 1906 2025 1962 studio-

424 2029 541 2078 sus,
572 2027 802 2082 quorum
833 2010 1005 2079 gratia
1031 2022 1173 2077 saepe
1206 2005 1456 2061 veniebat
1497 2003 1564 2059 ad
1594 2003 1872 2057 civitates?
1901 2000 2026 2055 Plu-

428 2107 553 2164 rimi
584 2120 819 2174 namque
844 2103 893 2158 vi
924 2101 1284 2172 compellente
1314 2098 1577 2167 cogebant
1609 2098 1769 2168 213
1793 2110 1917 2150 eum
1946 2094 2024 2149 le-

427 2200 648 2273 gatione
679 2197 826 2266 fungi
857 2195 997 2266 apud
1019 2194 1229 2263 judices
1278 2201 1333 2246 et
1371 2191 1746 2260 magistratus;
1792 2202 2024 2257 quorum

428 2289 626 2358 singuli
668 2288 753 2343 vel
799 2287 982 2341 videre
1017 2300 1140 2340 eum
1167 2282 1481 2354 judicabant
1530 2281 1687 2335 nimis
1728 2280 2026 2349 egregium,

427 2379 739 2449 loquentem
770 2376 980 2444 audire,
1025 2383 1082 2430 et
1119 2373 1452 2444 pnecipienti
1478 2386 1671 2442 parere
1712 2370 2026 2438 gloriosum.

420 2469 533 2535 Qui
561 2485 683 2524 cum
708 2469 827 2523 talis
851 2479 1013 2531 esset,
1040 2465 1289 2520 studebat
1315 2473 1493 2518 tamen
1518 2463 1752 2532 ignorari
1775 2471 1830 2517 et
1856 2462 2025 2518 latere

436 2576 536 2630 per
564 2575 824 2615 cremum.
858 2557 913 2613 Si
946 2573 1073 2613 vero
1106 2556 1427 2612 necessitate
1449 2555 1678 2610 faciente
1704 2554 1939 2610 venisset
1979 2552 2033 2606 in

441 2655 737 2721 civitatem,
768 2652 1029 2723 disposito
1059 2649 1273 2719 negotio
1327 2665 1422 2721 pro
1444 2663 1551 2718 quo
1577 2656 1817 2712 venerat,
1850 2645 1916 2701 ad
1941 2646 2038 2700 de-

439 2755 645 2807 sertum
680 2744 938 2800 continuo
981 2744 1371 2798 revertebatur.
1405 2739 1585 2795 Pisces
1615 2754 1847 2809 namque
1885 2738 2033 2793 dice-

444 2838 541 2893 bat
586 2852 684 2908 per
720 2836 1027 2891 humectam
1074 2835 1264 2889 nutriri
1313 2831 1702 2897 substantiam;
1754 2829 2035 2886 monachis

440 2938 622 2984 autem
660 2936 910 2983 ornatum
943 2925 1084 2982 ferre
1112 2925 1215 2999 [cr].
1253 2924 1339 2987 V.,
1364 2922 1502 2994 fore]
1523 2922 1817 2977 solitariam
1845 2920 2034 2975 vitam.

444 3019 514 3075 Et
541 3021 679 3076 sicut
709 3019 782 3075 illi
825 3028 984 3074 terra:
1024 3027 1172 3073 tactu
1216 3015 1497 3081 tabeﬁunt,
1538 3015 1617 3069 sic
1655 3014 1823 3083 gloria
1853 3028 2036 3068 mona-

436 3111 664 3168 chorum
703 3110 773 3165 ad
814 3111 975 3166 urbes
1022 3108 1333 3165 accedendo
1382 3106 1632 3163 foedatur.
1682 3104 2036 3160 Obedientem

2114 524 2252 594 phiae
2283 537 2403 577 esse
2436 529 2683 590 testatus,
2728 535 2969 577 seorsum
2988 518 3252 590 ,prtecepit
3278 517 3544 593 habitare,
3574 527 3726 583 tari-

2114 630 2275 685 quam
2328 629 2434 669 non
2485 623 2735 684 egentem
2784 612 3028 668 doctore.
3090 608 3457 675 Confirmahat
3517 617 3725 665 autem

2112 705 2254 759 Deus
2283 704 2502 759 Antonii
2550 703 2933 768 testimonium,
2985 710 3039 758 et
3088 701 3344 773 operibus
3382 700 3727 771 ostendebat

2114 796 2287 851 virum
2316 811 2437 851 esse
2465 795 2778 864 gloriosum,
2821 795 3046 865 ipsoque
3072 793 3299 849 doctore
3345 792 3726 863 superiorem,

2115 897 2278 960 atque
2304 889 2370 944 ad
2397 886 2710 955 allligendos
2738 896 2791 943 ct
2818 887 3167 957 expellendos
3194 886 3462 941 daemones
3489 899 3726 956 praepa-

2116 991 2310 1035 ratum.
2342 980 2630 1042 Somnum,
2658 978 2749 1034 lib.
2773 994 2812 1047 ι,
2843 995 2960 1050 cap.
2988 977 3073 1043 15,
3105 995 3158 1048 ρ.
3188 975 3311 1031 420.

2191 1072 2347 1127 Circa
2379 1073 2483 1127 hoc
2527 1074 2710 1141 itaque
2738 1081 2949 1141 tempus
2979 1068 3455 1140 phi1050phabatur
3482 1076 3543 1123 et
3571 1067 3723 1122 Am~

2118 1167 2330 1221 menius
2358 1165 2667 1237 Egyptias,
2694 1165 2761 1220 de
2787 1178 2895 1233 quo
2921 1178 3101 1218 sermo
3157 1159 3327 1216 fertur
3363 1161 3487 1232 quia
3517 1174 3733 1229 cogen-

2120 1260 2263 1316 tibus
2291 1261 2604 1331 parentibus
2650 1259 2892 1315 duxisset
2938 1270 3185 1319 uxorem,
3220 1270 3318 1310 nec
3366 1263 3551 1309 tamen
3592 1267 3730 1307 eam

2120 1352 2310 1409 fuisset
2366 1362 2644 1424 expertus.
2691 1351 2747 1405 lu
2794 1348 3062 1422 principio
3122 1361 3355 1418 namque
3402 1346 3730 1417 nuptiarum

2121 1462 2374 1519 sponsam
2406 1455 2681 1517 tamquam
2708 1461 2937 1517 sponsus
2966 1446 3019 1500 in
3044 1443 3279 1501 thalamo
3310 1443 3645 1515 percipiens,
3670 1450 3736 1497 et

2121 1539 2271 1595 solus
2299 1552 2421 1593 cum
2449 1553 2513 1592 ea
2537 1552 2843 1613 remanens,
2877 1538 2952 1592 ait
2983 1555 2995 1590 :
3029 1536 3236 1607 Nuptim
3262 1536 3497 1606 quidem,
3530 1550 3566 1590 ο
3597 1550 3734 1589 mu-

2124 1629 2246 1695 lier,
2276 1638 2477 1699 nostra:
2505 1644 2674 1699 usque
2703 1629 2770 1684 ad
2794 1629 2898 1685 hoc
2928 1629 3212 1693 celebrata:
3231 1637 3355 1687 sunt
3386 1638 3621 1698 tempus.
3657 1626 3736 1680 Et

2123 1722 2285 1794 quale
2313 1723 2514 1777 bonum
2540 1723 2608 1777 sit
2637 1738 2796 1794 posse
2821 1723 3082 1793 virginem
3108 1736 3428 1793 permanere
3449 1736 3520 1777 ex
3549 1722 3736 1787 sacris

2054 1843 2101 1905 Β
2128 1815 2394 1883 edocebat
2423 1816 2634 1881 litteris,
2669 1831 2735 1870 ac
2763 1830 3010 1871 seorsum
3034 1816 3182 1871 solus
3210 1829 3429 1877 manere
3450 1814 3732 1879 tentabat.

2126 1907 2234 1965 Sed
2264 1907 2519 1976 quoniam
2568 1907 2636 1962 de
2666 1908 2974 1976 virginitate
3012 1906 3229 1977 quidem
3268 1921 3548 1962 sermones
3574 1906 3736 1975 virgo

2127 1998 2463 2062 laudaverat,
2496 1998 2657 2055 dividi
2699 2007 2878 2054 autem
2906 1999 2972 2053 ab
3019 2014 3085 2053 eo
3136 2013 3299 2069 grave
3324 1997 3630 2068 judicabat,
3678 1998 3737 2052 in

2128 2094 2237 2150 alio
2266 2095 2430 2149 cubili
2460 2095 2763 2163 dormiens,
2802 2094 2958 2149 annis
2998 2093 3187 2149 decem
3235 2102 3291 2151 et
3319 2104 3445 2149 octo
3485 2108 3616 2148 cum
3661 2106 3731 2147 ea

2130 2189 2353 2254 mansit,
2382 2203 2557 2258 neque
2588 2196 2717 2243 tunc
2746 2203 2777 2242 a
2809 2187 3126 2244 monachica
3163 2186 3488 2243 abstinentia
3518 2201 3582 2241 se
3613 2199 3715 2241 sus

2132 2282 2393 2354 pendens.
2452 2281 2663 2337 Interea
2710 2280 2903 2336 mulier
2939 2278 3041 2335 viri
3081 2279 3253 2334 zelata
3276 2279 3555 2345 virtutem,
3588 2278 3736 2337 aesti-

2131 2376 2302 2430 mavit
2348 2390 2456 2431 non
2506 2388 2628 2429 esse
2650 2372 2854 2444 justum
2903 2378 3112 2426 tantum
3154 2371 3331 2425 virum
3359 2369 3507 2426 domi
3559 2369 3733 2425 celari

2137 2474 2361 2537 propter
2401 2481 2482 2532 se,
2514 2464 2609 2520 sed
2653 2472 2907 2536 oportere
2944 2464 3123 2535 potius
3160 2477 3404 2519 seorsum
3441 2469 3742 2533 utrumque

2136 2557 2528 2631 philosophari,
2559 2565 2617 2613 et
2654 2558 2724 2613 ob
2752 2556 2859 2613 hoc
2887 2556 3205 2628 supplicavit
3227 2555 3364 2612 viro.
3391 2554 3460 2610 At
3486 2554 3583 2610 ille
3604 2568 3743 2626 gra-

2139 2651 2243 2708 tias
2281 2665 2447 2721 agens
2471 2650 2582 2706 Deo
2606 2667 2707 2722 pro
2736 2650 3046 2720 hujusmodi
3075 2650 3404 2720 cogitatione
3447 2650 3694 2706 mulieris
3720 2668 3737 2705 :

2140 2743 2221 2800 Tu
2268 2744 2508 2816 quidem,
2556 2744 2752 2813 inquit,
2802 2744 2942 2799 hanc
2986 2743 3126 2799 habe
3172 2743 3411 2811 domum,
3452 2758 3558 2814 ego
3602 2745 3738 2800 mihi

2138 2836 2296 2893 aliam
2327 2836 2624 2891 fabricabo.
2677 2834 2745 2890 Et
2790 2836 2844 2891 in
2892 2835 3246 2891 meridianam
3272 2844 3485 2907 partem
3525 2836 3737 2893 deserti

2138 2929 2314 2997 stagni
2343 2928 2524 2984 Mariae
2555 2929 2776 2985 veniens
2820 2930 2963 2986 circa
2991 2929 3169 2986 locum
3196 2928 3346 3002 Scyti
3384 2930 3455 2985 ad
3485 2940 3739 2986 montem

2138 3023 2231 3092 qui
2260 3021 2455 3076 dicitur
2478 3020 2686 3168 lwite,
2718 3022 2932 3077 duobus
2968 3029 3025 3077 et
3049 3022 3235 3091 viginti
3263 3022 3420 3077 annis
3448 3022 3523 3078 ibi
3552 3023 3741 3094 philo.

2140 3114 2403 3168 sonhatus
2432 3129 2490 3168 es
2543 3155 2555 3167 .
2579 3114 2734 3168 annis
2763 3114 2987 3168 singulis
3013 3114 3235 3168 visitatus
3255 3112 3498 3168 secundo
3538 3115 3741 3168 mulie-

2140 3114 2403 3185 sOphatus
2432 3098 2734 3169 esﬁannis
2763 3114 2987 3183 singulis
3013 3114 3235 3171 visitans
3255 3112 3498 3170 secundo
3538 3115 3743 3171 mulie-

433 3218 565 3259 vero
610 3220 669 3259 se
698 3211 1018 3272 gratumque
1067 3198 1522 3269 conspicientibus
1552 3196 1859 3290 exhibebat.
1904 3192 2035 3249 Stu-
2061 3223 2111 3290 ρ
2138 3222 2275 3265 rem,
2310 3206 2477 3277 Hujus
2518 3206 2699 3277 itaque
2723 3206 3067 3262 sam-3555;”);
3095 3206 3353 3277 principis
3387 3207 3588 3261 horum
3615 3222 3743 3262 mo.

434 3296 706 3365 debatque
751 3303 811 3349 ut
836 3309 1013 3365 neque
1053 3294 1280 3349 haberet
1310 3300 1608 3346 tumentem
1637 3287 2030 3355 superbamque

436 3395 713 3452 naturam,
764 3400 865 3440 nec
912 3392 1195 3455 putaretur
1242 3381 1569 3451 hujusmodi.
1612 3380 1719 3435 Sed
1766 3379 1885 3434 haec
1913 3378 2033 3448 qui-

432 3481 555 3534 dem
581 3492 746 3548 pauca
775 3477 1034 3531 virtutum
1064 3474 1284 3529 Antonii
1314 3473 1496 3528 dicere
1531 3487 1647 3526 sum
1680 3469 1992 3538 compulsus
2013 3508 2029 3534 ,

435 3578 496 3626 ut
522 3570 654 3624 tanti
678 3569 779 3624 viri
808 3584 903 3639 per
924 3568 1042 3624 lucc
1082 3567 1331 3637 exempla
1359 3565 1760 3622 consideremus
1784 3561 2028 3633 philoso-

435 3660 640 3732 phiam.
676 3652 941 3713 Pluriinos
980 3657 1140 3726 igitur
1185 3664 1345 3727 atque
1388 3653 1798 3725 probatissimos
1845 3651 2034 3707 habuit

435 3748 735 3815 auditores,
769 3762 997 3817 quorum
1035 3747 1124 3802 alii
1147 3746 1364 3816 quidem
1390 3745 1444 3800 in
1485 3742 1725 3816 [Egypto
1754 3752 1807 3798 et
1841 3741 2034 3815 Libya,

434 3839 526 3895 alii
568 3855 699 3896 vero
730 3840 781 3895 in
827 3838 1131 3905 Palaestina,
1182 3846 1238 3893 et
1265 3836 1442 3908 Syria,
1491 3843 1547 3892 et
1587 3833 1787 3889 Arabia
1825 3835 2035 3890 clarue-

440 3940 602 4001 runt;
630 3942 684 3988 et
711 3933 1080 4002 unusquisque
1102 3946 1289 3988 eorum
1317 3946 1426 3985 non
1456 3930 1634 3984 minus
1654 3944 1715 3984 se
1739 3943 1903 3998 quam
1932 3927 2033 3983 do-.

392 4078 404 4093 ,
432 4034 588 4095 _ctor,
630 4024 776 4095 apud
800 4038 935 4094 quos
965 4031 1047 4078 est
1087 4028 1473 4085 commoratus,
1507 4020 1782 4084 exercuit;
1813 4018 2038 4074 multos-

435 4132 541 4188 que
570 4116 777 4182 docuit,
806 4124 862 4172 et
890 4115 956 4170 ad
985 4115 1216 4170 similem
1249 4115 1500 4169 virtutem
1529 4113 2037 4184 philosophiamque

441 4210 721 4282 perduxit;
750 4210 826 4265 ita
870 4218 929 4265 ut
951 4209 1308 4278 quorumdam
1328 4209 1417 4265 hic
1445 4208 1599 4265 labor
1625 4217 1769 4264 esset
1806 4209 2037 4264 circuire

438 4316 538 4373 per
567 4302 812 4357 civitates
843 4307 897 4357 et
927 4302 1258 4372 provincias,
1289 4300 1372 4355 vel
1402 4315 1499 4370 per
1519 4314 1699 4369 agros,
1730 4308 1784 4355 et
1807 4298 2036 4369 diligen-

439 4401 526 4450 ter
565 4396 785 4467 Antonii
816 4396 1133 4467 discipulos,
1166 4412 1465 4466 eorumque
1507 4396 1784 4465 requirere
1829 4408 2040 4449 succes-

441 4501 615 4543 sores.
645 4487 752 4544 Sed
782 4490 1056 4558 quomodo
1088 4498 1344 4559 poterant
1366 4488 1592 4544 inveniri
1626 4488 1803 4553 facile,
1839 4487 2035 4556 quibus

443 4589 559 4638 erat
601 4582 835 4638 studium
866 4584 1331 4651 diligentissimum
1359 4598 1512 4639 suam
1558 4584 1725 4638 vitam
1760 4581 1947 4649 latere,
1981 4591 2038 4637 et

443 4688 554 4729 non
585 4673 722 4729 sicut
749 4690 893 4730 nunc
934 4676 1150 4746 plurimi
1178 4676 1455 4731 hominum
1503 4675 1629 4730 elati
1660 4689 1758 4745 per
1786 4674 2032 4744 gloriam,

441 4769 765 4840 semetipsos
806 4778 1157 4841 expompant,
1208 4779 1260 4827 et
1306 4770 1515 4826 cunctis
1544 4769 1852 4823 insinuant?
1897 4767 2037 4822 Fuc-

432 4871 572 4935 ,runt
601 4863 779 4933 itaque
808 4864 1172 4934 probatissimi
1211 4863 1479 4934 discipuli,
1512 4876 1648 4931 quos
1673 4861 2032 4932 percepimus,

444 4953 690 5024 Antonii,
722 4954 811 5012 alii
842 4956 1061 5025 quidem
1090 4955 1266 5023 multi,
1298 4970 1399 5011 nec
1420 4970 1525 5010 non
1556 4964 1611 5010 et
1636 4952 1833 5009 Paulus
1860 4953 2039 5024 appel-

444 5046 646 5103 latione
683 5046 947 5119 Simplex.
1010 5048 1163 5104 Hunc
1220 5048 1389 5111 aiunt,
1445 5061 1566 5102 cum
1602 5047 1833 5103 rusticus
1873 5052 2035 5113 esset,

444 5139 587 5195 bona
618 5140 799 5209 specie
822 5141 1106 5211 conjugem
1136 5140 1411 5209 habuisse,
1454 5148 1508 5195 et
1537 5155 1655 5195 eam
1679 5139 1731 5194 in
1766 5140 1883 5212 ipso
1918 5139 2043 5195 faci-

445 5245 578 5287 nore
606 5233 856 5290 adulterii
898 5234 1290 5306 deprehensam
1318 5234 1484 5290 tacite
1526 5233 1828 5299 subrisisse,
1877 5242 1931 5289 et
1954 5231 2041 5302 ju-

445 5322 737 5392 rejurando
768 5324 1011 5382 firmasse
1041 5340 1312 5396 nunquam
1343 5341 1402 5382 se
1423 5342 1544 5382 cum
1571 5342 1634 5383 ea
1662 5342 1782 5383 esse
1807 5327 2040 5382 miscen-

447 5414 597 5470 dum.
623 5414 758 5472 Tum
784 5417 851 5473 ad
879 5418 1179 5476 adulterum
1209 5437 1220 5472 :
1246 5417 1415 5487 Habe,
1458 5418 1648 5490 inquit,
1677 5434 1831 5488 eam;
1863 5428 1918 5476 et
1944 5434 2037 5475 re-

448 5518 609 5577 pente
637 5510 888 5591 discessit
916 5510 984 5569 ad
1013 5527 1253 5569 cremum
1293 5513 1433 5584 apud
1483 5512 1797 5568 Antonium.
1842 5510 2039 5567 Dicunt

449 5599 592 5653 enim
620 5615 743 5656 eum
761 5602 1248 5660 mansuetissimum
1276 5613 1330 5659 et
1351 5605 1642 5675 patientem
1673 5603 1829 5657 valde
1852 5601 2032 5657 fuisse.

455 5689 693 5762 Denique
732 5708 854 5748 cum
877 5692 992 5763 jam
1043 5710 1210 5751 senex
1241 5703 1403 5758 esset,
1457 5702 1512 5749 et
1559 5693 1623 5748 ad
1653 5694 1816 5748 vitam
1849 5708 2039 5748 mona-

454 5785 661 5849 chicam
686 5786 820 5862 [ed.,
843 5788 1195 5861 monachicae]
1223 5786 1619 5862 perdurationis
1636 5785 1906 5855 insuetus,
1933 5802 2044 5842 om-

456 5874 615 5937 nibus
639 5893 761 5935 cum
793 5881 1055 5947 Antonius
1081 5882 1463 5951 experimentis
1484 5895 1768 5949 exercens,
1812 5881 1867 5949 in
1895 5880 2045 5938 nullo

2140 3298 2502 3355 nasteriorum
2540 3297 2692 3353 multi
2720 3299 2940 3354 fuerunt
2990 3297 3247 3368 dignique
3287 3297 3559 3368 discipuli,
3592 3298 3743 3353 sicut

2137 3390 2513 3447 successiones
2563 3389 2891 3457 ostendunt;
2938 3389 3280 3461 plurimaque
3323 3397 3379 3445 et
3420 3387 3743 3447 veneranda

2136 3497 2236 3553 per
2258 3496 2380 3538 eum
2413 3489 2801 3551 provenerunt,
2827 3495 2947 3551 quae
2987 3482 3253 3553 praecipue
3272 3481 3413 3552 apud
3444 3479 3744 3553 Egyptios

2138 3573 2435 3629 monachos
2465 3572 2811 3643 perfecteque
2841 3581 3146 3629 servantur.
3172 3571 3307 3628 Nam
3335 3588 3458 3629 cum
3500 3573 3742 3629 maxima

2138 3664 2415 3732 diligentia
2438 3679 2535 3735 per
2560 3663 2963 3720 successionem
2992 3663 3298 3720 traditionis
3330 3664 3609 3722 alterutrae
3639 3680 3743 3721 cu-

2138 3761 2261 3811 rant
2303 3754 2530 3810 virtutes
2580 3754 2925 3826 antiquorum
2973 3754 3249 3811 memoria:
3291 3755 3506 3812 tradere
3552 3770 3743 3812 mena.

2138 3848 2364 3904 chorum
2390 3864 2405 3915 ;
2438 3848 2532 3903 sed
2562 3863 2593 3902 a
2641 3862 2731 3903 me
2778 3847 2856 3903 illi
2881 3848 3215 3904 memorandi
3246 3856 3375 3903 sunt
3414 3847 3509 3919 qui
3538 3848 3607 3903 ad
3635 3858 3746 3901 nos

2141 3956 2312 4011 usque
2366 3950 2757 4012 pervenerunt.
2806 3940 3043 4012 Contigit
3098 3941 3259 4010 igitur
3302 3942 3431 3996 huic
3484 3942 3623 4008 viro,
3682 3948 3745 3995 et

2141 4032 2430 4088 Theodoro
2475 4033 2591 4103 ejus
2622 4032 2886 4105 discipulo
2934 4034 3183 4089 euntibus
3230 4034 3465 4104 aliquem
3500 4032 3745 4088 transire

2138 4120 2360 4178 fluvium
2392 4140 2551 4195 quem
2579 4125 2768 4181 dicunt
2794 4125 3015 4198 Lycum.
3049 4125 3127 4182 Ne
3161 4141 3289 4181 vero
3318 4142 3377 4181 se
3412 4127 3744 4182 alterutrum

2138 4216 2313 4273 nudos
2340 4216 2607 4285 viderent,
2626 4219 2783 4287 jussit
2806 4218 3122 4274 Ammonius
3144 4218 3298 4289 [alias
3321 4218 3530 4291 Amos].
3558 4227 3619 4273 ut
3645 4233 3745 4274 re-

2138 4311 2359 4368 cederet
2388 4310 2707 4367 Theodorus
2753 4312 2819 4369 ab
2851 4328 3021 4381 aqua;
3064 4328 3295 4382 cumque
3335 4313 3501 4368 etiam
3530 4320 3744 4368 semet-

2139 4401 2316 4474 ipsum
2372 4402 2718 4458 erubesceret
2764 4403 2963 4458 nudum
3008 4402 3226 4470 intueri,
3276 4413 3502 4475 repente
3556 4403 3743 4460 divina

2140 4493 2344 4548 virtute
2370 4494 2660 4550 translatus
2688 4503 2770 4550 est
2797 4495 2864 4549 ad
2887 4495 3199 4551 ulteriorem
3225 4495 3421 4567 ripam.
3448 4494 3745 4551 Transiens

2065 4611 2117 4671 D
2141 4597 2268 4638 vero
2298 4582 2616 4640 Theodorus
2660 4599 2875 4654 aquam,
2910 4592 2964 4641 et
2991 4585 3181 4641 videns
3227 4599 3328 4640 nec
3358 4593 3569 4640 vestem
3624 4584 3743 4653 ejus

2141 4688 2241 4729 nec
2267 4673 2433 4745 pedes
2462 4674 2692 4741 infusos,
2723 4675 3064 4746 supplicabat
3093 4677 3211 4732 seni
3240 4684 3297 4730 ut
3335 4676 3386 4730 ei
3408 4690 3633 4731 causam
3662 4676 3742 4729 rei

2139 4766 2505 4837 depromeret.
2538 4766 2781 4837 Cumque
2813 4770 2902 4824 ille
2930 4770 3111 4825 dicere
3156 4768 3443 4837 refutaret,
3488 4769 3580 4823 ille
3612 4784 3740 4823 vero

2139 4875 2248 4915 non
2272 4860 2430 4914 aliter
2457 4876 2516 4916 se
2540 4869 2956 4932 properaturmn
2984 4862 3085 4918 nisi
3108 4869 3489 4931 cognosceret,
3512 4864 3744 4932 promit-

2140 4957 2288 5007 tente
2317 4950 2605 5008 Theodoro
2651 4954 2784 5008 nulli
2834 4969 2893 5011 se
2923 4970 2989 5011 eo
3016 4956 3231 5011 vivente
3272 4970 3388 5008 rem
3416 4951 3536 5021 fore
3576 4952 3743 5009 dictu-

2139 5058 2281 5108 rum,
2314 5042 2594 5099 confessus
2615 5053 2699 5100 est
2728 5046 2876 5116 quod
2902 5047 3105 5103 evenit.
3137 5045 3452 5103 Proximum
3475 5061 3612 5102 vero
3640 5046 3742 5131 ιιι]-

2140 5133 2384 5189 raculum
2412 5135 2539 5191 huic
2567 5152 2783 5207 quoque
2814 5140 2895 5195 rei
2925 5139 3153 5209 contigit
3186 5137 3329 5209 quod
3358 5138 3619 5209 narrabo.
3654 5135 3741 5191 ln-

2137 5223 2271 5295 justi
2295 5233 2552 5295 parentes
2595 5230 2819 5302 alicujus
2864 5249 2897 5289 a
2932 5249 3069 5291 cane
3098 5235 3287 5295 rabido
3327 5250 3650 5307 percussum
3680 5235 3742 5287 ti-

2139 5319 2270 5375 lium
2313 5329 2368 5377 et
2422 5337 2561 5393 pene
2609 5336 2886 5384 mortuum
2935 5331 3248 5391 obtulerunt
3276 5330 3349 5400 ei,
3381 5338 3438 5388 et
3468 5329 3742 5401 ejulantes

2140 5413 2571 5486 deprecabantur
2594 5430 2653 5477 ut
2696 5432 3001 5482 sanaretur.
3036 5425 3171 5481 Tum
3200 5425 3293 5482 ille
3337 5426 3408 5481 ad
3445 5439 3543 5481 eos
3572 5442 3587 5479 :
3621 5422 3743 5480 Non

2139 5515 2282 5576 eget,
2315 5508 2510 5581 inquit,
2547 5528 2669 5569 mea
2716 5517 3035 5584 curatione;
3066 5517 3161 5574 sed
3190 5533 3288 5574 vos
3337 5517 3383 5573 si
3409 5516 3575 5572 vultis
3613 5514 3740 5570 red-

2141 5598 2272 5655 dere
2301 5600 2495 5660 bovem
2540 5622 2701 5677 quem
2751 5611 3008 5680 rapuistis
3047 5610 3281 5667 dominis
3319 5610 3455 5675 suis,
3497 5618 3740 5677 regi-oms

2142 5702 2369 5762 repente
2396 5700 2706 5769 sanabitur;
2732 5703 2875 5774 quod
2906 5704 3070 5759 etiam
3100 5704 3346 5775 contigit.
3388 5701 3527 5759 Nam
3558 5712 3622 5757 ut
3651 5715 3741 5756 re-

2142 5784 2364 5843 stitutus
2384 5800 2467 5846 est
2486 5792 2603 5859 bos,
2629 5797 2809 5865 passio
2836 5812 2965 5853 mox
2995 5797 3221 5854 recessit
3240 5812 3270 5852 a
3290 5811 3481 5868 puero.
3506 5793 3738 5861 Quando

2144 5877 2307 5948 igitur
2334 5880 2650 5945 Ammonius
2696 5888 2797 5945 iste
2832 5889 3184 5959 moriebatur,
3213 5889 3410 5947 dicitur
3436 5887 3737 5947 Antonium
