4006 6460
376 368 480 435 901

1473 336 1802 417 'msrom
1839 348 2277 414 TRIPARTITA.
2321 351 2525 414 uana
2562 356 2605 414 ι.

375 492 576 546 vii-isse
604 486 837 544 animam
863 482 980 556 ejus
1021 481 1074 537 in
1103 478 1298 537 cmlum
1328 469 1476 539 ferri,
1495 475 1701 529 ‘divinis
1714 479 1972 544 ,potesta--
2001 473 2050 534 Α
2079 469 2202 526 dine
2223 472 2464 541 copiosa,
2485 487 2592 527 non
2608 443 3366 542 Egyptiorumfsolummodo,
3388 466 3482 527 sed
3499 433 3665 528 etiam

379 586 522 638 tibus
551 597 674 636 cum
699 577 996 650 psalmodia
1025 570 1453 645 pratcedentibus
1482 583 1600 622 eam
1625 587 1638 632 ;
1680 564 1966 621 consulen-

381 677 630 742 tibusque
659 671 736 726 eis
757 669 849 740 qui
881 668 1025 723 circa
1055 679 1177 720 eum
1220 669 1397 723 erant,
1427 673 1645 714 causam
1677 655 1837 726 hujus
1865 654 1967 708 mi-

376 766 548 824 raculi
577 780 685 821 non
713 758 1012 818 abscondit.
1045 755 1302 813 Sciebant
1327 753 1469 809 enim
1501 749 1757 820 quoniam
1785 761 1964 802 aerem

376 863 589 918 intento
617 857 808 914 obtutu
847 852 1164 924 respiciens,
1192 863 1314 903 cum
1344 853 1564 916 stupore
1609 838 1854 896 miraculi
1881 853 1968 892 cu-

373 955 610 1026 juspiam
629 949 925 1021 respiceret
944 945 1226 1002 visionem.
1249 940 1493 1009 Cumque
1517 935 1798 994 venientes
1818 939 1968 1002 post-

379 1063 445 1103 ea
475 1025 694 1114 quidam
723 1042 790 1096 de
818 1039 968 1111 Scyti
1013 1036 1353 1092 nuntiassent
1379 1032 1570 1086 horam
1596 1027 1819 1082 visionis
1857 1025 1970 1079 An-

377 1113 536 1203 tonii,
569 1144 624 1192 et
651 1131 994 1188 convenisset
1018 1145 1139 1185 cum
1161 1125 1390 1181 transitu
1420 1123 1560 1178 illius
1588 1120 1708 1183 viri,
1752 1113 1966 1173 beatifi-

378 1236 642 1287 caverunt
679 1227 866 1281 ambos
893 1243 905 1278 :
932 1223 1080 1279 illum
1108 1219 1351 1290 quidem,
1402 1215 1530 1285 quia
1575 1212 1644 1268 ad
1683 1208 1968 1266 manifesta

377 1322 522 1378 bona
569 1318 897 1381 transiisset;
945 1314 1094 1368 illum
1137 1326 1289 1374 vero,
1337 1309 1464 1378 quia
1493 1313 1700 1361 tantam
1736 1318 1769 1358 a
1808 1301 1969 1370 longe

376 1413 665 1476 meruisset
689 1423 913 1470 eernere
944 1407 1222 1462 visionem.
1263 1401 1556 1456 Multorum
1585 1398 1729 1454 enim
1756 1395 1968 1451 dierum

378 1507 484 1562 iter
507 1513 591 1560 est
612 1505 854 1558 locorum
879 1500 1058 1556 medio
1078 1497 1378 1569 positorum
1403 1509 1511 1563 quo
1541 1490 1773 1559 degebat
1801 1489 1967 1544 alter-

380 1609 523 1656 uter.
555 1597 766 1654 Ethmc
811 1595 1028 1665 quidem
1055 1594 1128 1647 ita
1175 1591 1345 1645 relata
1379 1595 1523 1644 sunt.
1556 1585 1614 1640 ln
1652 1584 1758 1640 hoc
1787 1583 1970 1652 itaque

377 1692 670 1765 pncsulatu
698 1688 876 1745 audivi
908 1683 1286 1757 probatissime
1312 1680 1751 1754 philosophatum
1798 1677 1966 1748 Euty-

377 1787 654 1851 chianum,
684 1784 776 1855 qui
801 1783 857 1837 in
887 1780 1137 1852 Bithynia
1159 1778 1304 1834 circa
1324 1774 1610 1847 Olympum
1633 1771 1966 1828 morabatur.

2071 562 2445 630 Thebzeorum,
2478 574 2533 620 et
2561 563 2884 635 Libycorum
2915 565 3060 620 circa
3091 561 3382 636 Egyptum
3405 564 3659 621 obtinens

2070 657 2446 728 principatum.
2471 656 2527 710 ln
2551 655 2708 727 hujus
2733 656 2910 725 itaque
2938 656 3169 712 civitatis
3195 657 3508 728 prtesulatu,
3537 663 3664 728 post

2069 745 2290 804 Petrum
2321 749 2471 803 illum
2495 747 2752 819 inclytum
2782 755 3256 818 propugnatorem,
3301 749 3394 819 qui
3431 749 3532 804 sub
3560 750 3664 804 ima

2068 841 2174 910 piis
2228 841 2469 912 tyrannis
2516 840 2853 896 Diocletiano
2901 847 2956 894 et
3002 839 3327 896 Maximiano
3373 842 3666 898 novissime

2072 933 2356 1004 imperium
2383 919 3256 1004 spontedeponentibus,martyrii
3277 946 3532 986 coronam
3555 947 3668 987 sus-

2073 1034 2293 1096 ceperat
2323 1026 2444 1097 (An.
2491 1025 2645 1081 Dom.
2686 1025 2830 1096 510),
2863 1023 3123 1081 successit
3150 1025 3405 1079 Achillas.
3443 1023 3491 1078 ls
3520 1025 3665 1080 enim

2069 1118 2170 1174 sub
2211 1117 2302 1172 illo
2332 1117 2550 1186 egregio
2595 1117 2754 1172 Petro
2796 1117 2981 1172 Arium
3011 1116 3318 1171 ordinatum
3357 1116 3666 1186 diaconum,

2070 1217 2396 1280 captumque
2422 1211 2475 1264 in
2504 1210 2704 1266 Meletii
2733 1210 3080 1276 novitatibus,
3113 1217 3170 1265 et
3198 1210 3266 1264 ab
3288 1207 3526 1266 Ecclesia
3548 1210 3670 1281 pul-

2071 1317 2210 1368 sum,
2243 1310 2462 1371 rogatus
2487 1318 2518 1356 a
2550 1301 2813 1368 ﬁdelibus,
2846 1310 2901 1357 et
2928 1302 3104 1358 denuo
3150 1302 3468 1372 suscipiens,
3510 1301 3670 1356 mini-

2071 1403 2246 1451 strare
2273 1396 2554 1466 praecepit.
2587 1397 2717 1451 Post
2745 1395 3009 1451 Achillam
3059 1411 3187 1451 vero
3229 1394 3535 1450 Alexander
3558 1392 3673 1449 fore

2079 1487 2320 1543 tissimus
2369 1487 2664 1556 evangelici
2713 1487 2978 1555 dogmatis
3020 1485 3340 1556 prtedicator
3389 1483 3672 1540 ordinatur

2072 1580 2378 1651 episcopus.
2413 1579 2530 1635 Hoc
2559 1587 2804 1650 tempore
2829 1579 2952 1649 (An.
2980 1578 3136 1634 Dom.
3160 1577 3288 1649 522)
3318 1579 3472 1633 Arius
3500 1577 3556 1632 in
3579 1590 3671 1632 or-

2074 1673 2200 1728 dine
2241 1673 2459 1744 quidem
2489 1675 2931 1744 presbyterorum
2975 1682 3111 1737 erat,
3160 1672 3666 1742 expositionemque

2075 1766 2374 1822 divinarum
2418 1765 2819 1842 Scripturarum
2860 1765 3142 1822 videbatur
3170 1766 3372 1820 habere
3417 1765 3674 1823 commis-

377 1876 511 1937 Erat
556 1854 756 1947 quippe
806 1873 986 1928 divina
1032 1871 1207 1939 gratia
1247 1867 1509 1937 repletus,
1554 1863 1622 1918 ad
1667 1861 1974 1918 curationes
2001 1870 2054 1942 Β
2078 1874 2214 1915 sam.
2246 1858 2448 1916 Videas
2477 1867 2655 1914 autem
2703 1857 3065 1930 Alexandrum
3097 1855 3450 1929 pontiﬁcatus
3479 1854 3675 1924 guber-

382 1970 715 2041 passionum,
749 1975 804 2021 et
831 1962 1091 2019 miracula
1122 1975 1306 2016 rerum
1335 1966 1392 2012 et
1413 1969 1659 2026 operum,
1683 1953 1759 2008 ita
1788 1960 1848 2006 ut
1869 1950 1972 2022 ipsi

376 2060 735 2119 Constantino
758 2065 978 2129 propter
1003 2055 1257 2110 virtutem
1287 2052 1408 2105 vitae
1437 2055 1580 2104 esset
1619 2045 1843 2100 amicus.
1876 2042 1970 2098 lllo

376 2156 643 2225 siquidem
673 2161 918 2222 tempore
946 2150 1162 2203 vinetus
1207 2145 1427 2216 quidam
1451 2140 1741 2213 spatarius,
1793 2137 1885 2208 qui
1917 2137 1970 2191 in

377 2249 746 2319 suSpicionem
770 2251 996 2299 venerat
1034 2241 1187 2311 quasi
1233 2245 1504 2308 assumpta
1550 2232 1856 2307 tyrannide,
1887 2229 1970 2284 fu-

378 2342 476 2412 git,
511 2349 566 2396 et
589 2338 881 2410 requisitus
911 2336 1056 2391 circa
1083 2333 1368 2405 Olympum
1405 2328 1829 2398 comprehensus
1860 2332 1964 2378 est.

377 2433 714 2503 Rogantibus
744 2438 924 2485 autem
961 2425 1281 2482 necessariis
1319 2423 1436 2493 ejus
1478 2420 1891 2492 Eutychianum,
1916 2425 1973 2472 ut

377 2540 481 2597 pro
513 2539 580 2579 eo
605 2523 745 2592 apud
770 2521 1066 2592 principem
1107 2517 1376 2586 legatione
1413 2514 1726 2581 fungeretur
1758 2529 1770 2564 :
1797 2507 1970 2574 Prius,

379 2615 576 2687 inquit,
608 2611 994 2684 providendum
1021 2617 1104 2664 est
1132 2617 1192 2664 ut
1230 2609 1274 2662 is
1304 2606 1469 2662 homo
1499 2606 1756 2660 liberetur
1798 2617 1827 2654 a
1859 2601 1976 2654 'viu-

381 2706 538 2770 culis,
568 2719 636 2758 ne
663 2702 950 2757 crudeliter
977 2699 1302 2755 constrictus
1326 2698 1576 2751 intereat.
1607 2693 1758 2749 Tunc
1783 2692 1977 2748 dicitur

379 2796 452 2852 ad
477 2793 814 2850 vinculorum
852 2790 1104 2846 custodes
1131 2787 1396 2842 direxisse
1427 2803 1439 2838 :
1464 2800 1658 2854 rogans
1680 2795 1736 2838 ut
1767 2799 1887 2838 eum
1911 2785 1976 2836 ab

379 2885 690 2958 hujusmodi
718 2882 1042 2938 necessitate
1088 2879 1412 2934 relevarent.
1447 2876 1549 2944 Qui
1599 2890 1721 2930 eum
1763 2873 1868 2928 hoc
1908 2875 1980 2925 fa-

381 2996 508 3037 cere
547 2977 868 3041 noluissent,
921 2981 1115 3044 sponte
1144 2973 1322 3042 janua:
1367 2970 1564 3026 clausa:
1611 2975 1882 3032 reseratae,
1925 2976 1980 3022 et

381 3070 549 3126 vincti
579 3077 785 3124 catenae
819 3075 1044 3136 repente
1071 3071 1196 3118 sunt
1227 3063 1498 3133 disruptm.
1534 3060 1729 3115 Postea
1755 3075 1883 3114 vero
1913 3059 1980 3114 ad

384 3161 550 3236 214
576 3161 871 3232 principem
894 3158 1114 3213 veniens
1134 3155 1373 3228 Byzantii
1403 3163 1531 3209 tunc
1557 3154 1861 3221 degentem,
1887 3167 1981 3222 pa—

2073 1951 2263 2008 nacula
2307 1951 2630 2020 suscepisse,
2663 1957 2916 2005 eventum
2954 1948 3216 2019 temporis
3254 1962 3362 2002 non
3394 1944 3670 2016 portavit;

2068 2043 2171 2122 sed
2198 2051 2252 2099 et
2281 2041 2634 2098 mordacitate
2649 2040 2976 2111 compulsus,
3002 2039 3111 2113 litis
3137 2038 3412 2111 quazrebat
3428 2035 3666 2108 initium.

2075 2138 2247 2194 Porro
2294 2135 2622 2192 laudabilem
2652 2135 2841 2191 videns
2883 2135 2984 2190 viri
3019 2133 3519 2205 conversationem,
3570 2144 3670 2185 ne-

2075 2247 2341 2303 quaquam
2386 2229 2682 2286 calumnias
2727 2235 3018 2283 contexere
3059 2225 3424 2297 praevalebat;
3454 2235 3672 2280 veruin-

2076 2332 2257 2379 tamen
2287 2322 2566 2392 quiescere
2594 2320 2744 2376 illum
2772 2319 3095 2390 prohibebat
3133 2317 3353 2372 invidia.
3387 2315 3542 2372 Hunc
3572 2313 3671 2385 igi-

2077 2424 2166 2471 tur
2194 2416 2472 2470 inveniens
2503 2412 2750 2468 inimicus
2769 2412 3032 2476 veritatis,
3056 2427 3156 2482 per
3185 2427 3306 2466 eum
3333 2412 3483 2466 nisus
3513 2407 3674 2464 estin

2076 2506 2372 2562 Ecelesiam
2422 2504 2663 2560 excitare
2713 2511 3111 2575 tempestatem.
3159 2501 3487 2572 Apostolieis
3529 2500 3675 2555 enim

2081 2596 2371 2676 Alexandri
2398 2595 2657 2651 doctrinis
2688 2595 2926 2650 instabat
2949 2603 3134 2665 aperte
3173 2595 3450 2651 resistere.
3477 2592 3545 2648 Et
3583 2592 3675 2648 ille

2080 2677 2297 2759 quidem
2340 2687 2517 2741 divina
2547 2701 2779 2756 sequens
2819 2687 3055 2756 eloquia,
3098 2687 3236 2755 aequi
3288 2685 3510 2742 honoris
3545 2698 3671 2741 cum

2073 2776 2261 2864 iPatre,
2299 2788 2355 2836 et
2382 2779 2624 2835 eamdem
2654 2779 3012 2834 substantiam
3051 2779 3254 2834 habere
3281 2794 3406 2834 cum
3427 2777 3540 2833 Deo
3567 2776 3678 2832 Ge-

2082 2875 2258 2929 nitore
2285 2872 2473 2927 Filium
2503 2871 2850 2941 praedicabat.
2882 2869 3042 2925 Arius
3074 2877 3252 2940 autem
3282 2884 3313 2924 e
3339 2868 3552 2924 diverso
3576 2881 3676 2924 ve-

2081 2965 2226 3022 ritati
2266 2979 2596 3035 repugnans,
2625 2971 2929 3018 creaturam
2959 2961 3173 3026 Filium,
3207 2960 3576 3034 facturamque
3599 2957 3682 3012 di-
3715 3013 3718 3016 .

2084 3057 2262 3126 cebat,
2299 3056 2561 3126 adjiciens
2593 3073 2604 3109 :
2642 3053 2771 3109 Erat
2817 3053 3107 3123 aliquando
3138 3052 3356 3124 quando
3384 3066 3493 3124 non
3539 3056 3676 3114 erat,

2085 3159 2141 3207 et
2169 3151 2270 3204 alia
2301 3165 2418 3218 quae
2460 3165 2527 3204 ex
2572 3147 2713 3203 illius
2760 3146 2952 3202 litteris
2982 3143 3287 3202 indicantur
3315 3145 3525 3218 insana.
3548 3141 3678 3197 Haec

381 3233 652 3313 Ettissime
679 3249 1002 3306 beneﬁcium
1031 3247 1331 3318 promeruit
1369 3244 1514 3315 quod
1561 3245 1827 3315 poposcit.
1861 3242 1978 3296 Non
2007 3262 2052 3326 ο
2085 3257 2215 3310 ergo
2245 3257 2352 3297 non
2385 3242 2560 3296 solum
2591 3240 2644 3295 in
2673 3238 2915 3295 Ecclesia
2954 3238 3279 3309 persistebat
3317 3235 3540 3304 docens,
3571 3233 3677 3312 sed

382 3347 530 3406 enim
570 3352 785 3416 poterat
831 3340 1216 3398 Constantinus
1255 3339 1374 3409 ejus
1418 3337 1772 3409 petitionibus
1809 3336 1977 3391 dene-

381 3459 536 3514 gare,
573 3457 694 3497 cum
741 3441 789 3496 ei
831 3438 1028 3494 summi
1079 3435 1306 3493 honoris
1356 3435 1630 3489 cumulum
1677 3433 1974 3488 exhiberet.

381 3538 511 3595 Hzec
546 3536 727 3608 itaque
755 3533 992 3590 breviter
1016 3547 1046 3586 a
1093 3531 1248 3586 nobis
1273 3530 1415 3585 dicta
1445 3528 1512 3583 de
1557 3526 1856 3590 monachis,
1887 3524 1979 3595 qui

285 3621 288 3623 ’
385 3641 512 3688 tunc
539 3631 685 3687 clare
713 3624 1079 3700 philosophati
1109 3631 1252 3688 sunt,
1303 3621 1586 3679 sufﬁciant.
1620 3618 1718 3674 Cui
1749 3633 1877 3673 vero
1913 3617 1980 3672 de

382 3724 470 3782 his
502 3722 748 3778 subtilior
795 3734 922 3774 cura
951 3716 1132 3783 fuerit,
1173 3729 1419 3785 quzcrens
1446 3713 1683 3768 inveniet
1719 3711 1979 3784 plurimo-

382 3830 505 3873 rum
523 3814 665 3869 vitas
684 3811 771 3868 hic
797 3825 904 3867 non
935 3823 1056 3866 esse
1081 3807 1328 3879 scriptas.
1357 3804 1648 3873 Somnum,
1676 3805 1764 3858 lib.
1797 3821 1832 3870 ι,
1859 3821 1973 3875 cap.

388 3907 477 3976 Η,
506 3925 558 3980 p.
585 3905 709 3961 425.

988 4059 1218 4118 CAPUT
1256 4058 1370 4115 XII.

505 4159 774 4228 Quomodo
797 4167 979 4214 contra
1008 4155 1300 4210 Ecclesium
1329 4153 1481 4208 Arius
1503 4155 1570 4208 sit
1610 4161 1840 4208 exortus.

363 4270 375 4278 ’
459 4273 528 4327 Et
547 4273 674 4328 licet
704 4273 774 4326 ita
790 4285 888 4342 per
918 4269 1095 4325 omnia
1125 4267 1348 4321 ﬂoreret
1375 4263 1634 4329 Ecclesia,
1662 4281 1766 4319 non
1800 4273 1978 4319 tamen

388 4367 611 4440 pertulit
635 4365 898 4425 inimicus,
931 4363 1195 4417 elevatam
1225 4359 1380 4413 simul
1416 4367 1578 4428 atque
1610 4357 1980 4428 splendentem

389 4465 547 4520 valde
577 4460 900 4530 respiciens;
933 4456 1028 4512 sed
1053 4455 1319 4509 malevola
1353 4453 1515 4523 C(Bpit
1544 4461 1775 4507 tractare
1803 4453 1981 4506 consi-

390 4557 486 4623 lia,
520 4551 851 4608 contendens
880 4549 1233 4618 gubernatam
1280 4561 1309 4600 a
1354 4545 1581 4600 Domino
1620 4553 1674 4600 ct
1701 4545 1982 4600 universo-

2086 3337 2247 3390 etiam
2279 3336 2332 3389 in
2375 3333 2649 3389 extraneis
2696 3331 3051 3387 conventibus
3093 3337 3258 3399 atque
3291 3327 3580 3402 “conciliis;
3620 3333 3676 3381 et

2083 3426 2274 3483 domos
2296 3425 2637 3491 circumiens,
2682 3424 3092 3496 quibuscunque
3131 3431 3364 3496 poterat,
3393 3421 3676 3494 suadebat.

2085 3524 2502 3590 TllEODOBETUS,
2534 3521 2627 3576 lib.
2654 3537 2690 3585 ι,
2717 3538 2834 3592 cap.
2863 3519 2920 3588 2,
2949 3536 3002 3591 p.
3035 3517 3087 3572 6.

2155 3613 2586 3687 Reprehendens
2637 3620 2817 3668 autem
2873 3610 3091 3680 quidam
3145 3606 3453 3680 huiusmodi
3512 3605 3678 3672 viros,

2083 3709 2445 3765 Alexandrum
2473 3721 2689 3777 quoque
2734 3702 3006 3774 culpabat,
3038 3710 3293 3774 tanquam
3341 3716 3451 3758 non
3473 3699 3681 3777 utiliter

2084 3803 2289 3868 sileret,
2325 3801 2449 3856 dum
2494 3775 2684 3855 contra
2713 3797 2906 3866 dogma
2951 3795 3144 3851 ﬁerent
3171 3793 3458 3850 novitates.
3491 3775 3681 3851 Atille

2084 3896 2280 3951 melius
2312 3893 2605 3948 arbitratus
2633 3905 2751 3946 esse
2780 3889 2848 3944 de
2885 3887 3062 3943 dubiis
3090 3898 3395 3942 sermonem
3426 3897 3495 3937 ex
3522 3889 3677 3936 utra-

2083 4005 2191 4062 que
2220 3996 2374 4060 parte
2399 3982 2807 4056 proponendum
2833 3999 2847 4048 ;
2877 3987 2936 4034 ut
2965 3994 3073 4034 non
3098 3975 3368 4034 videretur
3389 3987 3459 4031 ex
3481 3987 3682 4040 neces-

2085 4086 2268 4149 sitate,
2300 4081 2394 4137 sed
2421 4080 2601 4150 potius
2640 4091 2706 4132 ex
2731 4072 3100 4130 satisfactione
3127 4079 3402 4127 certamen
3446 4065 3684 4120 ablatum

2088 4175 2191 4249 [αι.
2226 4172 2273 4226 1"
2281 4171 2390 4225 rob.
2436 4181 2484 4224 et
2516 4168 2664 4232 Niv.,
2694 4161 2936 4235 allatum]
2966 4182 2978 4216 :
3006 4159 3172 4233 judex
3201 4176 3324 4218 cum
3356 4159 3504 4214 clero
3533 4157 3681 4231 resi-

2086 4245 2241 4331 dens,
2274 4263 2341 4317 ad
2370 4260 2774 4316 altercationem
2798 4255 3019 4310 deduxit
3039 4260 3322 4321 utramque
3345 4257 3579 4322 partem.
3613 4245 3685 4302 Ut

2087 4367 2264 4413 autem
2297 4354 2516 4410 evenire
2545 4351 2687 4407 solet
2713 4349 2855 4405 circa
2884 4344 3178 4403 certamina
3205 4342 3524 4408 verborum,
3555 4340 3683 4396 utri-

2086 4467 2191 4523 que
2239 4462 2499 4519 superare
2547 4445 2876 4500 nitebantur.
2925 4441 3084 4496 Arius
3131 4446 3311 4494 tamen
3377 4435 3686 4492 nullatenus

2087 4547 2430 4626 acquiescere
2458 4540 2694 4604 volebat,
2740 4538 2863 4608 quia
2913 4529 3389 4602 consubstantialis
3417 4528 3586 4585 Filius
3627 4536 3687 4585 et

391 4664 510 4705 rum
541 4646 799 4701 Creatore
835 4642 1202 4710 submergere.
1256 4638 1481 4693 Videbat
1524 4637 1704 4707 itaque
1747 4651 1984 4707 pagano-
2013 4657 2064 4717 D
2089 4619 2389 4698 coaeternus
2417 4643 2497 4690 est
2523 4632 2688 4688 Patri.
2714 4630 3008 4692 Somnum,
3035 4627 3123 4682 lib.
3152 4640 3193 4694 ι,
3214 4641 3332 4697 cap.
3358 4622 3444 4690 15,
3475 4640 3528 4694 p.
3551 4618 3682 4676 496.

393 4759 513 4802 rum
543 4756 728 4798 errore
755 4755 814 4795 se
840 4738 1004 4794 fuisse
1029 4736 1308 4804 nudatum,
1338 4741 1601 4806 captaque
1617 4735 1762 4789 varia
1789 4733 1990 4789 drcmo-

394 4853 522 4894 num
571 4833 1022 4896 machinamenta,
1073 4837 1128 4884 et
1173 4837 1474 4884 creaturam
1520 4843 1548 4881 a
1593 4825 1836 4898 plurimis
1878 4826 1989 4896 jam

394 4944 506 4986 non
548 4925 782 4993 adorari,
812 4923 908 4979 sed
932 4921 1175 4977 Creatori
1222 4921 1452 4994 hymnos
1493 4919 1749 4976 decenter
1786 4918 1988 4976 oll‘erri.

395 5021 475 5076 Ea
496 5020 663 5090 gratia
683 5018 794 5088 jam
819 5029 926 5072 non
957 5023 1144 5088 aperte
1186 5023 1376 5071 contra
1405 5014 1691 5070 Dominum
1722 5022 1776 5069 ct
1801 5013 1990 5068 Salva-

338 5169 366 5198 τ
398 5126 573 5172 torem
604 5122 848 5170 nostrum
876 5109 1150 5167 excitabat
1172 5110 1400 5177 bellum;
1426 5109 1518 5164 sed
1543 5109 1688 5163 viros
1712 5107 1990 5163 inveniens

343 5197 359 5228 ξ
399 5207 734 5264 Christianos
787 5204 1005 5276 quidem
1061 5219 1120 5258 se
1158 5202 1424 5258 vocabulo
1475 5200 1829 5272 proﬁtentes,
1895 5199 1990 5255 sed

350 5303 357 5310 '
401 5313 586 5356 amore
604 5297 826 5353 honoris
852 5287 907 5352 et
925 5309 1076 5351 vana:
1097 5294 1278 5363 gloriae
1299 5295 1550 5350 reductos
1568 5294 1633 5348 ad
1655 5294 1991 5362 servitutem,

352 5376 362 5390 ’
401 5407 662 5462 organum
715 5403 810 5445 eos
848 5402 959 5443 sua:
1005 5385 1418 5442 machinationis
1459 5384 1665 5449 habuit,
1716 5400 1813 5456 per
1857 5399 1994 5454 quos

399 5485 660 5560 plurimos
688 5480 753 5537 ad
779 5478 1061 5552 pristinum
1091 5477 1306 5533 reduxit
1332 5491 1571 5532 errorem
1599 5495 1612 5530 :
1644 5492 1751 5533 non
1775 5474 1994 5549 quidem

401 5587 704 5637 creaturam
758 5589 943 5632 rursus
995 5571 1212 5627 adorari
1254 5572 1614 5643 praecipiens,
1666 5570 1761 5627 sed
1813 5574 1987 5641 ipsum

403 5670 718 5730 Creatorem
742 5679 798 5724 et
831 5667 1020 5750 [mundi
1065 5664 1334 5738 opiﬁcem,
1365 5673 1701 5735 cozequatum
1745 5671 1994 5720 astruens

405 5771 689 5822 creaturae.
715 5759 1025 5816 Ubi'autcm
1054 5759 1158 5814 hoc
1187 5757 1532 5829 principium,
1565 5767 1618 5812 ct
1643 5758 1994 5828 quemadmo-

405 5856 535 5914 dum
584 5857 696 5910 haec
745 5854 988 5908 inimicus
1035 5853 1236 5907 zizania
1285 5852 1650 5920 seminaverit,
1708 5850 1994 5907 enarrabo.

2167 4729 2473 4789 Alexander
2501 4735 2684 4782 autem
2713 4721 3134 4795 apostolicorum
3154 4719 3466 4789 dogmatum
3495 4711 3690 4784 praedi-

2098 4835 2272 4890 cator,
2303 4823 2453 4896 prius
2481 4818 2699 4891 quidem
2726 4832 2849 4872 eum
2869 4828 3128 4870 revocare
3148 4806 3610 4868 admonitionibus
3631 4810 3688 4858 et

2097 4917 2338 4976 consiliis
2359 4915 2652 4970 nitebatur.
2683 4910 2818 4966 Cum
2848 4924 2979 4965 vero
3001 4922 3122 4964 eum
3147 4902 3424 4976 superbire
3444 4897 3688 4965 vidisset,

2097 5022 2153 5070 et
2182 5020 2370 5084 aperte
2421 5004 2714 5080 impietatis
2759 5003 3000 5059 facinora
3045 4998 3360 5072 praedicare,
3390 5007 3459 5047 ex
3498 4987 3691 5046 ordine

2100 5081 2424 5180 sacerdotali
2452 5099 2702 5159 removit.
2736 5095 2993 5154 Audierat
3018 5093 3162 5152 enim
3201 5089 3522 5146 clamantem
3551 5081 3690 5138 divi-

2101 5178 2227 5258 nam
2263 5181 2495 5268 legem:
2533 5195 2594 5252 Si
2640 5193 2816 5251 oculus
2868 5199 2984 5245 tuus
3028 5188 3211 5258 dexter
3254 5178 3582 5240 scandalizat
3621 5185 3687 5242 te,

2098 5311 2222 5352 erue
2248 5307 2384 5358 eum,
2416 5297 2466 5344 et
2485 5287 2680 5360 proﬁce
2707 5284 2799 5340 abs
2830 5292 2880 5340 te
2903 5280 3121 5355 (Matth.
3143 5293 3200 5345 v,
3219 5274 3332 5346 24).
3367 5271 3482 5328 Hoc
3510 5269 3692 5338 itaque

2101 5392 2347 5455 tempore
2390 5379 2649 5435 Romamn
2677 5375 2891 5449 quidem
2917 5370 3171 5428 Ecclesiae
3215 5363 3542 5440 Sylvestrius
3568 5361 3691 5419 reti-

2103 5476 2295 5534 nacula
2339 5472 2695 5546 gubernabat,
2743 5465 3028 5524 Melchiadi
3081 5461 3392 5525 succedens,
3435 5456 3529 5528 qui
3567 5460 3693 5526 post
3758 5523 3760 5525 p

2091 5569 2464 5628 Marcellinum
2507 5563 2859 5630 clarificatum
2901 5559 2955 5614 in
2999 5555 3383 5630 persecutione
3409 5549 3691 5623 gentilium

2093 5669 2408 5734 susceperat
2443 5658 2566 5732 jura
2618 5652 2990 5727 pontiﬁcatus.
3043 5647 3344 5708 Antiochia:
3389 5659 3518 5700 vero
3565 5649 3688 5714 post

2095 5731 2386 5829 tyrannum
2428 5750 2688 5808 Ecclesia:
2737 5747 3029 5804 inchoante
3069 5757 3228 5816 pace,
3270 5739 3462 5798 Yitalis
3487 5731 3690 5810 ,ρωυι

2100 5849 2350 5908 exstabat
2397 5845 2522 5919 (An.
2575 5843 2728 5900 Dom.
2768 5840 2919 5913 5M).
2961 5839 3063 5916 Qui
3107 5838 3272 5900 etiam
3309 5831 3587 5904 antiquam
3623 5841 3692 5884 ex

399 5946 729 6032 .Alexandria
759 5943 947 6001 civitas
975 5951 1056 6026 est
1084 5944 1315 5998 maxima
1355 5951 1410 5998 et
1449 5919 1726 5999 hominum
1757 5941 1999 5999 multitu—
2101 5939 2284 6000 multis
2327 5935 2662 6008 temporibus
2688 5935 3015 6006 destructum
3061 5945 3095 5990 a
3123 5929 3375 6005 tyrannis
3411 5919 3695 5988 aediﬁcati“
