3998 6344
403 406 508 475 905

1674 394 1746 452 Μ.
1787 387 2069 450 AURELII
2101 384 2504 446 CASSIODORI

3597 372 3707 434 906

338 512 339 515 “
407 525 715 586 ecclesiam.
749 510 897 578 Post
917 506 1079 590 quem
1107 513 1455 585 Philogonius
1507 510 1882 585 pontiﬁcatum
1911 523 2004 564 su—
2028 508 2085 568 Δ
2107 518 2216 575 que
2242 501 2432 558 similis
2475 507 2558 555 cst
2601 496 2750 553 Patri
2787 493 3086 552 secundum
3122 491 3499 559 substantiam,
3530 483 3711 565 neque

410 635 585 682 mens,
617 624 674 672 et
700 615 910 683 reliqua
944 610 1157 668 aedilicii
1183 607 1571 680 superaddidit,
1598 614 1656 662 et
1685 604 1859 660 zelum
1888 601 2007 671 pie-

410 712 535 767 tatis
556 708 742 764 Licinii
766 706 1093 778 temporibus
1114 701 1503 760 demonstravit
1531 700 1655 773 (An.
1677 697 1832 753 Dom.
1856 694 2006 766 516).

409 806 468 862 In
498 799 885 873 llierosolymis
908 808 1089 854 autem
1119 805 1245 868 post
1271 794 1599 850 Hermonem
1631 788 1902 845 Macarius
1921 800 2011 840 or-

415 895 629 949 dinatus
647 900 747 957 est,
777 890 863 946 vir
890 888 1108 944 nomine
1136 901 1235 941 suo
1264 884 1475 953 dignus,
1502 890 1559 937 et
1578 879 1828 937 omnibus
1856 874 2013 932 bonis

416 995 657 1041 ornatus.
682 982 996 1051 Eodemque
1014 987 1264 1049 tempore
1283 971 1757 1043 Constantinopoli
1781 969 2015 1024 Alexan-

419 1077 516 1131 der
545 1072 919 1146 pontiﬁcatum
947 1070 1089 1127 sacri
1114 1067 1399 1125 ministerii
1424 1064 1754 1136 possidebat,
1788 1065 2012 1130 aposto-

423 1170 536 1224 licis
561 1165 944 1222 donationibus
983 1162 1138 1219 valde
1165 1161 1362 1217 clarus.
1398 1157 1551 1212 Tune
1584 1155 1748 1239 igitur
1777 1152 2017 1206 Alexan-

422 1262 518 1317 der
572 1257 982 1323 Alexaudrinus,
1034 1254 1222 1310 videns
1264 1251 1451 1307 Arium
1498 1247 1699 1304 amoris
1749 1241 2021 1314 judiciarii

427 1357 615 1413 aculeo
639 1352 928 1418 stimulari,
960 1358 1017 1407 et
1040 1348 1242 1405 multos
1270 1347 1339 1403 ad
1373 1341 1737 1415 blasphemias
1763 1338 2025 1408 deceptos

427 1450 658 1518 erigere,
692 1445 1030 1515 eoneiliaque
1071 1441 1292 1514 propria
1333 1438 1634 1504 celebrare,
1660 1430 2024 1489 Ecclesiarum

429 1540 743 1612 praesulibus
783 1536 901 1607 ejus
932 1533 1326 1603 blasphemiam
1367 1530 1479 1586 suis
1508 1525 1704 1585 litteris
1747 1520 2021 1580 indicavit.

431 1632 845 1695 Titsonousrus,
875 1627 966 1682 lib.
993 1642 1034 1693 ι,
1064 1641 1181 1697 cap.
1213 1623 1272 1693 2,
1302 1641 1355 1691 ρ.
1391 1621 1445 1676 ’7.

1022 1756 1249 1815 CAPUT
1290 1755 1427 1812 XIII.

436 1859 674 1934 Epistola
699 1854 988 1934 Alexandri
1015 1852 1275 1934 pontificis
1301 1846 1649 1934 Alexandrini
1677 1844 1746 1900 ad
1767 1842 2030 1899 universas

748 1984 757 1991 ,
846 1919 1111 1981 Ecclesias
1132 1919 1377 1977 adversus
1406 1919 1607 1974 Arium.

510 2038 882 2099 Dilectissimis
931 2045 1096 2107 atque
1138 2032 1467 2091 eharissimis
1509 2030 1710 2101 ubique
1754 2024 2036 2084 catholica:

438 2135 691 2195 Ecclesia:
739 2128 1163 2197 eomministris‘,
1210 2121 1519 2182 Alexander
1562 2120 1617 2178 in
1671 2117 1902 2176 Domino
1945 2131 2035 2173 sa—

441 2234 630 2291 lutem.

521 2324 660 2379 Dum
682 2336 849 2378 unum
874 2316 1151 2377 catholicae
1172 2313 1243 2372 sit
1269 2325 1464 2383 corpus
1487 2306 1761 2374 Ecclesiae,
1788 2303 2042 2361 mandato

450 2416 720 2473 existente
768 2413 825 2468 in
870 2410 1040 2467 sacris
1085 2405 1379 2479 Scripturis
1406 2410 1467 2458 ut
1496 2408 1740 2457 servetur
1771 2397 2043 2453 vinculum

452 2505 823 2564 unanimitatis
848 2511 904 2559 et
932 2500 1080 2573 pacis
1102 2498 1155 2571 (ι
1182 2497 1303 2553 Cor.
1328 2512 1423 2563 xu,
1454 2493 1571 2565 26),
1603 2504 1941 2560 consequens
1964 2494 2047 2544 est

394 2601 401 2609 '
451 2601 652 2658 debere
680 2614 781 2655 nos
809 2596 1071 2664 scribere,
1101 2601 1157 2649 et
1184 2590 1458 2647 alterutris
1486 2601 1605 2659 quae
1640 2582 1781 2656 apud
1808 2581 2048 2653 singulos

452 2700 684 2762 aguntur
712 2690 1015 2753 insinuare;
1044 2693 1105 2741 ut
1128 2685 1242 2740 sive
1271 2682 1492 2753 patitur,
1522 2679 1637 2735 sive
1661 2676 1858 2746 gaudet
1884 2688 2051 2731 unum

454 2788 777 2853 membrum,
818 2782 1212 2855 compatiamur
1262 2785 1356 2832 aut
1401 2772 1837 2843 eongaudeamus
1875 2768 1944 2825 ad
1970 2769 2055 2825 in-

456 2880 652 2936 vicem.
684 2877 741 2933 ln
786 2885 974 2932 nostra
1002 2873 1164 2943 igitur
1191 2868 1450 2942 paroehia
1492 2880 1636 2921 nunc
1675 2862 1902 2932 ingressi
1930 2867 2057 2917 sunt

458 2970 565 3027 viri
604 2968 771 3038 iniqui
800 2975 856 3024 et
882 2965 1100 3022 Christo
1128 2961 1377 3025 rebelles,
1409 2958 1672 3014 docentes
1708 2951 2054 3026 apostasiam,

458 3076 623 3136 quam
651 3068 800 3117 recte
829 3057 1057 3131 quilibet
1084 3065 1417 3126 przecurrere
1454 3050 1757 3120 suspicetur
1784 3041 2061 3099 Antichri-

461 3135 566 3213 sto.
598 3153 667 3209 Et
691 3152 839 3210 volui
869 3151 1085 3223 quidem
1115 3150 1220 3204 hoc
1254 3143 1613 3203 taciturnitati
1641 3138 1981 3205 contradere,
2013 3135 2060 3192 si

2108 610 2269 653 verus
2310 601 2413 659 est,
2445 606 2622 663 neque
2648 605 2776 647 vera
2804 590 3082 661 Sapientia
3120 589 3239 660 ejus
3272 598 3376 657 est,
3407 603 3588 659 neque
3614 604 3709 645 ve-

2110 703 2231 744 rum
2257 684 2575 743 naturaliter
2600 682 2777 738 Patris
2801 681 3032 738 Verbum
3061 690 3165 748 est,
3197 681 3295 737 sed
3324 695 3467 737 unus
3493 680 3713 752 quidem

2113 788 2486 837 creaturarum
2514 784 2564 834 et
2595 777 2923 833 facturarnm
2952 782 3053 832 est.
3096 774 3336 830 Abusive
3364 781 3547 829 autem
3580 773 3715 827 dicio

2115 881 2205 927 tur
2247 870 2484 926 Verbum
2513 877 2569 925 et
2605 868 2906 940 Sapientia,
2940 867 3113 925 lactus
3142 879 3198 924 et
3223 869 3359 941 ipse,
3391 876 3447 925 et
3476 870 3717 926 existens

2118 963 2172 1019 in
2201 962 2421 1033 proprio
2450 960 2548 1016 Dei
2582 960 2762 1017 Verbo
2787 968 2843 1016 et
2868 960 2922 1015 in
2962 959 3057 1015 Dei
3101 959 3398 1031 Sapientia,
3442 961 3500 1015 in
3530 976 3638 1030 qua
3665 971 3721 1015 et

2118 1054 2327 1120 omnia,
2367 1062 2422 1109 et
2465 1053 2642 1123 ipsum
2691 1051 2818 1109 fecit
2856 1053 3021 1109 Deus.
3053 1050 3208 1108 Unde
3253 1062 3309 1108 et
3350 1054 3719 1110 convertibilis

2120 1153 2226 1214 est,
2257 1154 2312 1200 et
2338 1144 2614 1199 mutabilis
2662 1159 2760 1214 per
2803 1152 3075 1214 naturam,
3104 1145 3245 1201 sicut
3267 1153 3324 1201 et
3356 1145 3610 1201 universa
3636 1161 3723 1199 ra—

2126 1238 2371 1294 tionalia.
2402 1237 2754 1307 Peregrinum
2784 1238 2950 1304 enim,
2982 1246 3038 1293 et
3081 1248 3418 1307 extraneum,
3449 1247 3506 1294 et
3544 1253 3724 1294 remo-

2124 1340 2240 1387 tum
2269 1338 2353 1386 est
2380 1329 2619 1386 Verbum
2648 1345 2679 1385 a
2707 1340 2934 1401 paterna
2982 1332 3301 1399 substantia,
3343 1340 3399 1387 et
3442 1330 3727 1387 invisibilis

2126 1432 2214 1481 est
2236 1422 2373 1479 Filio
2402 1422 2582 1479 Pater.
2616 1422 2733 1479 Non
2761 1424 2907 1480 enim
2934 1423 3175 1495 perfecte
3217 1432 3274 1479 et
3317 1424 3529 1492 integre
3577 1423 3729 1477 novit

2129 1513 2297 1571 Filius
2344 1511 2582 1580 Patrem,
2631 1528 2807 1586 neque
2845 1529 2970 1570 eum
3016 1514 3258 1587 perfecte
3299 1513 3488 1570 videre
3524 1523 3726 1585 potest.

2130 1604 2268 1662 Nam
2311 1620 2415 1662 nec
2458 1606 2816 1662 substantiam
2844 1622 2999 1663 suam
3026 1608 3180 1663 novit
3214 1607 3403 1676 Filius,
3447 1606 3592 1662 sicut
3630 1617 3730 1662 est.

2066 1760 2069 1763 ν
2133 1696 2364 1769 Propter
2387 1711 2489 1754 nos
2512 1698 2656 1753 enim
2681 1697 2855 1755 factus
2880 1708 2983 1767 est,
3012 1707 3070 1754 ut
3090 1714 3190 1755 nos
3210 1713 3308 1771 per
3327 1713 3454 1754 eum
3476 1706 3732 1767 tanquam

2134 1805 2234 1861 per
2263 1789 2678 1846 instrumentum
2709 1798 2923 1847 crearet
2948 1790 3124 1859 Deus;
3155 1798 3212 1848 et
3238 1805 3585 1862 nequaquam
3613 1790 3736 1843 sub-

2062 1888 2112 1950 B
2137 1882 2384 1949 stitisset,
2415 1881 2518 1936 nisi
2556 1897 2657 1938 nos
2694 1882 2837 1939 Deus
2881 1883 3061 1940 facere
3107 1882 3387 1940 voluisset.
3437 1880 3738 1951 Requisivit

2141 1989 2271 2045 ergo
2299 1972 2522 2045 quidam
2565 1989 2662 2030 eos
2695 1959 2723 2028 ἶ
2740 1976 2785 2031 si
2833 1982 3015 2046 potest
3053 1974 3151 2030 Dei
3190 1974 3426 2030 Verbum
3472 1974 3739 2041 converti,

2139 2065 2281 2123 sicut
2321 2062 2571 2120 diabolus
2608 2071 2693 2120 est
2737 2079 3051 2121 conversus.
3082 2063 3152 2119 Et
3181 2079 3523 2135 nequaquam
3565 2063 3741 2118 dicere

2140 2158 2460 2227 timuerunt,
2490 2158 2677 2230 utique
2722 2166 2923 2229 potest,
2955 2166 3209 2227 tanquam
3246 2165 3440 2212 natura
3469 2155 3743 2213 converti-

2141 2250 2267 2307 bilis
2287 2250 2524 2306 existens
2549 2266 2563 2304 :
2590 2248 2787 2315 factus,
2820 2250 2990 2317 aiunt,
3011 2257 3068 2305 et
3086 2247 3457 2305 convertibilis
3486 2256 3591 2303 est.
3621 2246 3744 2302 Haec

2147 2342 2330 2413 itaque
2355 2341 2619 2409 dicentes,
2649 2340 2705 2397 id
2740 2349 2824 2397 est
2860 2340 3020 2397 Arius
3050 2348 3106 2396 et
3134 2340 3227 2411 qui
3254 2356 3378 2396 eum
3407 2354 3477 2396 eo
3505 2349 3668 2403 sunt;
3697 2348 3755 2395 et

2148 2435 2204 2492 in
2231 2436 2315 2492 his
2340 2434 2684 2507 impudenter
2707 2434 2969 2490 instantes
2996 2435 3143 2506 ipsos
3166 2442 3222 2489 et
3244 2448 3507 2503 sequaces
3535 2447 3747 2489 eorum.

2149 2527 2260 2584 Nos
2295 2526 2515 2599 quidem
2542 2542 2640 2583 eos
2667 2541 2790 2583 cum
2817 2525 3087 2597 episcopis
3116 2523 3337 2596 Egypti
3373 2532 3428 2579 et
3454 2522 3752 2595 Libyan-um

2152 2633 2296 2691 pene
2328 2626 2550 2675 centum
2587 2618 2994 2685 convenientes,
3027 2615 3623 2673 anathematizavimus.
3653 2616 3753 2683 Qui

2155 2726 2289 2768 vero
2319 2712 2463 2769 circa
2491 2708 2785 2768 Eusebium
2812 2717 3187 2782 susceperunt,
3218 2709 3447 2765 miseere
3474 2707 3755 2763 studentes

2155 2804 2376 2861 veritati
2421 2803 2792 2869 mendacium,
2824 2811 2881 2859 et
2926 2802 3256 2872 impietatem
3296 2799 3486 2871 pietati
3514 2798 3755 2865 sociare;

2158 2894 2254 2952 sed
2291 2910 2400 2951 non
2435 2893 2826 2966 przevalebunt.
2859 2892 3052 2949 Vincet
3092 2891 3235 2948 enim
3271 2890 3491 2957 veritas,
3523 2904 3630 2946 nec
3656 2889 3759 2943 ulla

2160 2988 2451 3043 communio
2473 2996 2551 3043 est
2576 2987 2681 3042 luci
2707 3002 2825 3042 cum
2852 2986 3096 3056 tenebris,
3125 3002 3285 3058 neque
3307 2983 3591 3039 concordia
3613 2980 3760 3037 Chri—

2161 3091 2241 3139 sto
2270 3098 2386 3137 cum
2426 3080 2597 3138 Belial
2625 3079 2715 3152 (ΙΙ
2759 3079 2878 3137 Cor.
2924 3097 2996 3148 v1,
3049 3079 3162 3151 14).
3206 3077 3337 3146 Quis
3382 3077 3587 3134 etenim
3637 3075 3759 3131 talia

2165 3175 2370 3232 audivit
2390 3172 2716 3246 aliquando?
2739 3172 2847 3230 Aut
2865 3174 2985 3245 quis
3012 3188 3157 3229 nunc
3182 3173 3297 3229 haec
3326 3171 3555 3227 audiens
3574 3169 3761 3238 verba,

462 3263 574 3344 qu?
613 3246 777 3303 m°d°
823 3245 965 3344 imm:
1010 3242 1162 3344 5010.5,
1195 3247 1472 3344 “posuit”
1942 3230 2063 3344 ﬂ?"
2088 3278 2139 3344 ο
2168 3282 2278 3324 non
2321 3230 2547 3333 metuet,
2578 3273 2672 3321 aut
2718 3230 2900 3323 aures.
2921 3267 3180 3323 continuo
3220 3280 3328 3321 non
3367 3263 3671 3331 obturabit,
3698 3230 3764 3318 ne

464 3338 691 3405 malum,
722 3343 779 3393 et
812 3349 923 3391 non
948 3333 1069 3389 loca
1096 3331 1199 3386 alia
1224 3327 1562 3400 penetrando
1590 3324 1911 3396 simplicium
1940 3336 2063 3377 sor-

432 3430 680 3487 ‘didaret
706 3427 939 3483 auditus.
972 3422 1079 3480 Sed
1116 3422 1371 3493 quoniam
1423 3420 1686 3475 Eusebius
1726 3432 1870 3473 nunc
1906 3414 2067 3471 Nico-

471 3519 685 3585 media),
709 3527 906 3590 putans
926 3517 980 3571 in
1004 3530 1062 3571 se
1084 3514 1381 3570 consistere
1403 3526 1593 3567 causas
1611 3508 1882 3576 Eeclesim,
1907 3506 2067 3579 215

471 3611 600 3683 quia
640 3625 763 3666 cum
805 3607 1115 3677 reliquisset
1157 3604 1498 3677 Berytiorum
1527 3601 1819 3666 civitatem,
1851 3607 1908 3656 et
1936 3615 2070 3655 con-

473 3701 733 3772 cupiisset
778 3696 1247 3755 Nicomediensem
1287 3694 1605 3763 Eeelesiam,
1648 3708 1759 3750 non
1796 3699 1881 3748 est
1918 3692 1976 3749 in
2004 3706 2071 3749 eo

475 3793 608 3849 ultio
645 3792 932 3849 subsecuta
959 3806 973 3845 :
1001 3789 1372 3861 patrocinatur
1399 3787 1562 3843 etiam
1592 3786 1676 3843 his
1705 3786 1991 3858 apostatis,
2018 3793 2075 3843 et

476 3887 713 3944 scribere
740 3887 941 3958 ubique
968 3885 1189 3942 molitus
1217 3891 1319 3949 est,
1350 3880 1736 3941 commendans
1755 3895 1872 3949 eos,
1892 3880 1939 3935 si
1965 3894 2076 3950 quo

442 3978 646 4055 imodo
677 3978 855 4035 trahat
884 3977 1093 4049 aliquos
1142 3978 1453 4047 ignorantes
1493 3973 1561 4029 ad
1603 3974 1743 4029 hanc
1787 3972 2076 4044 pessimam

478 4073 727 4129 haeresim
773 4078 829 4129 et
862 4068 1079 4128 Christo
1117 4070 1397 4127 rebellem.
1429 4066 1666 4138 Ideoque
1710 4065 2077 4123 necessarium

474 4166 730 4238 judicavi,
751 4167 930 4223 sciens
953 4164 1100 4236 quod
1127 4165 1183 4221 in
1211 4164 1330 4233 lege
1359 4161 1723 4232 conscriptum
1745 4167 1828 4216 est
1856 4158 2080 4216 ulterius

481 4276 590 4316 non
628 4268 832 4330 tacere,
874 4258 971 4315 sed
1019 4257 1174 4314 vobis
1218 4255 1468 4312 omnibus
1517 4252 1785 4319 indicare;
1816 4259 2081 4321 quatenus

483 4351 645 4407 etiam
674 4367 773 4407 vos
799 4351 984 4407 sciatis
1011 4358 1305 4420 apostatas,
1339 4357 1395 4404 ct
1422 4363 1611 4405 eorum
1656 4346 1877 4402 haeresis
1918 4346 2081 4401 verba

486 4439 811 4509 nequissima
842 4440 1100 4497 caveatis.
1148 4440 1206 4496 Si
1252 4453 1382 4509 ergo
1416 4437 1693 4509 scripserit
1729 4436 1885 4493 vobis
1909 4433 2081 4492 Euse-

486 4534 626 4596 bius,
656 4548 754 4589 nec
779 4534 1052 4605 recipiatis
1081 4550 1226 4604 cum,
1254 4549 1356 4591 nec
1385 4534 1503 4603 ejus
1526 4534 1726 4604 scripta
1754 4531 2078 4603 suscipiatis.

2170 3359 2420 3417 sordibus
2464 3358 2655 3414 talium
2700 3358 2991 3415 verborum
3042 3356 3160 3428 ejus
3202 3356 3477 3429 polluatur
3519 3354 3764 3411 auditus?

2171 3448 2303 3517 Quis
2343 3449 2568 3506 audiens
2617 3449 2888 3506 dicentem
2926 3447 3191 3505 Joannem
3222 3466 3235 3502 :
3265 3445 3333 3502 In
3361 3448 3622 3519 principio
3658 3456 3791 3529 erat.

2182 3544 2409 3599 Verbum
2431 3542 2613 3615 (Joan.
2642 3560 2679 3609 ι,
2710 3544 2786 3617 l),
2811 3558 2920 3600 non
2947 3542 3308 3616 reprehendat
3330 3543 3463 3598 istos
3486 3542 3764 3597 dicentes:

2173 3633 2299 3691 Fuit
2346 3634 2635 3707 aliquando
2681 3634 2899 3705 quando
2942 3648 3053 3691 non
3092 3634 3232 3690 fuit?
3259 3632 3368 3688 Aut
3394 3633 3519 3703 quis
3547 3633 3769 3688 audiens

2174 3724 2229 3781 in
2280 3724 2574 3795 Evangelio
2608 3743 2621 3778 :
2656 3722 2990 3797 Unigenitum
3036 3723 3265 3790 Filium;
3313 3733 3368 3779 et
3401 3742 3415 3779 :
3448 3724 3559 3779 Per
3602 3725 3767 3795 ipsum

2176 3817 2352 3871 omnia
2381 3818 2521 3888 facta
2546 3824 2667 3872 sunt
2700 3813 2879 3887 (Joan.
2909 3832 2949 3886 ι,
2979 3816 3046 3871 I8
3073 3825 3124 3872 et
3152 3817 3227 3887 ὅ),
3259 3832 3369 3871 non
3398 3815 3527 3872 odio
3556 3817 3773 3872 habebit

2181 3911 2424 3968 dicentes
2446 3911 2573 3981 quia
2610 3926 2748 3966 unus
2767 3919 3135 3967 creaturarum
3162 3920 3246 3966 est
3265 3909 3466 3966 Filius?
3489 3909 3775 3978 Quomodo

2179 4014 2309 4070 ergo
2336 4008 2515 4071 potest
2542 4015 2662 4057 esse
2688 4015 2827 4056 unus
2868 4000 3060 4056 borum
3083 4015 3201 4071 qua:
3224 4014 3323 4072 per
3346 4015 3471 4056 eum
3501 3999 3647 4055 facta
3675 4016 3776 4056 no-

2179 4095 2442 4151 scuntur?
2470 4093 2580 4149 Aut
2607 4092 2883 4165 quomodo
2915 4092 3246 4164 Unigenitus,
3276 4094 3366 4165 qui
3398 4093 3655 4149 omnibus
3694 4108 3781 4150 se-

2181 4183 2419 4240 cundum
2443 4184 2566 4241 illos
2593 4186 3045 4241 connumeratur?
3075 4185 3359 4252 Quomodo
3387 4185 3555 4241 etiam
3575 4199 3645 4240 ex
3669 4199 3779 4240 non

2182 4276 2541 4334 existentibus
2568 4276 2692 4343 erit,
2725 4275 2887 4333 Patre
2914 4276 3126 4333 dicente
3157 4296 3169 4331 :
3195 4276 3244 4331 Ε
3248 4278 3466 4332 ructavit
3488 4293 3582 4332 cor
3608 4294 3779 4331 meum

2191 4367 2416 4424 Verbum
2440 4369 2625 4423 bonum
2656 4368 2832 4441 (Psal.
2862 4379 3006 4435 xuv,
3038 4367 3125 4439 2);
3157 4375 3211 4424 et
3240 4369 3434 4424 iterum
3468 4385 3481 4423 :
3516 4367 3605 4423 Ea:
3636 4377 3782 4423 utero

2183 4468 2306 4514 ante
2333 4460 2602 4531 luciferum
2643 4461 2796 4532 genui
2826 4469 2873 4515 te
2902 4459 3075 4531 (Psal.
3106 4476 3214 4527 etx,
3243 4458 3340 4529 3)?
3368 4459 3476 4515 Aut
3503 4460 3783 4530 quomodo

2185 4548 2459 4606 dissimilis
2484 4548 2629 4604 Patri
2659 4550 2976 4615 substantia,
3005 4564 3126 4606 cum
3154 4550 3226 4605 sit
3253 4550 3429 4617 imago
3451 4548 3702 4620 perfecta
3732 4558 3786 4603 et

489 4624 779 4694 An“(Illam
824 4626 970 4731 ξθηίιῐι
1020 4626 1391 4736 θευίάίιθίεπι,
1415 4633 1678 4736 templ???
1714 4638 2081 4736 εοῐηὲνθεδειω
2107 4672 2161 4736 D
2184 4640 2440 4731 splendor
2481 4639 2675 4709 Patris,
2700 4642 2793 4712 qui
2818 4642 2988 4697 dicit:
3018 4640 3119 4706 Qui
3146 4658 3227 4695 me
3251 4641 3405 4708 videt,
3434 4642 3571 4695 videt
3595 4650 3645 4695 et
3678 4639 3785 4694 Pa-

489 4732 632 4773 nunc
678 4732 777 4788 per
823 4718 956 4774 istos
992 4733 1258 4775 renovare
1304 4718 1513 4786 volens,
1556 4719 1706 4788 lingit
1755 4718 1975 4789 quidem
2020 4734 2080 4776 se

489 4812 643 4883 quasi
670 4826 771 4884 pro
808 4812 924 4868 istis
951 4812 1215 4880 scribere;
1249 4828 1416 4884 opere
1442 4828 1571 4869 vero
1598 4811 1936 4869 demonstrat
1955 4813 2081 4883 quia

490 4919 590 4976 pro
619 4904 910 4976 semetipso
937 4903 1131 4959 talibus
1159 4905 1377 4961 studere
1400 4904 1634 4961 festinat.
1659 4904 1932 4974 Apostatae
1951 4919 2082 4961 vero

452 5008 455 5009 '
492 5006 618 5056 sunt
636 4998 725 5054 isti
745 4997 905 5054 Arius
926 5005 983 5054 et
1008 4996 1262 5055 Achillas.
1280 4996 1413 5053 Cum
1436 4998 1515 5053 eis
1535 5006 1714 5054 autem
1742 5004 2085 5068 apostatave-

491 5099 617 5147 runt
646 5090 724 5159 hi,
755 5087 999 5158 Aithalis,
1042 5089 1361 5161 Carponius,
1395 5089 1531 5147 alter
1556 5090 1734 5158 Arius,
1764 5090 2081 5160 Sarmatius,

493 5181 748 5249 Euzoius,
778 5180 992 5249 Lucius,
1026 5180 1216 5248 Julius,
1249 5181 1455 5251 Menas,
1481 5190 1537 5239 et
1576 5181 1866 5254 Helladius,
1895 5182 2085 5254 Gaius,

494 5274 773 5331 Secundus
812 5284 868 5332 et
917 5275 1188 5343 Theonas,
1243 5275 1335 5347 qui
1364 5277 1607 5348 episcopi
1636 5277 1924 5349 aliquando
1963 5284 2089 5333 sunt

495 5367 643 5424 dicti.
685 5367 761 5422 Ea
800 5383 930 5425 vero
969 5383 1091 5439 qua:
1118 5368 1408 5440 opinantes
1434 5368 1745 5439 loquuntur,
1782 5369 2091 5441 hujusmodi

496 5469 620 5516 sunt
653 5477 666 5515 :
695 5460 812 5517 Non
859 5475 1093 5533 semper,
1126 5461 1391 5532 inquiunt,
1440 5459 1582 5518 Deus
1622 5461 1785 5518 Pater
1822 5462 1941 5528 fuit,
1979 5479 2091 5519 non

495 5565 712 5623 semper
740 5551 836 5607 fuit
864 5551 963 5608 Dei
990 5551 1256 5620 Verbum;
1288 5553 1384 5609 sed
1430 5554 1530 5609 fuit
1570 5554 1785 5624 quando
1813 5552 1954 5609 Deus
1984 5553 2086 5610 Pa-

500 5650 584 5698 ter
610 5658 720 5699 non
747 5643 864 5698 fuit.
896 5643 994 5700 Dei
1020 5652 1200 5700 autem
1228 5644 1467 5701 Verbum
1495 5660 1564 5700 ex
1601 5660 1710 5700 non
1736 5645 2089 5702 existentibus

500 5733 702 5791 factum
740 5744 842 5792 est.
887 5733 1138 5793 Existens
1165 5737 1308 5793 enim
1337 5736 1501 5803 Deus,
1534 5752 1642 5793 non
1671 5736 1991 5793 existentem
2022 5753 2091 5794 ex

503 5843 614 5885 non
643 5830 909 5886 existente
935 5830 1084 5886 fecit.
1115 5829 1455 5903 QuaprOpter
1481 5832 1580 5888 fuit
1608 5832 1896 5903 aliquando
1922 5847 2093 5904 quan-

498 5921 579 6004 do
606 5935 718 5979 non
744 5922 864 5979 fuit.
889 5921 1148 5980 Creatura
1173 5930 1257 5982 est
1284 5925 1426 5981 enim
1465 5933 1522 5983 et
1550 5926 1753 5985 factura
1781 5924 1967 6002 Filius,
1997 5943 2092 5991 nc-

2189 4743 2317 4789 trem
2340 4734 2518 4807 (Joan.
2552 4750 2659 4801 xtv,
2684 4733 2775 4795 9)?
2796 4734 3107 4804 Quomodo,
3135 4734 3181 4790 si
3208 4733 3444 4789 Verbum
3472 4741 3529 4788 et.
3554 4733 3761 4803 Sapien

2188 4824 2265 4881 tia
2292 4826 2391 4883 Dei
2418 4835 2502 4882 est
2539 4825 2730 4896 Filius,
2761 4825 2862 4882 fuit
2903 4826 3192 4897 aliquando
3229 4825 3446 4897 quando
3486 4841 3601 4881 non
3652 4825 3787 4881 fuit?

2188 4918 2378 4975 Simile
2403 4927 2487 4975 est
2513 4919 2658 4975 enim
2686 4934 2751 4976 ac
2784 4918 2830 4975 si
2873 4917 3053 4974 dicant
3094 4918 3210 4974 sine
3248 4916 3427 4973 Verbo
3450 4924 3507 4974 et
3536 4918 3656 4972 sine
3685 4916 3787 4972 Sa-
3836 4944 3839 4945 ν

2190 5010 2391 5084 pientia
2422 5010 2585 5067 fuisse
2622 5010 2910 5083 aliquando
2958 5010 3145 5065 Deum.
3177 5007 3271 5065 Vel
3311 5007 3590 5079 quomodo
3620 5015 3709 5063 est
3736 5016 3790 5062 et

2192 5104 2556 5161 convertibilis
2594 5113 2650 5160 et
2689 5103 2980 5171 mutabilis,
3015 5104 3107 5174 qui
3146 5102 3278 5158 dicit
3313 5117 3412 5175 per
3450 5116 3511 5157 se
3543 5118 3557 5155 :
3588 5099 3709 5173 Ego
3738 5101 3787 5153 in

2191 5195 2354 5251 Patre
2376 5206 2426 5252 et
2447 5195 2610 5251 Pater
2636 5198 2690 5251 in
2712 5213 2793 5251 me
2823 5196 3002 5265 (Joan.
3030 5210 3140 5260 xtv,
3170 5193 3289 5263 IO);
3317 5201 3373 5248 et
3398 5193 3596 5249 iterum
3629 5210 3643 5245 :
3678 5191 3792 5260 Ego

2190 5296 2240 5342 et
2276 5286 2439 5342 Pater
2475 5302 2633 5340 unum
2661 5302 2835 5340 sumus
2868 5283 3049 5357 (Joan.
3082 5300 3136 5350 x,
3169 5284 3297 5353 30)?
3336 5280 3440 5339 Per
3467 5282 3793 5354 prophetam

2190 5391 2321 5433 vero
2346 5395 2359 5430 :
2395 5375 2594 5444 Videte,
2624 5375 2815 5446 inquit,
2848 5392 2948 5441 me,
2978 5376 3165 5445 videte,
3194 5376 3314 5445 quia
3337 5391 3431 5446 ego
3453 5390 3592 5440 sum,
3614 5382 3664 5427 et
3692 5389 3795 5427 non

2193 5468 2430 5523 mutabor
2460 5466 2681 5540 (Malae.
2715 5482 2793 5536 tn,
2820 5466 2897 5538 6).
2930 5465 3066 5521 Nam
3095 5465 3223 5522 licet
3245 5466 3302 5521 in
3322 5479 3390 5522 eo
3419 5464 3588 5520 verbo
3614 5463 3686 5519 sit
3716 5462 3797 5516 di-

2196 5568 2343 5618 ctum
2388 5559 2519 5615 illud
2562 5559 2816 5632 apostoli,
2855 5559 2981 5631 quia
3026 5558 3199 5615 factus
3245 5566 3331 5614 est
3375 5558 3562 5624 homo,
3612 5565 3796 5611 tamen

2196 5661 2433 5709 mutatus
2481 5669 2587 5710 non
2634 5663 2737 5721 est,
2775 5651 2889 5717 sed,
2921 5652 3062 5709 sicut
3097 5653 3233 5709 dixit
3269 5650 3609 5724 Apostolus:
3640 5648 3796 5705 Iesus

2199 5744 2434 5801 Christus
2462 5748 2593 5815 lteri,
2625 5756 2676 5802 et
2710 5746 2882 5814 hodie,
2913 5747 3024 5819 ipse
3054 5757 3103 5802 et
3141 5748 3199 5803 in
3235 5746 3429 5803 swcula
3454 5745 3648 5817 (Hebr.
3680 5760 3795 5807 xm,

2200 5836 2278 5910 8).
2310 5836 2441 5905 Quae
2486 5853 2667 5907 causa,
2715 5845 2896 5909 putas,
2933 5838 3104 5895 suasit
3148 5840 3228 5897 eis
3268 5848 3330 5895 ut
3372 5838 3643 5905 dicerent,
3670 5836 3797 5906 quia

2201 5939 2421 6012 propter
2447 5946 2547 5990 nos
2573 5939 2659 5994 est
2697 5930 2889 6008 tactus,
2930 5947 3055 5993 cum
3096 5930 3294 5995 Paulus
3320 5932 3543 6005 scribat,
3588 5936 3794 6007 proptd
