4006 6446
282 311 401 368 905

1396 312 1716 373 HISTORIA
1752 314 2189 376 TRIPARTITA.
2219 317 2425 376 LIBER
2455 321 2498 377 Ι.

3465 328 3568 386 900

278 448 444 504 quem
465 430 663 499 omnia,
685 437 736 485 et
760 446 853 502 per
877 447 1026 504 quem
1053 434 1230 488 omnia
1245 434 1280 508 '(
1289 434 1438 490 Rom.
1462 434 1695 508 111,36)?
1731 436 1879 492 Unde
1907 447 1956 502 Α
1985 447 2141 495 tenus
2182 439 2250 495 de
2293 441 2570 512 scripturze
2607 451 2834 502 veritate
2862 453 3128 504 testentur
3155 450 3209 504 et
3237 457 3422 518 aperte
3449 464 3569 520 quae

277 538 424 578 vero
455 523 830 594 blasphement
849 524 973 595 quia
999 527 1170 582 nescit
1192 527 1428 596 perfecte
1449 529 1614 584 Filius
1642 528 1876 597 Patrem,

277 619 598 674 mirandum
627 636 736 675 non
761 629 864 676 est.
896 620 1028 676 Nam
1060 624 1518 689 semel,babentes
1547 628 1879 697 propositum

274 710 589 766 rebellandi
627 710 866 778 Christo,
896 715 1264 782 repercutiunt
1310 716 1472 769 etiam
1513 732 1701 772 vocem
1741 716 1876 785 ejus,

275 802 519 860 dicentis
542 822 555 856 :
581 803 729 859 Sicut
755 807 891 860 novit
915 823 992 860 me
1020 806 1200 872 Pater,
1225 816 1273 861 et
1297 825 1392 876 ego
1415 825 1639 880 agnosco
1667 807 1880 862 Patrem

273 895 472 966 (Joan.
517 912 572 962 ι,
602 895 718 967 15).
753 896 810 952 Si
837 912 965 967 ergo
990 914 1056 954 ex
1086 908 1240 969 parte
1269 899 1428 955 Pater
1473 903 1623 956 novit
1662 901 1874 968 Filium,

271 987 468 1057 palam
498 996 582 1041 est
601 987 728 1056 quia
768 997 823 1043 et
867 988 1032 1044 Filius
1059 1006 1166 1045 non
1198 990 1434 1061 perfecte
1462 993 1611 1047 novit
1637 991 1875 1048 Patrem.

271 1076 332 1132 Si
365 1088 554 1132 autem
580 1079 684 1134 hoc
704 1079 884 1136 dicere
907 1081 1129 1151 impium
1159 1091 1242 1138 est
1273 1084 1445 1154 (novit
1472 1085 1614 1139 enim
1638 1084 1878 1154 perfecte

269 1167 482 1224 Filium
513 1167 720 1242 Pater),
749 1172 926 1240 palam
949 1182 1032 1227 est
1059 1174 1182 1245 quia
1211 1175 1349 1231 sicut
1371 1176 1522 1230 novit
1542 1176 1702 1232 Pater
1721 1193 1878 1234 suum

269 1259 544 1331 Verbum,
576 1262 654 1317 sic
680 1271 735 1318 et
763 1263 997 1319 Verbum
1041 1267 1192 1321 novit
1226 1269 1501 1337 proprium
1543 1267 1790 1334 Patrem;
1821 1277 1878 1326 et

267 1353 442 1408 aliter
470 1369 580 1408 non
607 1363 708 1410 est.
739 1354 865 1410 Hmc
893 1357 1153 1424 dicentes,
1183 1367 1239 1412 et
1264 1359 1604 1415 revolventes
1629 1359 1873 1431 Scriptu-

265 1460 365 1500 ras
397 1455 638 1514 sanctas,
686 1446 996 1518 frequenter
1039 1450 1371 1506 convicimus
1415 1465 1541 1518 eos;
1574 1462 1629 1507 et
1662 1469 1875 1507 rursum

267 1546 541 1608 tanquam
591 1540 1005 1597 cbamaeleontes
1050 1543 1426 1610 mutabantur,
1480 1545 1757 1601 studentes
1807 1546 1875 1600 ad

264 1631 605 1700 semetipsos
633 1631 848 1687 trahere
889 1634 1033 1703 quod
1081 1635 1337 1704 scriptum
1367 1644 1449 1690 est
1483 1654 1494 1688 :
1528 1634 1657 1690 Cum
1685 1639 1876 1691 venerit

265 1721 472 1792 impius
501 1723 555 1775 in
584 1724 899 1794 profundum
947 1727 1223 1792 malorum,
1272 1737 1478 1796 spernet
1509 1727 1689 1799 (l’rov.
1724 1743 1870 1794 xvm,

267 1812 351 1882 5).
385 1813 571 1868 Multa
613 1815 875 1883 siquidem
921 1826 1046 1872 ante
1084 1833 1178 1872 eos
1226 1819 1455 1874 luereses
1484 1819 1718 1887 fuerunt,
1751 1837 1871 1890 qua:
1902 1837 1950 1898 Β

265 1906 396 1977 plus
429 1921 593 1976 quam
621 1907 776 1962 decet
811 1920 1218 1980 praesumentes,
1244 1920 1562 1966 corruerunt
1588 1915 1640 1966 in
1670 1914 1874 1984 impru-

264 1994 520 2051 dentiam
547 2013 712 2052 suam.
747 1997 839 2052 Isti
875 2013 1005 2054 vero
1032 2015 1129 2070 per
1156 2001 1335 2054 omnia
1366 2003 1530 2056 verba
1575 2019 1668 2058 sua
1699 2004 1876 2059 niten-

264 2097 356 2145 tes
389 2090 528 2158 erigi
557 2090 622 2144 ad
652 2091 1070 2146 internecionem
1100 2092 1392 2148 divinitatis
1418 2092 1601 2158 Verbi,
1633 2110 1730 2163 per
1757 2095 1872 2151 haec

263 2181 399 2236 illas
431 2182 664 2236 haereses
705 2182 916 2238 ﬁrmare
945 2184 1122 2254 potius
1151 2186 1327 2240 conati
1368 2195 1510 2252 sunt,
1543 2187 1872 2244 Antichristo

264 2273 405 2328 facti
458 2275 902 2344 pr0pinqniores;
932 2286 1265 2347 quapropter
1293 2288 1347 2333 et
1376 2279 1608 2334 abdicati
1651 2289 1706 2336 et
1742 2296 1872 2335 ana-

265 2369 614 2424 thematizati
651 2379 779 2426 sunt
825 2371 892 2426 ab
937 2371 1201 2427 Ecclesia.
1253 2373 1648 2430 Contristamur
1689 2375 1873 2445 itaque

265 2475 375 2533 pro
408 2476 597 2517 eorum
638 2463 958 2533 perditione,
995 2473 1048 2519 et
1086 2467 1318 2522 maxime
1356 2469 1481 2537 quia
1526 2477 1583 2524 ct
1623 2469 1870 2539 ipsi-ali-

267 2552 497 2623 quando
522 2568 639 2622 qua:
679 2552 932 2611 Ecclesia:
969 2565 1094 2613 sunt
1121 2558 1425 2626 audierunt,
1460 2569 1516 2615 et
1539 2576 1681 2616 nunc
1711 2562 1778 2616 ab
1805 2577 1872 2618 ea

268 2658 507 2713 prorsus
542 2645 796 2699 exsiliunt
826 2664 838 2699 :
864 2662 971 2702 non
1001 2658 1180 2704 tamen
1207 2650 1552 2706 admiramur.
1587 2652 1701 2708 Hoc
1728 2655 1872 2710 enim

269 2743 329 2792 et
357 2736 707 2808 Hymenaaus,
737 2746 792 2793 et
813 2738 1056 2797 Philetus
1081 2743 1225 2811 passi
1255 2753 1400 2810 sunt,
1426 2752 1482 2799 et
1508 2753 1633 2800 ante
1658 2761 1752 2801 eos
1779 2745 1873 2801 Ju-

267 2831 394 2898 das,
426 2832 664 2900 quicum
696 2841 837 2888 esset
875 2843 1091 2890 secutus
1132 2835 1488 2904 Salvatorem,
1523 2847 1710 2908 postea
1741 2857 1873 2910 pro-

268 2923 423 2978 ditor
453 2923 625 2979 factus
650 2933 732 2978 est
761 2934 815 2980 et
844 2934 1112 2994 apostata.
1145 2926 1252 2982 Sed
1278 2927 1344 2982 de
1372 2928 1456 2982 his
1484 2929 1702 2998 quidem
1743 2931 1874 2999 ipsis

269 3029 388 3071 non
420 3031 606 3070 sumus
644 3016 829 3084 ignari.
873 3017 1131 3073 Dominus
1177 3020 1320 3074 enim
1368 3020 1656 3090 praedixit:
1701 3022 1874 3078 Videte

271 3126 343 3162 ne
373 3111 492 3179 quis
521 3125 606 3163 vos
633 3109 863 3164 seducat.
899 3109 1048 3163 Multi
1077 3113 1212 3164 enim
1238 3113 1438 3166 venient
1459 3114 1513 3166 in
1535 3115 1741 3168 nomine
1761 3131 1873 3170 meo

270 3199 530 3263 dicentes,
564 3201 680 3270 quin
710 3217 802 3270 ego
828 3217 961 3265 sum,
992 3210 1041 3254 et
1073 3210 1268 3270 tempus
1293 3219 1454 3272 prope
1482 3213 1576 3267 est,
1609 3212 1658 3256 et
1687 3205 1872 3258 multos
1903 3218 1948 3282 ρ

271 3307 461 3344 errare
489 3292 682 3362 facient
709 3309 726 3346 :
754 3311 817 3347 ne
851 3311 972 3364 ergo
1018 3296 1146 3347 eatis
1193 3304 1309 3364 post
1352 3313 1437 3349 eos
1470 3295 1618 3366 (Luc.
1651 3314 1762 3365 xxi,
1793 3297 1870 3368 8).

272 3384 506 3439 Discens
535 3385 676 3439 enim
709 3385 823 3440 haec
852 3402 880 3439 a
912 3386 1198 3441 Salvatore
1236 3397 1420 3443 nostro
1450 3386 1663 3454 Paulus,
1698 3389 1870 3443 dixit:

276 3481 420 3544 Quia
469 3481 759 3535 novissimis
811 3483 1122 3552 temporibus
1172 3482 1536 3553 apostatabunt
1583 3485 1792 3554 quidam
1841 3501 1874 3538 a

273 3571 382 3641 ﬁde
411 3589 565 3634 sana,
594 3572 913 3626 attendentes
938 3573 1006 3626 ad
1037 3574 1248 3642 spiritus
1290 3575 1482 3627 erroris
1512 3574 1874 3645 doctrinasque

274 3664 591 3727 dwmonum,
624 3682 737 3735 qua:
780 3667 1040 3719 veritatem
1089 3677 1391 3720 aversantur
1423 3665 1475 3736 (I
1517 3665 1650 3719 Tim.
1691 3683 1762 3732 ιν,
1795 3668 1870 3738 l).

276 3757 515 3812 Domino
549 3758 814 3826 siquidem
855 3767 910 3814 et
957 3760 1239 3814 Salvatore
1286 3768 1474 3814 nostro
1503 3759 1628 3822 Jesu
1659 3760 1873 3816 Christo

201 3905 208 3910 _
275 3863 375 3920 per
416 3851 766 3920 semetipsum
811 3852 1193 3920 pronuntiante
1223 3860 1277 3907 et
1305 3867 1401 3921 per
1433 3851 1751 3922 Apostolum
1781 3853 1874 3909 de-

274 3940 526 4010 signante
554 3940 622 3996 de
658 3941 873 4007 talibus,
902 3952 1297 4012 consequenter
1337 3958 1437 3998 nos
1482 3959 1592 4013 per
1625 3945 1873 4015 nosipsos
1918 3983 1924 3988 -

273 4034 560 4088 audientes
588 4033 918 4102 impietatem
950 4050 1134 4090 eorum
1158 4034 1734 4091 anathematizavimus
1756 4052 1870 4102 eos,

273 4126 418 4181 sicut
469 4125 814 4197 praediximus
843 4145 855 4180 :
890 4127 1234 4182 ostendentes
1268 4143 1362 4182 eos
1391 4137 1676 4182 extraneos
1707 4143 1735 4180 a
1769 4127 1872 4183 ﬁde

272 4215 626 4287 Ecclesiaque
654 4220 939 4274 catholica.
965 4209 1324 4274 Indicavimus
1353 4228 1532 4273 autem
1561 4220 1678 4273 haec
1697 4219 1867 4284 vobis,

273 4311 613 4368 dilectissimi
656 4321 817 4381 atque
862 4313 1160 4366 charissimi
1206 4312 1582 4376 comministri,
1622 4327 1688 4366 ne
1736 4327 1873 4379 quos

276 4417 490 4467 eorum,
520 4402 565 4455 si
591 4400 729 4455 forte
760 4403 1082 4455 tentaverint
1106 4402 1268 4455 etiam
1297 4401 1363 4454 ad
1393 4418 1488 4456 vos
1521 4402 1723 4467 venire,
1755 4417 1873 4456 sus-

273 4493 512 4562 cipiatis,
567 4506 740 4560 neque
768 4491 1020 4557 Eusebio,
1053 4493 1137 4546 vel
1167 4493 1385 4548 cuilibet
1431 4493 1659 4547 aliorum
1711 4496 1873 4565 216

273 4583 535 4638 scribenti
567 4599 664 4652 pro
695 4583 772 4638 eis
803 4583 1088 4638 obediatis.
1117 4583 1281 4640 Decet
1309 4584 1451 4639 enim
1482 4601 1581 4639 nos
1616 4592 1869 4655 tanquam
1897 4605 1954 4666 D

272 4671 632 4739 Christianos,
666 4683 722 4729 ut
764 4691 954 4730 omnes
984 4685 1170 4730 contra
1197 4674 1466 4731 Christum
1507 4677 1788 4746 loquentes
1817 4687 1873 4734 et

275 4767 572 4835 sapientes,
602 4767 755 4834 quasi
785 4766 896 4821 Deo
928 4766 1159 4821 rebelles
1188 4775 1242 4821 et
1270 4768 1565 4837 animarum
1591 4780 1873 4839 corrupto-

274 4870 382 4920 res,
414 4858 546 4911 totis
573 4857 776 4912 viribus
804 4873 1136 4924 aversemur;
1163 4867 1217 4913 et
1238 4874 1412 4929 neque
1438 4875 1536 4915 ave
1564 4860 1870 4930 hujusmodi

275 4946 515 5002 dicamus
561 4948 883 5015 hominibus,
927 4965 994 5004 ne
1034 4949 1171 5006 forte
1213 4952 1374 5005 etiam
1418 4954 1651 5021 peccatis
1680 4969 1868 5009 eorum

275 5040 677 5095 communicare
702 5041 1001 5110 videamur,
1033 5043 1172 5097 sicut
1200 5044 1388 5099 beatus
1415 5043 1648 5101 Joannes
1676 5048 1749 5101 ait
1779 5045 1868 5117 (ΙΙ

272 5124 452 5194 Joan.,
484 5127 596 5198 11).
629 5129 872 5185 Salutate
898 5130 1094 5187 fratres
1123 5134 1214 5202 qui
1242 5134 1383 5204 apud
1412 5149 1509 5190 vos
1539 5145 1679 5190 sunt.
1715 5136 1868 5190 Salu-

273 5224 386 5272 tant
409 5235 508 5274 vos
547 5221 638 5290 qui
669 5222 945 5278 nobiscum
974 5233 1118 5277 sunt.
1151 5225 1447 5292 Socnnss,
1482 5225 1570 5282 lib.
1601 5242 1639 5292 ι,
1672 5243 1785 5296 cap.
1810 5227 1864 5282 ὅ.

272 5305 414 5365 Edit.
448 5307 744 5383 Christoph.
776 5322 824 5367 et
864 5312 1036 5367 Vales.
1070 5331 1186 5386 cap.
1221 5316 1276 5382 6,
1308 5334 1360 5386 p.
1397 5316 1483 5370 10.

343 5400 460 5459 Non
491 5403 666 5459 solum
689 5412 868 5459 autem
897 5404 1057 5470 hanc,
1091 5405 1183 5459 sed
1214 5406 1376 5460 etiam
1407 5406 1473 5460 ad
1503 5406 1866 5463 Alexandrum

275 5490 813 5568 Constantinopoleos
841 5498 1170 5569 episcopum,
1200 5500 1416 5553 missam
1446 5499 1560 5568 ejus
1581 5500 1864 5570 epistolam

276 5581 397 5641 huic
417 5587 569 5658 operi
590 5587 824 5643 inserere
845 5603 950 5642 non
969 5588 1233 5653 omittam,
1249 5602 1367 5656 qum
1385 5589 1528 5643 clare
1551 5591 1728 5643 omnia
1751 5592 1866 5658 ejus

274 5680 540 5750 ostendat,
583 5695 650 5735 ne
692 5680 812 5750 quis
856 5679 1156 5748 suspicetur
1196 5678 1310 5735 haec
1348 5695 1434 5734 me
1478 5679 1600 5735 ticte
1627 5683 1864 5736 conscri-

275 5768 430 5837 bere;
481 5783 535 5828 et
584 5783 706 5844 post
753 5788 870 5827 eam
922 5773 1089 5842 ipsius
1133 5772 1264 5840 Arii,
1299 5782 1354 5828 et
1391 5783 1618 5831 creteras
1648 5792 1864 5846 quoque

276 5864 544 5935 epistolas,
572 5867 763 5937 quibus
790 5852 972 5936 utique
1005 5867 1239 5924 narratio
1279 5876 1400 5939 eget
1438 5869 1698 5936 historiae,
1728 5885 1863 5939 qua-

639 5961 906 6020 l‘ATBOL.
939 5958 1139 6019 LXIX

1980 540 2129 600 gesta
2170 541 2294 587 sunt
2335 533 2679 603 perdoceant.
2723 537 2949 608 Scripsit
2991 541 3132 596 enim
3179 542 3569 600 Alexandrinus

1981 621 2097 678 hzec
2120 622 2666 695 Constantinopoleos
2687 627 3012 686 Alexandro.
3029 631 3449 702 .Tneononsrvs,
3474 634 3564 690 lib.

1980 730 2020 783 ι,
2051 731 2096 769 c.
2126 715 2182 783 5,
2212 736 2263 788 p.
2298 717 2351 774 8.

2567 853 2797 910 CAPUT
2839 856 2970 912 XIV.

1979 938 2231 1011 Ejusdem
2251 943 2318 997 ad
2336 938 2696 1001 ‘Alexandrum
2715 949 3007 1020 episcopum
3030 948 3566 1024 Constantinopoleos.

2048 1053 2376 1116 Charissimo
2399 1060 2550 1116 fratri
2570 1069 2625 1117 et
2645 1065 2882 1119 unanimi
2911 1065 3236 1135 Alexandro,
3265 1067 3567 1126 Alexander

1979 1146 2034 1201 in
2058 1147 2286 1205 Domino
2314 1152 2563 1208 salutem.
3323 1184 3326 1211 :

2051 1239 2334 1312 Appetitus
2373 1247 2626 1314 potentia:
2660 1248 2938 1305 hominum
2979 1253 3368 1322 pessimorum,
3399 1257 3568 1311 avari—
3601 1279 3613 1334 π

1979 1337 2174 1407 tiaeque
2202 1340 2525 1408 propositus,
2559 1342 2792 1409 veritati,
2824 1359 2943 1415 qua:
2986 1347 3225 1402 creditur
3263 1363 3383 1403 esse
3430 1365 3567 1418 pra:-

1979 1432 2156 1502 cipua,
2198 1433 2336 1487 solet
2383 1433 2640 1500 insidiari,
2675 1451 2772 1505 per
2809 1437 2986 1492 varias
3023 1439 3226 1494 scilicet
3253 1442 3568 1496 occasiones

1978 1527 2291 1581 resistentes
2318 1526 2694 1582 ecclesiasticae
2719 1529 2921 1598 pietati.
2949 1529 3164 1599 lmpulsi
3194 1548 3426 1602 namque
3447 1549 3568 1586 ma-

1979 1616 2159 1680 levoli,
2189 1616 2403 1672 diabolo
2446 1615 2508 1670 in'
2545 1618 2624 1672 eis
2666 1627 2947 1690 operante,
2989 1621 3055 1674 ad
3093 1623 3425 1691 pr0positam
3465 1622 3569 1680 sibi

1978 1705 2271 1773 libidinem,
2302 1714 2356 1761 et
2385 1707 2452 1762 ab
2481 1710 2630 1763 omni
2658 1711 2958 1765 reverentia
2988 1712 3313 1780 resilientes,
3344 1714 3569 1768 concul-

1977 1808 2104 1854 cant
2146 1799 2333 1868 judicii
2380 1801 2474 1855 Dei
2515 1803 2783 1858 timorem.
2829 1805 2907 1860 De
2936 1807 3130 1874 quibus
3159 1806 3287 1860 mihi
3317 1822 3569 1862 necessa—

1975 1891 2116 1946 rium
2146 1889 2246 1946 fuit
2284 1893 2556 1961 patientius
2603 1909 2667 1949 ac
2714 1897 3030 1950 reverentiae
3058 1897 3190 1969 [ed.,
3225 1897 3449 1966 patienti
3475 1913 3566 1952 re-

1976 1982 2251 2056 verentim]
2277 1991 2468 2039 vestra:
2489 1985 2810 2054 signiﬁcare,
2829 1995 2885 2040 ut
2899 1988 2966 2042 ab
2984 1986 3287 2055 hujusmodi
3308 1988 3564 2057 caveatis,

1975 2089 2044 2128 ne
2085 2074 2204 2143 quis
2246 2074 2386 2129 forte
2423 2087 2710 2145 praesumat
2737 2093 2926 2132 eorum
2969 2078 3021 2132 in
3052 2079 3334 2148 parochias
3358 2089 3567 2135 vestras

1976 2166 2256 2235 accedere,
2285 2169 2367 2222 vel
2399 2185 2494 2238 per
2520 2185 2597 2236 se,
2628 2170 2712 2225 vel
2741 2187 2835 2242 per
2860 2172 3013 2226 alios.
3041 2172 3234 2226 Valent
3257 2171 3399 2226 enim
3425 2175 3566 2240 magi

1976 2258 2044 2312 ad
2090 2259 2455 2314 seducendum
2512 2259 2778 2328 ﬁgmentis
2826 2265 2920 2328 uti,
2976 2255 3062 2317 vel
3102 2265 3293 2319 litteris
3334 2263 3569 2320 falsitate

1977 2353 2308 2421 compositis,
2336 2368 2454 2424 quae
2480 2361 2702 2422 possunt
2723 2354 2901 2409 facere
2921 2356 3247 2424 prcestigium
3268 2355 3567 2425 simplicem

1975 2444 2134 2500 fidem
2163 2461 2460 2516 puramque
2488 2448 2917 2518 respicientibus.
2947 2448 3101 2502 Arius
3126 2449 3286 2514 igitur
3305 2457 3362 2502 et
3382 2447 3565 2502 Achil-

1974 2537 2054 2593 las
2096 2538 2469 2608 conjuratione
2510 2556 2681 2608 nuper
2712 2540 2873 2606 facta,
2903 2537 3138 2594 Collutbi
3177 2541 3482 2611 superbiam
3513 2545 3568 2592 et

1975 2632 2145 2686 multo
2173 2631 2414 2688 deterius
2443 2633 2535 2687 illo
2564 2633 2732 2687 secuti
2754 2642 2896 2687 sunt.
2922 2631 3015 2685 Ille
3037 2647 3266 2700 namque
3295 2633 3394 2685 bos
3423 2631 3568 2700 ipsos

1976 2723 2221 2792 culpans,
2252 2725 2501 2793 pessima:
2531 2725 2794 2778 voluntati
2833 2738 2942 2777 sua:
2973 2725 3174 2778 invenit
3203 2724 3565 2778 occasionem.

1975 2814 2068 2869 Isti
2115 2831 2244 2871 vero
2288 2817 2502 2885 dignam
2555 2817 2695 2870 illius
2748 2817 3168 2884 negotiationem
3217 2816 3567 2884 respicientes

1979 2908 2095 2982 [ms.
2150 2908 2298 2978 Lyr.,
2351 2908 2717 2978 respuentcs],
2773 2922 3106 2976 nequaquam
3159 2906 3266 2973 jnri
3316 2904 3570 2960 Ecclesiae

1979 3001 2262 3071 subjacere
2305 3003 2674 3072 pertulerunt;
2705 3001 2798 3056 sed
2827 3001 3108 3071 speluncas
3147 3001 3360 3053 sibimet
3399 3000 3569 3052 latro-

1979 3109 2105 3148 num
2134 3094 2479 3160 aediﬁcantes,
2511 3093 2845 3149 incessabilia
2868 3094 2920 3146 in
2951 3093 3027 3146 eis
3048 3092 3404 3146 conciliabula
3427 3091 3569 3145 cele-

1979 3187 2156 3252 brant,
2190 3189 2442 3244 noctibus
2465 3195 2520 3244 et
2542 3188 2728 3243 diebus
2752 3197 2940 3244 contra
2965 3186 3233 3241 Christum
3266 3194 3486 3256 agentes
3515 3194 3569 3241 et

1981 3287 2170 3334 contra
2219 3296 2339 3346 nos,
2391 3280 2674 3349 pravisque
2723 3278 3034 3334 libidinibus
3086 3287 3421 3332 exercentur.
3468 3276 3569 3343 Qui

1977 3391 2194 3432 omnem
2244 3376 2386 3446 piam
2433 3383 2488 3429 et
2537 3375 2886 3444 apostolicam
2941 3382 3256 3426 accusantes
3305 3372 3562 3438 gloriam,

1978 3467 2203 3523 Judaico
2255 3469 2530 3522 schemate
2585 3466 2800 3520 Christo
2851 3464 3177 3519 rebellantes
3225 3466 3570 3518 instituerunt

1977 3561 2194 3616 sibimet
2235 3560 2503 3615 oﬂicinam
2539 3558 2910 3613 :divinitatem
2951 3566 3005 3612 et
3050 3559 3410 3626 aequalitatem
3442 3570 3564 3610 cum

1978 3651 2139 3706 Patre
2159 3651 2454 3706 Salvatoris
2479 3650 2649 3706 nostri
2671 3651 2794 3705 .Iesu
2821 3649 3017 3704 Christi
3041 3658 3317 3717 negantes,
3352 3663 3567 3701 (nuncs-

1977 3760 2084 3813 que
2125 3745 2242 3813 ejus
2288 3745 2537 3799 salutaris
2565 3743 2982 3813 dispensationis
3011 3751 3067 3795 et
3095 3742 3409 3795 humilitatis
3436 3756 3566 3808 pro-

1975 3849 2098 3908 pter
2119 3853 2218 3893 nos
2239 3837 2434 3891 habita:
2464 3852 2624 3892 voces
2646 3837 3017 3905 decerpentes,
3049 3835 3351 3902 prolatione
3380 3833 3568 3886 harum

1979 3931 2274 4000 impietatis
2329 3945 2438 3984 sua:
2495 3930 2931 3999 praedicationem
2992 3941 3246 3981 exercere
3301 3925 3564 3977 nituntur.

1975 4019 2185 4091 Quippe
2211 4020 2506 4076 divinitatis
2534 4020 2651 4090 ejus
2672 4021 2935 4074 rationem
2963 4026 3020 4072 et
3044 4017 3324 4071 inelfabilis
3353 4016 3560 4085 gloriae,

1977 4129 2138 4184 quam
2169 4129 2198 4166 a
2231 4113 2492 4181 principio
2536 4112 2724 4166 habuit
2767 4110 2906 4180 apud
2940 4108 3171 4172 Patrem,
3210 4110 3422 4178 penitus
3453 4108 3568 4162 evi-

1979 4214 2172 4270 tantes,
2204 4220 2532 4276 paganorum
2573 4212 2629 4258 et
2666 4202 2970 4258 Iudaeorum
3001 4203 3216 4271 impiam
3255 4202 3322 4254 de
3352 4201 3567 4255 Christo

1977 4298 2298 4354 sententiam
2345 4295 2694 4363 conﬁrmant;
2725 4304 2781 4351 et
2817 4295 3029 4349 laudem
3069 4298 3360 4363 propriam,
3394 4302 3452 4347 ut
3481 4309 3567 4349 as-

1975 4391 2134 4456 solet,
2177 4399 2525 4458 aucupantes,
2581 4404 2768 4444 omnes
2813 4387 3026 4458 quidem
3066 4402 3199 4456 quas
3241 4395 3426 4441 contra
3462 4402 3563 4441 nos

1975 4490 2201 4553 possunt
2222 4482 2520 4538 derisiones
2547 4480 2738 4536 afferre
2763 4480 3107 4549 negotiantur
3131 4497 3142 4530 :
3168 4479 3566 4548 seditionesque

1977 4575 2131 4631 nobis
2153 4575 2393 4644 quotidie
2421 4590 2486 4629 ac
2510 4576 2912 4645 persecutiones
2937 4573 3235 4638 instituunt,
3261 4580 3369 4625 tam
3388 4571 3566 4640 jurgia

1979 4677 2341 4742 proponentes
2383 4685 2482 4739 per
2529 4669 2793 4724 aditiones
2837 4668 3118 4723 mulierum
3150 4666 3565 4736 impudentium,

1979 4779 2112 4835 quas
2157 4764 2439 4828 seducunt,
2487 4779 2647 4833 quam
2701 4763 2800 4832 ipsl
2849 4761 3119 4816 connnuni
3173 4756 3567 4815 Christianitati

1978 4857 2319 4924 derogantes,
2363 4855 2489 4909 dum
2541 4870 2728 4910 eorum
2766 4853 3066 4923 juvencula:
3110 4869 3296 4908 omnes
3335 4855 3565 4906 circum-

1977 4958 2107 5004 eunt
2135 4950 2282 5004 vicos
2313 4965 2325 5000 :
2353 4947 2572 5016 insuper
2600 4947 3031 5020 inerumpibilem
3073 4943 3270 5007 Christi
3301 4942 3564 5008 tunicam,

1977 5055 2136 5108 quam
2178 5039 2373 5092 milites
2412 5037 2650 5092 dividere
2692 5037 2977 5091 noluerunt
3003 5035 3183 5106 (Joan.
3215 5050 3324 5096 six,
3353 5031 3432 5101 2),
3475 5031 3564 5086 isti

1977 5130 2222 5186 scindere
2244 5145 2385 5184 nunc
2411 5138 2756 5200 praesumunt.
2783 5130 2849 5183 Et
2876 5145 2973 5184 nos
2996 5127 3211 5197 quidem
3234 5127 3399 5180 vitam
3423 5125 3567 5195 ipso-

1975 5238 2095 5276 rum
2124 5230 2178 5275 et
2207 5221 2434 5276 nefanda
2465 5222 2772 5286 conamina,
2801 5237 2867 5276 co
2896 5220 3039 5289 quod
3078 5219 3328 5283 laterent,
3364 5215 3568 5271 tardius

1976 5322 2352 5383 agnoscentes,
2383 5331 2524 5369 nunc
2551 5315 2789 5384 generali
2818 5314 3037 5368 decreto
3068 5311 3134 5364 ab
3165 5309 3407 5364 Ecclesia
3436 5308 3566 5362 ado-

1975 5417 2128 5461 rante
2174 5406 2371 5461 Christi
2414 5409 2742 5462 divinitatem
2774 5422 2868 5461 eos
2909 5403 3228 5473 expulimus.
3262 5401 3456 5456 Conati
3487 5409 3566 5455 ta-

1975 5516 2099 5555 men
2147 5509 2271 5554 sunt
2308 5499 2383 5554 illi
2433 5499 2853 5556 discursionibus
2896 5496 2991 5560 uti,
3042 5504 3098 5550 et
3145 5495 3428 5549 adversum
3468 5507 3566 5547 nos

1972 5593 2288 5657 machinari,
2316 5593 2408 5660 qui
2437 5592 2578 5661 apud
2605 5591 2885 5644 unanimes
2914 5588 3312 5642 conuninistros
3349 5594 3566 5640 nostros

1972 5682 2196 5753 ﬁguram
2225 5684 2371 5753 pacis
2401 5692 2457 5738 et
2485 5682 2704 5736 unitatis
2733 5680 3046 5750 dignitatem
3087 5695 3146 5734 se
3175 5692 3430 5734 exercere
3461 5676 3563 5729 fin-

1968 5785 2120 5844 gunt.
2148 5774 2302 5840 Quod
2332 5783 2512 5828 autem
2542 5787 2727 5827 verum
2755 5779 2857 5837 est,
2890 5770 3137 5841 abripere
3178 5768 3438 5839 quosdam
3467 5783 3561 5824 eo-

1969 5884 2090 5924 rum
2120 5867 2190 5924 ad
2215 5875 2423 5939 pestem
2467 5865 2738 5936 propriam
2777 5877 2874 5935 per
2917 5860 3232 5930 boniloquia
3259 5859 3386 5918 ﬁcta
3408 5857 3559 5916 testi-

3118 5956 3195 6016 29
