4006 6456
459 316 560 372 907

1707 311 1780 366 li
1821 307 2098 367 ABBELII
2133 303 2532 365 CASSIODON

3629 289 3756 356 993

456 436 624 493 nant,
658 433 717 484 et
759 426 966 482 litteras
981 424 1080 482 σιὼ
1126 425 1212 482 eis
1250 421 1563 489 miriﬁcam
1606 427 1668 478 et
1706 419 2036 476 indubitatas
2062 426 2115 490 Α
2139 421 2258 476 tris.
2307 416 2414 473 Sed
2460 416 2584 486 quia
2625 416 2765 476 inter
2801 415 2920 478 hac
2953 427 3078 483 quae
3117 427 3185 480 ex
3231 427 3344 484 uolt
3380 410 3752 472 existentibus

456 520 706 589 exigunt;
731 525 791 572 ut
809 516 1110 586 relegentes
1131 529 1224 572 eas
1243 514 1480 572 seductis
1507 529 1540 570 a
1558 528 1620 569 se
1636 512 1902 583 personis,
1925 511 2046 567 sine

456 607 772 680 paenitentia
801 621 895 664 eos
924 607 979 662 in
1004 605 1218 663 delictis
1245 606 1354 662 suis
1380 604 1580 662 faciant
1597 618 1899 670 remanere,
1921 611 2044 658 tan-

453 716 614 770 quam
640 700 918 754 unanimes
948 699 1213 753 habentes
1261 697 1449 753 eadem
1480 712 1662 752 secum
1689 696 2044 754 decernentes

453 793 756 861 episcopos.
785 789 901 844 Non
931 789 1074 845 enim
1102 803 1221 860 qua:
1251 788 1392 858 apud
1423 803 1522 842 nos
1562 787 1704 840 male
1741 785 2044 840 docuerunt

453 889 511 937 et
550 890 798 950 egerunt,
830 895 895 935 ea
922 879 1173 945 fatentur,
1206 887 1426 949 propter
1457 893 1573 946 qua:
1600 877 1760 930 etiam
1788 884 1913 930 sunt
1940 891 2040 930 ex-

451 973 624 1046 pulsi;
653 973 750 1028 sed
773 972 889 1027 haec
912 980 1003 1026 aut
1030 970 1380 1026 taciturnitati
1409 969 1753 1037 contradunt,
1785 976 1876 1022 aut
1907 966 2043 1022 fictis

457 1080 525 1122 ea
553 1063 1054 1120 ratiocinationibus
1089 1071 1144 1117 et
1187 1061 1501 1130 quibusdam
1545 1057 2042 1114 obumbrationibus

453 1156 673 1226 sopiunt
707 1173 721 1208 :
753 1154 1129 1211 verisimilibus
1177 1168 1306 1208 vero
1353 1159 1409 1206 et
1454 1150 1727 1222 pomposis
1773 1150 2043 1220 corrupti-

455 1246 624 1303 bilem
649 1245 949 1301 doctrinam
976 1259 1128 1298 suam
1154 1243 1396 1298 velantes
1424 1241 1667 1310 eloquiis,
1693 1241 1968 1295 attrahunt
1988 1240 2042 1294 in

455 1338 836 1410 deceptiunem
872 1353 1024 1405 suam
1052 1336 1348 1407 quemlibet
1386 1336 1680 1401 incautum,
1723 1349 1829 1388 non
1872 1332 2041 1387 absti-

457 1437 652 1487 nentes
677 1430 842 1486 etiam
875 1429 1015 1498 apud
1049 1443 1236 1484 omnes
1265 1437 1462 1484 nostrae
1492 1427 1677 1497 pietati
1707 1424 2039 1480 calumniari.

463 1521 615 1579 Unde
645 1521 870 1590 contigit
898 1521 1162 1591 quosdam
1199 1535 1388 1576 eorum
1417 1519 1608 1574 litteris
1645 1516 2046 1574 subscribentes

457 1618 516 1672 in
534 1614 831 1670 Ecclesism
846 1614 1066 1684 suscipi,
1091 1613 1348 1678 maximo,
1371 1613 1526 1667 sicuti
1557 1626 1701 1676 reor,
1733 1610 2046 1664 imminente

457 1705 720 1778 periculo,
751 1705 1201 1776 prmsumentibus
1229 1703 1357 1757 talia
1385 1703 1783 1769 comministris,
1811 1718 1880 1758 eo
1902 1701 2046 1772 quod

2149 511 2292 568 facta
2334 520 2462 568 sunt
2493 510 2726 566 Verbum
2779 509 2876 564 Dei
2904 522 3244 576 nequaquam
3267 514 3690 572 connumeratur
3726 521 3748 558 :

2150 603 2360 670 Omnia,
2392 605 2582 674 inquit,
2614 621 2704 674 per
2728 603 2896 673 ipsum
2918 604 3058 673 facta
3082 610 3202 655 sunt
3225 599 3402 669 (Joan.
3438 615 3472 666 ι,
3500 601 3576 669 '5).
3605 597 3751 655 Pro-

2147 700 2318 771 priam
2343 712 2575 767 namque
2615 698 2730 766 ejus
2775 695 3130 752 substantiam
3156 693 3472 762 designavig
3502 693 3694 758 dicens
3727 710 3746 745 :

2148 793 2214 850 In
2245 792 2495 863 principio
2519 799 2628 845 erat
2662 789 2902 855 Verbum,
2927 798 2976 842 et
3009 787 3232 842 Verbum
3251 795 3364 848 erat
3385 787 3528 856 apud
3543 785 3744 845 Deum.

2148 894 2196 939 et
2240 883 2379 938 Deus
2423 890 2534 936 erat
2591 880 2830 935 Verbum.
2881 877 2995 932 Hoc
3047 887 3160 932 erat
3205 880 3260 932 iu
3302 880 3553 948 principio
3596 876 3748 946 apud

2148 975 2337 1036 Deum.
2373 973 2562 1032 Omnia
2591 991 2682 1044 per
2710 975 2877 1044 ipsum
2905 976 3042 1044 facta
3071 981 3210 1035 sunt,
3251 983 3298 1026 et
3345 975 3456 1032 sine
3505 973 3616 1039 ipso
3659 974 3747 1040 fa-

2146 1078 2284 1122 ctum
2313 1075 2388 1122 est
2413 1065 2543 1120 nihil
2569 1065 2704 1133 quod
2735 1067 2928 1135 factum
2965 1072 3044 1117 est
3079 1062 3269 1132 (Ibid,
3300 1061 3351 1125 1,
3383 1061 3459 1128 2).
3503 1060 3560 1116 Si
3591 1064 3744 1118 enim

2147 1175 2243 1230 per
2271 1161 2442 1230 ipsum
2471 1157 2654 1222 omnia
2683 1157 2820 1212 facta
2850 1164 2995 1220 sunt,
3027 1153 3298 1223 quomodo
3334 1153 3425 1222 qui
3453 1154 3740 1218 creaturis,

2149 1258 2206 1304 ut
2225 1257 2424 1315 essent,
2451 1248 2690 1314 donavit,
2717 1247 2829 1316 ipse
2856 1245 3142 1314 aliquando
3169 1259 3272 1300 non
3297 1242 3428 1304 fuit?
3450 1243 3565 1297 Non
3591 1246 3744 1298 enim

2148 1340 2256 1395 ulla
2291 1341 2428 1394 ratio
2469 1348 2552 1394 est
2598 1347 2656 1392 ut
2697 1337 2788 1407 qui
2829 1337 2956 1392 facit
2997 1335 3111 1405 ejus
3138 1343 3341 1400 natura:
3369 1334 3439 1390 sit
3465 1335 3620 1404 cujus
3651 1335 3745 1390 illa

2147 1448 2264 1502 qua:
2307 1432 2459 1488 fiunt.
2504 1431 2563 1486 Si
2604 1433 2720 1501 ipse
2759 1430 2974 1500 quidem
3005 1438 3121 1486 erat
3162 1429 3213 1483 in
3245 1429 3526 1498 principio,
3555 1430 3745 1484 omnia

2147 1538 2277 1580 vero
2303 1539 2401 1593 per
2430 1523 2600 1593 ipsum
2630 1521 2770 1578 facta
2800 1531 2945 1585 sunt,
2972 1536 3038 1575 ex
3067 1537 3176 1576 non
3203 1520 3538 1576 exstantibus
3566 1520 3698 1574 fecit
3722 1539 3737 1570 :

2149 1621 2205 1668 et
2233 1613 2561 1670 contrarium
2606 1613 2818 1670 videtur
2859 1612 2943 1666 his
2984 1626 3105 1680 qua:
3137 1627 3206 1665 ex
3236 1627 3341 1666 non
3370 1611 3745 1664 substantibus

2151 1711 2294 1765 facta
2323 1718 2463 1775 sunt,
2495 1709 2598 1764 hoc
2623 1708 2766 1778 quod
2805 1715 2997 1771 exstat,
3041 1714 3095 1761 et
3121 1706 3276 1760 valde
3305 1706 3616 1760 discretum.
3649 1703 3741 1757 ln-

455 1813 631 1868 neque
665 1795 963 1867 apostolica
1010 1797 1115 1851 hoc
1151 1794 1338 1862 regula
1386 1795 1643 1864 patiatur,
1678 1803 1734 1849 et
1771 1793 2050 1850 effundunt
2076 1790 2124 1860 Β
2153 1810 2233 1856 ter
2264 1800 2478 1855 Patrem
2507 1800 2764 1869 siquidem
2796 1809 2850 1852 et
2875 1798 3070 1854 Filium
3106 1797 3308 1850 nullum
3338 1795 3745 1850 demonstratur

457 1907 620 1962 super
660 1905 758 1946 eos
805 1889 1128 1944 diabolicam
1174 1888 1467 1944 efﬁcaciam
1515 1897 1702 1944 contra
1749 1887 2040 1943 Christum.

460 1984 802 2055 Quapropter
842 1983 897 2037 in
936 1982 1086 2038 nullo
1130 1983 1330 2052 segnis,
1372 1998 1405 2038 o
1447 1982 1762 2054 cbarissimj,
1805 1982 1872 2036 ad
1912 1984 2044 2037 insi-

457 2076 727 2134 nuandam
747 2076 904 2132 vobis
931 2074 1206 2146 perfidiam
1234 2091 1444 2143 eorum,
1478 2076 1848 2147 memetipsum
1877 2077 2044 2132 erexi.

457 2169 650 2226 Dicunt
689 2168 855 2234 enim,
899 2168 1024 2237 quia
1069 2168 1170 2221 fuit
1215 2167 1502 2236 aliquando
1541 2167 1755 2236 quando
1801 2183 1906 2222 non
1951 2166 2052 2221 fuit

457 2257 628 2316 Filius
650 2258 782 2324 Dei;
808 2268 864 2314 et
890 2268 1077 2328 postea
1111 2258 1284 2313 factus
1309 2268 1410 2322 est,
1435 2260 1527 2328 qui
1557 2260 1704 2329 prius
1739 2275 1845 2314 non
1876 2259 2052 2314 fuerat

461 2351 585 2408 talis
613 2351 786 2408 factus
814 2367 830 2404 :
860 2351 987 2419 quia
1015 2359 1071 2406 et
1099 2351 1392 2420 aliquando
1424 2351 1594 2406 factus
1621 2361 1719 2415 est,
1751 2352 1967 2419 qualem
1996 2360 2053 2407 et

461 2456 680 2499 omnem
727 2441 1001 2497 hominem
1050 2456 1171 2497 esse
1216 2442 1495 2512 contingit.
1538 2441 1744 2498 Cuncta
1773 2443 1938 2507 enim,
1970 2444 2053 2496 in-

463 2536 673 2606 quiunt,
710 2533 855 2592 Deus
887 2551 955 2590 ex
993 2550 1102 2590 non
1132 2536 1485 2590 existentibus
1522 2535 1666 2602 fecit,
1699 2536 1936 2590 omnium
1966 2552 2055 2590 ra-

462 2626 744 2684 tionalium
773 2635 831 2684 et
852 2627 1244 2682 irrationalium
1269 2627 1532 2682 creaturis
1555 2629 1783 2682 miscere
1812 2629 2056 2684 volentes

464 2729 520 2775 et
547 2718 738 2774 Filium
768 2717 886 2774 Dei.
917 2717 1121 2785 Quibus
1140 2719 1320 2774 verbis
1346 2729 1736 2788 consequenter
1761 2720 1910 2774 aiunt
1929 2735 2054 2775 eum

463 2808 732 2867 mutabilis
753 2818 874 2866 ease
903 2817 1128 2878 natum,
1152 2811 1364 2866 virtutis
1388 2811 1712 2882 malitiaeque
1733 2813 2051 2882 capabilem,

463 2919 583 2960 cum
609 2919 678 2960 ex
707 2919 818 2960 non
839 2903 1196 2960 existentibus
1215 2919 1335 2960 esse
1358 2904 1597 2972 dicatur;
1629 2905 1836 2961 divinas
1856 2908 2057 2976 quippe

463 2996 796 3068 Scripturas,
825 2997 1016 3069 quibus
1044 2998 1345 3054 ostenditur
1366 3015 1488 3054 cum
1514 3013 1727 3069 semper
1747 3014 1889 3068 esse,
1913 3000 2057 3070 peri-

464 3099 695 3159 mentes,
727 3091 1027 3163 quibusque
1056 3093 1233 3164 palam
1273 3093 1584 3162 designatur
1631 3095 2055 3151 inconvertibili-

2148 1910 2268 1950 csse
2312 1893 2561 1964 spatium,
2606 1909 2706 1948 nec
2756 1908 2926 1961 usque
2974 1890 3041 1946 ad
3080 1890 3311 1959 aliquam
3343 1889 3728 1958 cogitationem

2149 1995 2253 2048 hoc
2289 1992 2477 2046 anima:
2522 1991 2800 2060 phantasia
2848 1987 3195 2058 pcreipiente.
3229 1984 3305 2039 Ex
3335 2000 3445 2040 non
3473 1983 3742 2039 exstanti-

2149 2087 2251 2142 bus
2281 2094 2458 2140 autem
2489 2093 2702 2139 creatus
2730 2082 2980 2147 tnundus,
3011 2079 3277 2136 novellam
3308 2078 3467 2134 habet
3495 2078 3743 2134 substan-

2153 2179 2238 2232 tia:
2285 2186 2663 2244 reccntemque
2711 2175 3044 2230 nativitatem
3092 2189 3123 2226 a
3172 2170 3328 2226 Patre
3376 2185 3472 2239 per
3522 2167 3740 2232 Filium,

2153 2268 2454 2336 hujusmodi
2485 2267 2667 2336 utique
2695 2265 3198 2320 substantialitatcm
3231 2262 3438 2320 cunctis
3471 2260 3742 2329 accipien-

2155 2361 2313 2416 tibus.
2361 2359 2533 2414 Altius
2581 2359 2740 2427 igitur
2783 2357 2956 2411 adhuc
2997 2355 3388 2423 contemplatus
3419 2351 3577 2406 Verbi
3605 2351 3739 2404 divi-

2154 2453 2404 2518 nitatem,
2459 2459 2512 2508 et
2559 2460 2924 2508 creaturarum
2976 2451 3277 2506 universam
3332 2446 3741 2514 intelligentiam

2157 2541 2619 2598 transcendentem
2653 2542 2990 2597 beatissimus
3033 2538 3266 2596 Joannes
3298 2539 3588 2608 genituram
3623 2536 3743 2603 ejus

2157 2651 2258 2692 nec
2281 2635 2542 2691 facturam
2587 2635 2765 2690 dicere
2808 2635 2995 2699 voluit,
3029 2649 3127 2690 nec
3161 2649 3258 2702 per
3286 2633 3550 2686 elementa
3578 2630 3742 2700 sylla-

2157 2731 2344 2784 barum
2385 2730 2638 2785 factoretn
2671 2728 2984 2795 ingenitum.
3016 2725 3166 2782 Unus
3194 2725 3334 2781 enim
3363 2732 3445 2784 est
3474 2725 3744 2791 ingenitus

2159 2820 2338 2877 Pater.
2383 2820 2488 2874 Sed
2536 2820 2659 2890 quia
2707 2819 2915 2875 excedit
2954 2818 3424 2886 evangelistarutn.
3456 2826 3589 2885 puto
3619 2816 3744 2883 quia

2159 2922 2214 2968 et
2248 2912 2558 2982 angelorum
2604 2911 3030 2981 perceptionem,
3059 2918 3113 2964 et
3143 2908 3469 2963 transcendit
3494 2907 3744 2962 universa

2160 3002 2417 3069 unigeniti
2456 3000 2576 3055 Filii
2614 3001 2894 3055 inetiabilis
2937 3000 3250 3056 substantia.
3291 2998 3407 3053 Non
3460 3013 3588 3066 ergo
3622 3014 3747 3052 reor

2159 3092 2282 3162 quia
2303 3093 2370 3150 de
2401 3092 2599 3162 pietate
2629 3091 2923 3159 cogitantes
2951 3090 3016 3145 de
3053 3090 3154 3145 hac
3182 3087 3384 3158 aliquid
3414 3089 3748 3156 interrogare

466 3188 550 3236 tas
577 3180 763 3248 Verbi,
808 3192 863 3238 et
908 3181 1202 3253 Sapientia,
1252 3194 1413 3256 atque
1454 3184 1732 3252 Divinitas,
1765 3202 1885 3256 qure
1933 3195 2057 3242 sunt
2085 3173 2130 3237 C
2164 3193 2507 3256 praisumant,
2554 3191 2774 3252 propter
2819 3181 2964 3253 quod
2997 3180 3197 3236 dictum
3224 3190 3305 3238 est
3336 3199 3348 3234 :
3376 3181 3580 3234 Attiora
3612 3190 3660 3233 te
3684 3197 3749 3234 ne

465 3273 734 3331 Christus.
764 3272 1056 3331 Possumus
1079 3293 1228 3345 ergo,
1255 3279 1501 3347 inquiunt
1525 3281 1610 3335 isti
1637 3279 1848 3350 polluti,
1875 3290 1930 3336 et
1955 3296 2056 3336 nos

468 3366 585 3422 ﬁeri
614 3367 710 3422 Dei
739 3366 850 3431 filii,
883 3368 1021 3425 sicut
1044 3377 1098 3423 et
1128 3370 1236 3424 ille.
1265 3370 1537 3441 Scriptum
1566 3380 1648 3428 est
1675 3373 1818 3429 enim
1849 3391 1862 3427 :
1891 3372 2056 3429 Filios

467 3458 626 3528 genui
649 3466 700 3512 et
728 3457 952 3512 excitaui
995 3458 1146 3528 (Isai.
1188 3478 1228 3529 ι,
1257 3467 1332 3532 2).
1366 3463 1610 3533 Cumque
1651 3465 1868 3520 allatum
1898 3468 2060 3521 fuerit

469 3549 552 3604 eis
578 3549 723 3618 quod
751 3549 1013 3618 sequitur,
1048 3551 1100 3606 id
1138 3561 1221 3606 est
1253 3571 1265 3605 :
1293 3552 1406 3624 Ipsi
1434 3563 1603 3608 autem
1631 3567 1925 3624 spreverunt
1956 3575 2053 3621 me,

471 3639 619 3710 quod
658 3639 905 3694 naturale
956 3656 1065 3696 non
1111 3652 1192 3697 est
1239 3644 1552 3711 Salvatoris,
1580 3661 1701 3701 cum
1750 3657 1951 3703 natura:
1990 3650 2059 3704 sit

473 3730 848 3802 immutabilis,
877 3734 1027 3789 omni
1063 3737 1367 3791 reverentia
1398 3737 1694 3806 spoliantes
1720 3743 2058 3810 semctipsos,

472 3825 670 3881 aiunt:
701 3824 816 3882 Nec
839 3826 1073 3894 aliquam
1121 3827 1283 3883 habet
1324 3830 1708 3898 proprietatem
1754 3832 1819 3886 ad
1858 3833 2057 3902 Deum;

473 3920 591 3991 sed,
619 3936 744 3978 cum
771 3922 843 3977 sit
869 3921 986 3992 ipse
1015 3929 1204 3976 natura
1233 3923 1522 3989 mutabilis,
1543 3925 1696 3980 scivit
1717 3925 1784 3980 de
1804 3926 1896 3980 illo
1925 3927 2061 3982 Deus

473 4015 812 4086 prescientia
836 4023 893 4071 et
919 4016 1508 4087 prtecontemplatione,
1538 4018 1663 4088 quia
1691 4034 1814 4074 eum
1843 4035 1948 4075 non
1971 4035 2060 4075 es-

473 4118 559 4164 set
584 4117 881 4180 spreturus,
905 4108 1182 4178 eligendus
1204 4106 1345 4165 foret
1371 4125 1438 4165 ex
1462 4111 1730 4166 omnibus.
1758 4110 1874 4165 Non
1895 4111 2056 4175 enim,

472 4199 739 4269 inquiunt,
771 4208 963 4255 natura
996 4201 1148 4270 quasi
1196 4203 1524 4272 prtecipuum
1567 4204 1708 4258 inter
1753 4204 1886 4259 alios
1926 4203 2062 4259 filios

473 4289 673 4360 aliquid
700 4291 882 4348 habet.
915 4289 1050 4346 Nam
1080 4307 1181 4347 nec
1209 4293 1527 4348 naturaliter
1549 4293 1686 4350 filius
1716 4293 1810 4349 Dei
1833 4303 1934 4360 est,
1962 4311 2062 4351 nec

474 4378 708 4446 aliquam
737 4380 900 4437 habet
926 4381 994 4436 ad
1019 4382 1188 4438 Deum
1220 4385 1626 4454 proprietatem,
1654 4385 1871 4454 quando
1901 4388 2062 4442 etiam

473 4469 649 4538 ipsum
676 4478 878 4525 naturae
909 4473 1180 4530 mutabilis
1201 4475 1546 4541 existentem,
1569 4484 1790 4545 propter
1816 4476 2064 4532 modera-

2159 3276 2440 3347 quwsieris,
2472 3284 2520 3328 et
2550 3274 2839 3345 diﬂiciliora
2879 3283 2924 3326 te
2959 3273 3066 3328 noli
3109 3273 3408 3328 examinare
3448 3271 3640 3338 (Ecrli.
3670 3288 3744 3335 nt,

2159 3367 2271 3437 ‘22).
2304 3366 2435 3420 Nam
2464 3367 2599 3420 sicut
2629 3365 2852 3418 aliarum
2881 3365 3250 3435 plurimarum,
3283 3372 3337 3418 et
3372 3365 3530 3433 hujus
3556 3365 3750 3418 notitia

2161 3461 2404 3514 humana:
2433 3460 2765 3529 perceptioni
2797 3461 2967 3515 celata
2997 3468 3098 3526 est,
3125 3460 3282 3530 quale
3312 3469 3393 3516 est
3422 3457 3565 3529 apud
3610 3457 3749 3512 Pau-

2161 3551 2270 3605 lum
2299 3569 2311 3603 :
2346 3547 2474 3614 Qua:
2499 3552 2675 3606 oculus
2703 3567 2805 3606 non
2835 3551 2980 3618 uidit,
3023 3568 3113 3606 nec
3159 3553 3298 3606 auris
3330 3552 3541 3617 audivit,
3572 3566 3666 3604 nec
3695 3551 3750 3604 in

2164 3662 2250 3698 cor
2278 3645 2498 3699 bommis
2521 3645 2769 3708 ascendit,
2795 3661 2908 3716 qua:
2929 3647 3237 3716 praeparavit
3263 3643 3397 3700 Deus
3420 3646 3750 3716 diligentibus

2163 3753 2218 3790 se
2249 3734 2331 3806 (II
2367 3734 2484 3790 Cor.
2532 3753 2586 3802 ll,
2621 3735 2696 3805 9).
2731 3735 2835 3791 Sed
2865 3737 3026 3790 etiam
3065 3737 3265 3802 stellas,
3309 3737 3479 3806 inquit
3517 3737 3660 3792 Deus
3685 3735 3752 3792 ad

2165 3829 2456 3896 Abraham,
2493 3846 2596 3883 non
2631 3838 2784 3900 potes
2813 3845 3148 3899 enumerare,
3181 3846 3354 3900 neque
3385 3846 3605 3886 arenam
3635 3847 3750 3884 ma-

2164 3921 2236 3974 ris
2267 3938 2278 3972 :
2313 3927 2366 3973 et
2395 3928 2569 3987 guttas
2596 3920 2786 3990 pluvia:
2815 3922 2933 3991 quis
2964 3922 3296 3977 enumerabit
3320 3920 3472 3993 (Gen.
3503 3939 3592 3986 xv,
3622 3921 3673 3986 5,
3699 3930 3750 3976 et

2166 4011 2329 4067 Eccli.
2361 4030 2397 4076 ι,
2426 4013 2515 4080 2)?
2545 4012 2676 4080 Quis
2701 4029 2828 4084 ergo
2855 4017 3045 4069 audeat
3077 4017 3297 4071 interius
3327 4017 3455 4089 [ed.,
3488 4015 3749 4088 exterius]

2167 4107 2488 4176 perscrutari
2514 4107 2910 4163 subsistentia")
2933 4109 3092 4164 Verbi
3111 4110 3226 4175 Dei,
3246 4112 3346 4166 nisi
3364 4110 3504 4165 forte
3524 4127 3751 4166 vesanus

2165 4200 2269 4254 sit?
2300 4199 2374 4254 De
2403 4215 2506 4271 qua
2544 4201 2888 4269 propheticus
2917 4202 3134 4269 spiritus
3154 4201 3282 4257 dicit
3315 4221 3326 4255 :
3362 4201 3750 4256 Generationem

2163 4291 2276 4362 ejus
2305 4293 2416 4358 quis
2449 4290 2713 4345 enarrabit
2737 4289 2890 4362 (Isai.
2922 4307 3031 4356 uti,
3066 4289 3159 4362 8)?
3188 4292 3317 4350 Nam
3343 4303 3398 4348 et
3426 4293 3539 4363 ipse
3567 4291 3751 4346 Salva-

2166 4393 2252 4440 tor
2280 4392 2475 4452 noster
2492 4391 2744 4453 praestare
2781 4383 2967 4440 volens
3005 4385 3252 4442 omnibus
3299 4386 3350 4440 in
3400 4386 3502 4444 hoc
3552 4384 3748 4438 mundo

2166 4473 2446 4538 columnis,
2479 4473 2637 4542 hujus
2663 4473 2907 4528 notitiam
2937 4475 3005 4529 ab
3029 4475 3108 4530 eis
3131 4489 3427 4531 exonerare
3455 4473 3745 4538 festinavit,

475 4559 698 4626 tionem,
733 4561 1064 4630 diligentiam
1105 4573 1162 4620 et
1211 4566 1484 4630 virtutem,
1533 4583 1643 4626 non
1691 4576 1953 4624 mutatum
1997 4569 2064 4624 ad
2094 4567 2140 4642 ι)
2168 4565 2475 4635 significans
2517 4567 2655 4622 ultra
2694 4575 2940 4622 naturam
2982 4583 3100 4624 esse
3130 4569 3368 4624 omnium
3403 4584 3583 4624 rerum
3614 4567 3748 4622 hanc

473 4651 735 4720 deterius,
757 4653 917 4723 elegit
946 4653 1117 4724 Deus;
1147 4674 1268 4714 cum
1295 4669 1349 4713 et
1374 4661 1418 4714 si
1444 4659 1642 4718 Paulus
1671 4662 1754 4716 vel
1785 4661 1974 4730 Petrus
1996 4662 2065 4717 ad

473 4744 582 4802 hoc
631 4746 1021 4816 pervenissent,
1069 4748 1199 4804 nihil
1253 4750 1411 4808 Jesus
1461 4761 1710 4822 potuerat
1756 4755 1824 4809 ab
1873 4754 2064 4812 horum

479 4836 743 4894 ﬁliatione
769 4837 1004 4895 differre.
1051 4837 1278 4910 Propter
1311 4845 1742 4914 reprobationem
1773 4846 1932 4915 igitur
1961 4847 2062 4901 hu-

473 4929 564 5001 jus
591 4945 806 4988 vesana:
832 4930 1113 4996 doctrinae,
1145 4936 1303 5005 217
1333 4937 1494 4992 etiam
1526 4937 1730 4991 divinas
1758 4939 1963 4994 litteras
1987 4954 2068 4994 τος

473 5025 789 5093 volventes,
841 5027 1222 5096 proposuimus
1272 5028 1401 5084 illud
1446 5031 1592 5099 quod
1638 5031 1689 5084 in
1737 5029 1958 5087 Psalmis
1995 5031 2062 5086 de

475 5112 693 5172 Christo
721 5115 922 5174 dictum
953 5126 1034 5176 est
1067 5135 1079 5172 :
1113 5116 1355 5173 Dilexisti
1386 5119 1666 5189 justitiam,
1698 5131 1747 5176 et
1774 5123 1926 5176 odisti
1954 5123 2060 5178 ini-

472 5208 719 5279 quitatem
753 5224 772 5263 :
811 5219 1083 5279 propterea
1117 5211 1270 5264 unxit
1315 5220 1361 5264 te
1403 5209 1558 5278 Deus,
1588 5212 1726 5267 Deus
1768 5223 1901 5279 tuus,
1947 5213 2060 5269 oleo

473 5297 671 5355 laetitia
695 5317 806 5370 pra:
830 5303 1152 5358 consortibus
1182 5304 1284 5357 tuis
1311 5302 1480 5375 (Psal.
1505 5321 1646 5371 xuv,
1671 5305 1749 5377 8).
1773 5305 1908 5372 Quia
1931 5322 2062 5362 vero

473 5389 643 5448 Filius
670 5391 768 5447 Dei
795 5407 970 5463 neque
994 5411 1064 5451 es
1094 5413 1202 5452 non
1241 5396 1595 5453 existentibus
1625 5399 1796 5455 factus
1823 5409 1923 5466 est,
1957 5411 2058 5455 ne-

472 5495 578 5550 que
610 5482 710 5541 fuit
738 5484 1025 5556 aliquando
1051 5489 1267 5557 quando
1303 5505 1409 5546 non
1438 5490 1550 5553 fuit.
1582 5491 1780 5545 sufiicit
1807 5508 1905 5547 nos
1935 5508 2059 5548 eru~

472 5572 586 5628 dire
616 5573 850 5633 Joannes
876 5581 1223 5648 evangelista,
1251 5583 1491 5638 scribens
1513 5582 1580 5636 de
1607 5597 1673 5638 eo
1706 5601 1717 5634 :
1755 5583 2060 5654 Unigenitus

472 5659 662 5725 Filius,
692 5667 777 5736 qui
805 5677 878 5720 est
904 5667 956 5720 in
984 5669 1101 5722 sinu
1127 5669 1307 5724 Patris
1332 5670 1511 5742 (Joan.
1540 5687 1580 5738 ι,
1599 5671 1709 5741 i8).
1736 5671 2061 5730 Providente

475 5751 673 5821 quippe
719 5754 852 5822 Deo,
892 5767 952 5812 ut
995 5760 1304 5816 ostenderet
1351 5761 1624 5818 alterutris
1671 5763 1922 5820 indivisas
1951 5780 2057 5833 res,

480 5842 772 5900 nominavit
801 5845 1017 5904 Patrem
1057 5859 1114 5905 et
1158 5850 1349 5907 Filium
1381 5853 1700 5910 existentetn
1729 5855 1783 5910 in
1813 5855 1931 5912 sinu
1959 5855 2063 5911 Pa-

2163 4657 2701 4725 animadvcrsionem,
2750 4659 2850 4714 soli
2892 4674 3021 4715 vero
3061 4657 3208 4713 Patri
3254 4668 3459 4714 tantum
3508 4658 3750 4728 adjacere

2164 4747 2322 4816 hujus
2369 4749 2604 4804 scientia:
2651 4759 3046 4805 sacramentum
3083 4769 3095 4804 :
3128 4749 3340 4818 Nullus,
3381 4751 3573 4821 inquit,
3618 4751 3748 4804 norit

2165 4841 2276 4909 quis
2305 4850 2379 4893 est
2405 4840 2593 4907 Filius,
2625 4841 2726 4895 nisi
2759 4840 2944 4906 Pater;
2972 4851 3019 4894 et
3049 4840 3258 4894 Patrem
3290 4857 3436 4894 nemo
3460 4841 3622 4903 norit,
3655 4839 3747 4891 nisi

2166 4929 2338 4984 Filius
2370 4931 2584 5002 (Matt/1.
2626 4949 2699 5000 ιι,
2733 4931 2846 5001 9.7).
2895 4931 3008 4987 Non
3057 4949 3186 4999 ergo
3227 4947 3349 4985 reor
3389 4931 3642 5000 ignorare
3670 4945 3748 4985 sa-

2165 5022 2376 5094 pientes
2401 5024 2523 5091 quia
2552 5040 2804 5078 vesanum
2851 5033 2932 5080 est
2957 5040 3149 5094 sapere
3176 5040 3242 5078 ex
3271 5040 3376 5080 non
3398 5023 3746 5078 existentibus

2166 5114 2366 5170 factum
2415 5115 2625 5182 Filium,
2672 5133 2793 5171 eum
2839 5117 3022 5186 utique
3069 5131 3176 5171 non
3219 5115 3413 5169 habeat
3456 5116 3746 5186 temporale

2167 5211 2509 5280 principium,
2541 5210 2685 5278 quod
2715 5209 3014 5268 ostenditur
3054 5224 3118 5274 es
3157 5225 3262 5264 non
3294 5209 3653 5264 existentibus
3679 5208 3746 5262 fa-

2166 5312 2333 5359 ctum.
2379 5303 2514 5356 Nam
2561 5303 2605 5356 si
2651 5303 2876 5372 tempori
2918 5302 3093 5358 inesse
3136 5308 3415 5371 oporteret
3459 5300 3566 5356 hoc
3611 5298 3746 5368 quod

2166 5396 2318 5452 aiunt
2349 5412 2362 5448 :
2393 5392 2519 5448 Erat
2548 5393 2763 5464 quando
2790 5409 2898 5449 non
2927 5402 3063 5460 erat,
3096 5399 3190 5447 aut
3227 5393 3405 5462 spatio
3442 5390 3624 5450 saeculi
3662 5406 3744 5446 cu-

2164 5488 2494 5557 juscunque;
2526 5493 2578 5539 et
2624 5485 2670 5540 si
2714 5500 2899 5542 vermn
2945 5491 3027 5546 est
3069 5483 3190 5554 quia
3233 5485 3411 5540 omnia
3445 5499 3544 5555 per
3580 5483 3742 5555 ipsum

2165 5577 2306 5634 facta
2334 5584 2476 5642 sunt,
2498 5577 2676 5645 palam
2705 5584 2788 5632 est
2807 5576 2932 5645 quia
2956 5590 3118 5632 omne
3141 5575 3417 5642 saeculum,
3441 5583 3496 5629 et
3517 5584 3740 5642 tempus,

2164 5678 2221 5724 et
2251 5670 2440 5739 spatia,
2483 5678 2535 5722 et
2581 5667 2888 5737 aliquando,
2929 5668 3069 5723 inter
3113 5682 3235 5737 quae
3279 5667 3565 5736 reperitur,
3607 5663 3740 5736 quod

2167 5764 2335 5830 aiunt,
2363 5762 2479 5828 fuit,
2504 5762 2718 5831 quando
2748 5777 2853 5816 non
2883 5757 3000 5822 fuit,
3027 5775 3123 5830 per
3145 5761 3316 5830 ipsum
3346 5759 3485 5813 facta
3516 5766 3656 5813 sunt.
3680 5755 3739 5809 Et

2167 5856 2438 5926 quomodo
2483 5871 2592 5911 non
2636 5862 2720 5912 est
2763 5854 3073 5912 incredibile
3114 5869 3240 5911 eum
3277 5855 3366 5926 qui
3411 5865 3465 5912 et
3503 5864 3734 5926 tempora
