3998 6344
445 283 545 342 911

1666 281 1740 338 Μ.
1778 276 2059 338 AURELII
2095 276 2498 337 CASSIODORI

3625 280 3733 336 9η

444 398 659 456 Patrem
681 399 859 472 (Joan.
886 414 992 463 xiv,
1017 396 1070 463 8,
1097 396 1153 468 9)
1186 414 1198 450 :
1226 403 1481 465 tanquam
1506 410 1603 468 per
1622 398 1896 466 speculum
1918 398 2036 452 sine
2065 398 2118 458 Α
2143 393 2239 460 xit,
2283 395 2421 450 sicut
2463 405 2625 463 supra
2670 389 2945 462 posuimus
2986 407 2999 445 :
3032 389 3428 447 Gcnerationem
3470 392 3582 464 ejus
3619 397 3733 465 quis

442 494 650 549 macula
700 500 756 548 et
804 491 1097 545 animatum
1146 504 1244 559 per
1294 488 1530 544 divinam
1576 488 1694 559 ejus
1749 488 2039 557 imaginem

440 582 901 653 contemplaretur
944 580 1188 640 Patrem;
1221 596 1383 651 quem
1432 580 1679 635 similiter
1718 580 1771 635 in
1813 579 2041 636 Psalmis

437 673 763 730 sanctissimi
793 672 894 727 viri
921 680 1144 737 canunt,
1172 670 1413 726 dicentes
1445 687 1457 723 :
1483 667 1551 723 In
1580 668 1771 723 lumine
1795 678 1878 723 tuo
1902 668 2036 722 vide—

438 762 602 818 bimus
650 764 824 818 lumen
872 762 1044 834 (Psat.
1090 776 1252 827 xxxv,
1304 760 1416 831 10).
1466 758 1808 830 Quapropter
1853 766 1909 815 et
1945 758 2039 828 qui

437 854 679 912 honorat
722 854 959 917 Patrem,
991 855 1224 909 honorat
1264 863 1319 908 et
1354 852 1574 917 Filium;
1606 860 1660 906 et
1688 852 1779 921 qui
1808 850 2040 905 honorat

436 944 655 1011 Filium,
684 946 918 1001 honorat
946 953 1001 999 et
1040 943 1278 1010 Patrem,
1309 952 1363 999 et
1392 951 1559 998 recte.
1590 941 1774 997 Omnis
1804 955 2039 1010 namque

435 1050 546 1093 vox
574 1038 736 1108 impia
766 1053 888 1107 qua:
928 1038 980 1092 in
1026 1036 1162 1091 Filio
1193 1035 1297 1090 dici
1336 1034 1690 1105 praesumitur,
1725 1033 1792 1087 ad
1820 1032 2037 1087 Patrem

436 1141 658 1198 quoque
687 1127 940 1184 refertur.
966 1128 1076 1184 Sed
1102 1129 1297 1183 mirum
1324 1143 1432 1182 non
1461 1135 1543 1182 est
1570 1126 1713 1197 quod
1741 1127 2037 1195 scripturus

434 1236 578 1286 sum,
612 1237 645 1277 o
676 1222 1000 1286 charissimi,
1034 1222 1079 1276 si
1107 1221 1268 1275 falsas
1296 1221 1578 1275 adversum
1617 1236 1704 1275 me
1732 1219 2037 1287 derogatio-

434 1326 553 1378 nes,
600 1319 657 1367 et
704 1322 892 1367 contra
939 1312 1233 1382 piissimum
1263 1320 1504 1366 nostrum
1543 1312 1799 1381 populum
1829 1310 2035 1366 delatas

436 1402 670 1461 insinuo.
703 1403 770 1457 Hi
799 1404 941 1458 enim
972 1404 1063 1473 qui
1095 1411 1283 1458 contra
1306 1402 1562 1458 deitatem
1593 1402 1710 1456 Filii
1738 1402 1834 1457 Dei
1856 1411 2036 1456 castra

438 1495 796 1560 constituunt,
845 1510 1020 1565 neque
1066 1482 1255 1549 contra
1307 1510 1405 1549 nos
1456 1494 1694 1560 ingratas
1741 1492 2037 1548 calumnias

437 1600 695 1642 exercere
731 1585 1066 1641 formidant:
1093 1587 1347 1657 quoniam
1379 1602 1481 1642 nec
1518 1586 1817 1656 priscorum
1845 1600 2036 1655 quem-

433 1677 579 1749 piam
608 1677 899 1746 dignantur
926 1678 1142 1733 sibimet
1166 1693 1502 1748 comparare,
1533 1693 1707 1747 neque
1739 1684 2037 1747 praecepto-

2138 485 2405 540 enarrabit
2454 482 2608 554 (Isai.
2649 498 2762 550 un,
2803 481 2895 552 8)?
2940 480 3297 538 Subsisteutia
3341 483 3459 556 [ms.
3512 483 3732 553 Theod.,

2141 574 2465 647 substantia]
2503 575 2751 630 videlicet
2795 575 2909 645 ejus
2948 574 3095 630 omni
3140 585 3335 630 creata:
3383 585 3589 630 natura:
3635 579 3735 632 im-

2140 666 2514 741 perscrutabili
2556 666 2840 732 existente,
2884 666 3022 722 sicut
3063 674 3116 721 et
3161 667 3278 738 ipse
3322 666 3486 723 Pater
3533 667 3735 739 imper-

2138 761 2444 818 scrutabilis
2491 769 2613 828 est,
2672 775 2738 815 eo
2793 760 2938 830 quod
2991 775 3099 816 non
3153 761 3334 830 capiat
3387 763 3735 819 rationalium

2139 863 2334 913 natura
2377 855 2679 918 scientiam,
2724 869 2830 923 qua
2876 853 3035 909 Pater
3078 854 3267 924 genuit
3308 854 3529 910 Filium.
3582 856 3735 923 Quod

2141 947 2356 1017 quidem
2407 962 2513 1001 non
2544 962 2574 1000 a
2604 961 2691 1000 me
2720 946 2975 1001 convenit
3013 945 3193 1000 dicere
3219 946 3337 1001 viro
3365 946 3497 1019 [ed.,
3531 944 3658 1001 Niu.
3689 958 3737 1001 et

2139 1037 2327 1106 Frob.,
2362 1038 2569 1095 discere
2607 1037 2773 1108 viros]
2816 1038 3005 1107 spiritu
3052 1037 3292 1092 veritatis
3331 1037 3583 1106 impleto;
3615 1051 3738 1090 eru-

2139 1132 2320 1187 diente
2348 1132 2561 1201 quippe.
2576 1146 2673 1185 nos
2698 1129 2897 1185 Christi
2925 1145 3076 1194 voce,
3099 1144 3203 1197 qua
3234 1128 3363 1182 dicit
3388 1146 3402 1181 :
3429 1127 3624 1182 Nullus
3652 1147 3741 1183 no-

2137 1227 2208 1280 uit
2236 1226 2347 1296 quis
2377 1231 2451 1277 est
2488 1222 2666 1287 Pater,
2700 1223 2802 1275 nisi
2830 1220 3032 1286 Filius;
3056 1229 3103 1275 et
3132 1221 3303 1275 nullus
3342 1222 3479 1275 novit
3516 1223 3633 1293 quis
3664 1231 3737 1275 est

2140 1316 2351 1385 Filius,
2406 1316 2506 1369 nisi
2563 1314 2728 1369 Pater
2782 1313 2996 1385 (Matth.
3048 1331 3135 1382 x1,
3184 1312 3303 1383 27);
3356 1322 3409 1367 et
3458 1323 3737 1368 asserente

2141 1424 2265 1466 eum
2315 1407 2781 1463 inconvertibilem
2830 1415 2885 1461 et
2929 1406 3316 1460 immutabilem
3357 1422 3417 1460 se
3456 1408 3599 1460 sicut
3640 1404 3739 1460 Pa-

2138 1509 2301 1569 trem,
2333 1500 2494 1572 219
2522 1499 2654 1553 nihil
2680 1510 2947 1567 egentem,
2980 1497 3274 1569 perfectum
3306 1498 3521 1564 Filium,
3556 1514 3738 1567 :equa-

2139 1590 2354 1661 lemque
2377 1587 2522 1643 Patri
2550 1588 2649 1643 soli
2681 1589 2937 1657 ingenito.
2963 1586 3143 1657 Imago
3170 1588 3311 1643 enim
3336 1598 3419 1643 est
3450 1589 3736 1656 integerri-

2138 1697 2226 1735 ma
2256 1689 2311 1736 et
2339 1679 2683 1735 immutabilis
2714 1678 2921 1746 Patris;
2950 1688 3005 1735 et
3031 1681 3251 1735 omnino
3276 1680 3570 1746 imaginem
3601 1696 3735 1734 con-

430 1770 583 1826 ribus
620 1785 709 1839 se,
745 1787 776 1825 a
808 1771 1003 1841 quibus
1052 1787 1149 1826 nos
1191 1771 1259 1825 ab
1302 1770 1524 1825 infantia
1573 1770 1766 1825 eruditi
1817 1784 2028 1835 sumus,
2061 1776 2109 1837 Β
2138 1776 2285 1830 venit
2332 1790 2448 1830 esse
2498 1775 2740 1844 plenam,
2793 1790 2889 1843 per
2917 1790 3076 1843 quam
3128 1790 3235 1829 non
3264 1775 3405 1829 desit
3434 1774 3641 1841 aliquid
3672 1775 3736 1828 ab

429 1879 648 1935 aequare
669 1865 973 1936 patiuntur;
999 1881 1174 1936 neque
1196 1864 1685 1921 comministrorum
1707 1878 2032 1934 quemquam

427 1974 576 2016 nunc
601 1961 907 2031 ubicunque
948 1961 1358 2017 consistentium
1389 1961 1443 2014 in
1475 1974 1726 2015 mensura
1756 1960 2033 2030 sapientia:

428 2062 703 2125 reputant,
736 2055 889 2124 quasi
921 2054 1025 2109 soli
1054 2055 1346 2123 sapientes,
1373 2061 1428 2108 et
1457 2053 1589 2107 nihil
1618 2068 1903 2108 commune
1931 2052 2030 2106 ba-

425 2145 650 2211 bentes,
700 2156 862 2216 atque
908 2163 1174 2202 novorum
1228 2147 1539 2214 dogmatum
1588 2146 1925 2213 inventores,
1976 2151 2032 2201 et

425 2238 621 2307 quibus
644 2239 775 2293 solis
797 2239 1033 2293 revelata
1063 2249 1187 2293 sunt
1212 2254 1330 2308 quae
1359 2253 1391 2291 a
1420 2239 1569 2292 nullo
1593 2238 1765 2292 altero
1795 2237 1893 2291 sub
1915 2237 2031 2291 sole

425 2325 704 2383 intellecta
753 2338 1067 2384 noscuntur.
1113 2328 1158 2382 0
1197 2329 1425 2384 scelesta
1464 2328 1733 2398 superbia,
1767 2328 2030 2381 immensa

423 2420 671 2487 vesania,
709 2436 860 2476 vanae
893 2420 1078 2490 gloria:
1127 2419 1295 2487 furor,
1326 2436 1390 2476 ac
1418 2421 1680 2490 sapientia
1710 2419 1941 2485 Satanae,
1976 2420 2029 2473 in

424 2513 635 2569 animas
653 2529 842 2569 eorum
862 2513 1218 2583 nequissimas
1240 2514 1588 2568 vehementer
1609 2512 1851 2567 insiliens
1870 2512 1880 2563 !
1908 2511 2028 2567 Non

423 2603 690 2661 deterruit
735 2620 833 2662 eos
878 2606 1219 2685 antiquarum
1250 2604 1644 2675 Scripturarum
1675 2603 1787 2659 Deo
1818 2603 2025 2658 amabi-

422 2694 552 2751 lium
575 2697 908 2769 explanatio,
940 2714 1048 2752 non
1079 2696 1574 2753 comministrorum
1604 2710 1827 2752 consors
1868 2711 2026 2751 reve-

422 2792 597 2847 rentia
639 2790 707 2847 de
756 2790 972 2847 Christo
1020 2789 1359 2845 ferocitatem
1408 2804 1596 2844 eorum
1639 2786 2024 2853 mansuefecit;

422 2898 654 2953 quorum
684 2883 913 2939 scelesta
945 2897 1110 2952 opera
1133 2897 1235 2938 nec
1261 2882 1535 2936 dmmones
1560 2878 1702 2935 ferre
1724 2880 2022 2950 patiuntur,

422 2973 643 3044 quando
669 2989 861 3028 vocem
897 2972 1269 3044 blasphemam
1317 2981 1508 3028 contra
1545 2971 1739 3027 Filium
1768 2971 1861 3027 Dei
1892 2989 2023 3042 pro-

420 3080 572 3121 mere
610 3082 720 3122 non
764 3074 1114 3137 praesumunt.
1148 3064 1276 3120 ﬂmc
1314 3065 1475 3133 igitur
1513 3064 1690 3134 jacula
1728 3065 2022 3121 secundum

2138 1866 2443 1936 aequalitate
2472 1866 2589 1935 ejus
2635 1865 2785 1934 cujus
2814 1866 2988 1932 imago
3018 1874 3097 1919 est
3116 1907 3130 1930 ,
3163 1867 3302 1919 sicut
3332 1866 3445 1935 ipse
3473 1864 3737 1919 Dominus
3760 1901 3773 1914 .

2137 1960 2337 2026 docuit,
2369 1959 2550 2014 dicens
2576 1977 2589 2012 :
2617 1959 2777 2013 Pater
2815 1976 2955 2013 meus
2997 1961 3165 2030 major
3192 1977 3272 2014 me
3302 1971 3376 2014 est
3407 1960 3596 2029 (Joan.
3628 1978 3732 2027 xlv,

2132 2050 2260 2123 28);
2314 2052 2608 2107 secundum
2650 2051 2792 2120 quod
2839 2067 3053 2122 semper
3080 2052 3241 2105 etiam
3293 2068 3413 2106 esse
3443 2052 3641 2106 Filium
3668 2068 3735 2107 ex

2135 2142 2295 2207 Patre
2321 2144 2607 2199 credimus.
2658 2143 2920 2213 Splendor
2946 2144 3087 2198 enim
3118 2152 3193 2196 est
3238 2144 3438 2215 gloritz,
3464 2150 3530 2197 et
3558 2145 3734 2215 ﬁgura

2135 2247 2371 2309 paternae
2391 2238 2693 2292 substantia
2721 2236 2827 2309 [ρει.
2863 2234 2954 2305 V.,
2974 2234 3351 2305 subsistentize]
3375 2235 3571 2308 (Hebr.
3595 2252 3633 2299 ι,
3658 2235 3730 2303 ὅ).

2133 2329 2241 2386 Sed
2263 2332 2438 2386 nullus
2464 2330 2589 2396 hoc,
2622 2345 2853 2400 semper,
2905 2328 2973 2383 ad
3000 2329 3358 2399 suspicionem
3391 2331 3617 2399 ingeniti
3646 2346 3733 2385 su-

2134 2433 2264 2488 mat,
2297 2422 2454 2477 sicuti
2482 2429 2673 2492 putant
2699 2421 2790 2491 qui
2819 2435 3007 2475 sensus
3036 2421 3228 2475 animo:
3247 2430 3479 2476 caecatos
3508 2421 3729 2475 habent.

2133 2515 2267 2570 Nam
2295 2529 2472 2583 neque
2497 2522 2645 2583 erat,
2681 2530 2856 2585 neque
2885 2529 3117 2584 semper,
3150 2529 3325 2583 neque
3354 2522 3481 2569 ante
3504 2516 3732 2580 sazcula,

2132 2607 2272 2663 idem
2301 2616 2384 2662 est
2425 2606 2569 2677 quod
2598 2607 2914 2675 ingenitum.
2944 2606 3052 2662 Sed
3083 2623 3182 2663 nec
3205 2608 3432 2677 quilibet
3457 2609 3734 2664 humanus

2131 2700 2438 2757 intellectus
2477 2701 2547 2755 ab
2585 2699 2889 2754 hominibus
2939 2700 3245 2755 nominatus
3289 2701 3535 2756 indicare
3588 2702 3731 2756 valet

2130 2792 2265 2861 hoc,
2287 2790 2434 2861 quod
2460 2791 2689 2847 dicimus
2730 2791 3047 2862 ingenitum,
3087 2793 3225 2847 sicut
3251 2801 3307 2847 et
3331 2808 3432 2847 vos
3458 2793 3729 2848 aestimare

2130 2884 2293 2939 credo
2313 2925 2328 2950 ,
2356 2892 2411 2939 et
2439 2884 2507 2938 de
2546 2883 2786 2938 omnium
2817 2892 3120 2939 vestrorum
3164 2885 3376 2941 confido
3411 2887 3724 2957 proposito,

2128 2972 2276 3029 nullo
2303 2974 2464 3028 modo
2501 2972 2829 3040 quibuslibet
2878 2974 3183 3028 nominibus
3216 2974 3515 3042 ingenitum
3545 2975 3726 3030 decla-

2127 3064 2352 3120 randum
2379 3063 2507 3136 [ed.,
2540 3061 2664 3117 Niv.
2693 3073 2741 3116 et
2771 3061 2956 3130 Frob.,
2999 3062 3435 3135 declarantium].
3465 3064 3728 3121 Videntur

421 3168 743 3229 przesentem
769 3159 1022 3214 virtutem
1048 3158 1348 3227 dirigantur
1373 3157 1630 3214 adversus
1657 3174 1752 3214 eos
1781 3159 1874 3229 qui
1896 3175 2022 3215 eru—
2049 3167 2094 3231 ρ
2126 3161 2271 3216 enim
2301 3160 2416 3214 haac
2444 3157 2662 3213 nomina
2688 3157 2854 3212 veluti
2886 3166 3184 3226 temporum
3214 3172 3334 3212 esse
3362 3157 3723 3226 productiva:

421 3252 531 3308 dita
579 3252 710 3326 [ed.,
750 3253 1037 3324 inerudita]
1082 3253 1309 3307 materia
1352 3261 1542 3307 contra
1582 3250 1853 3308 Christum
1892 3268 2022 3308 exa-

421 3352 653 3399 cuuntur
681 3344 749 3399 ad
771 3345 993 3410 bellum,
1022 3352 1078 3399 et
1106 3344 1366 3400 adversus
1395 3346 1650 3414 pietatem
1672 3343 1787 3413 ejus
1815 3344 2022 3399 calum-

420 3438 540 3491 nias
568 3435 768 3492 inferre
792 3435 1143 3493 contendunt.
1177 3437 1342 3491 Aiunt
1369 3437 1514 3491 enim
1543 3452 1642 3491 nos
1671 3437 2021 3493 adversantes

422 3524 656 3593 fabulas,
690 3542 758 3582 ex
785 3528 980 3596 quibus
1009 3529 1285 3583 inventum
1315 3534 1397 3582 est
1422 3528 1547 3596 dici,
1571 3542 1638 3581 ex
1667 3542 1774 3583 non
1804 3536 2019 3583 exstan-

421 3618 586 3686 tibus,
616 3620 837 3692 impiam
864 3629 921 3676 et
941 3636 1051 3677 non
1092 3622 1347 3692 scriptam
1376 3629 1564 3677 contra
1592 3620 1863 3676 Christum
1902 3622 2019 3677 bla-

419 3712 724 3783 sphemiam
751 3713 1065 3785 praedicare,
1091 3713 1143 3768 id
1173 3721 1255 3769 est
1275 3712 1381 3768 duo
1411 3712 1647 3781 ingenita
1672 3731 1685 3765 :
1711 3713 1810 3783 ipsi
1837 3713 2018 3783 potius

421 3806 651 3864 duorum
696 3808 925 3864 alterum
970 3809 1276 3864 necessario
1320 3824 1439 3863 esse
1479 3817 1731 3879 oportere
1774 3808 2019 3865 dicentes

420 3900 695 3967 ineruditi,
727 3910 821 3957 aut
846 3917 915 3957 ex
936 3917 1045 3977 non
1073 3901 1407 3957 exstantibus
1437 3901 1626 3955 Filium
1650 3916 1769 3957 esse
1797 3900 2016 3970 sapien-

420 3992 566 4059 duin,
592 4002 685 4048 aut
706 3994 1072 4049 indubitanter
1091 3994 1272 4049 dicere
1295 3993 1530 4061 ingenita
1550 3994 1678 4048 duo.
1701 3992 2017 4062 ignorantes

418 4086 654 4157 imperiti
685 4088 810 4157 quia
839 4087 1068 4142 multum
1098 4095 1181 4142 est
1206 4086 1345 4141 inter
1373 4086 1587 4142 Patrem
1617 4086 1937 4155 ingenitum,
1959 4092 2017 4141 et

418 4193 482 4233 ea
512 4194 631 4248 qua:
671 4179 738 4235 ab
775 4194 842 4235 eo
870 4194 941 4235 ex
974 4195 1081 4234 non
1111 4179 1449 4236 exstantibus
1476 4186 1601 4233 sunt
1630 4188 1810 4233 creata
1843 4179 2013 4234 ratio-

416 4272 618 4327 nabilia
645 4281 702 4329 et
728 4273 1147 4339 irrationabilia;
1176 4289 1406 4343 quorum
1436 4272 1611 4327 media
1637 4272 1877 4327 existens
1918 4286 2015 4325 na-

418 4378 540 4423 tura
570 4368 860 4437 unigenita,
885 4384 980 4438 per
1000 4383 1159 4438 quam
1184 4368 1434 4422 universa
1458 4381 1526 4420 ex
1546 4382 1654 4421 non
1676 4363 2014 4419 exstantibus

416 4459 547 4516 fecit
576 4460 735 4517 Pater
765 4461 858 4515 Dei
885 4460 1067 4546 Verbi,
1096 4476 1162 4515 ex
1191 4459 1308 4530 ipso
1331 4474 1459 4514 vero
1488 4457 1649 4512 Patre
1678 4457 2011 4511 nativitatem

2125 3254 2285 3323 digne
2329 3261 2510 3307 tamen
2554 3251 2721 3321 ipsius
2770 3248 3041 3317 Unigeniti
3068 3250 3426 3315 divinitatem,
3457 3258 3515 3304 et
3562 3252 3725 3306 veluti

2125 3348 2300 3403 dicam
2330 3345 2706 3416 antiquitatem
2737 3358 3079 3413 nequaquam
3106 3341 3410 3411 significare
3454 3343 3720 3409 valentia,

2124 3455 2246 3497 cum
2276 3439 2449 3494 sancti
2498 3437 2753 3491 videlicet
2778 3436 2877 3489 viri
2910 3435 3204 3491 secundum
3250 3451 3402 3491 suam
3433 3437 3725 3505 unusquis-

2122 3547 2228 3601 que
2257 3531 2509 3584 virtutem
2538 3535 2936 3584 sacramentum
2968 3527 3071 3582 hoc
3097 3527 3309 3597 aperire
3352 3529 3543 3582 conati
3568 3529 3677 3582 sint
3702 3546 3717 3582 :

2120 3626 2335 3681 veniam
2378 3633 2670 3695 poscentes
2708 3625 2776 3679 ab
2826 3623 3164 3679 auditoribus
3193 3640 3289 3693 per
3316 3624 3721 3681 satisfactione

2120 3720 2503 3787 rationabiles,
2536 3718 2767 3775 dicendo
2804 3719 2870 3774 de
2898 3735 2959 3775 se
2992 3737 3004 3773 :
3038 3718 3361 3775 Protulimus
3409 3725 3559 3789 quod
3598 3738 3719 3791 per-

2121 3814 2330 3882 tingere
2362 3812 2759 3882 praavaluimus.
2791 3809 2849 3866 Si
2877 3809 3006 3881 quid
3033 3819 3212 3865 autem
3255 3811 3395 3865 ultra
3441 3811 3719 3868 hominem

2119 3914 2466 3975 exspectant,
2514 3906 2819 3975 quicunque
2846 3904 2947 3958 viri
2995 3914 3051 3959 et
3096 3903 3165 3959 ad
3210 3903 3385 3972 majus
3414 3903 3719 3959 innituntur

2118 3998 2423 4066 eloquium,
2480 3996 2610 4050 illud
2656 3995 2800 4065 quod
2854 3994 2929 4049 ait
2972 4012 2985 4046 :
3036 3992 3123 4048 Ex
3167 4003 3316 4064 parte
3361 3996 3718 4065 cognoscimus

2120 4087 2173 4160 (1
2204 4086 2326 4142 Cor.
2361 4102 2472 4152 xm,
2523 4086 2599 4156 9),
2628 4084 2740 4154 jam
2775 4093 3024 4155 putantes
3053 4099 3173 4139 esse
3222 4084 3588 4151 destructum;
3621 4101 3718 4155 pa-

2116 4180 2222 4235 lam
2252 4172 2351 4244 est,
2376 4178 2500 4248 quia
2528 4177 2754 4232 multum
2776 4193 2874 4246 spe
2895 4191 2986 4232 sua
3012 4176 3283 4231 deficiunt.
3314 4175 3482 4244 Igitur
3503 4185 3643 4243 erat,
3666 4184 3722 4232 et

2114 4286 2352 4341 semper,
2384 4278 2439 4325 et
2467 4280 2591 4324 ante
2611 4269 2804 4325 saecula
2822 4311 2837 4338 ,
2866 4267 3222 4337 quodcunque
3240 4268 3360 4334 sit,
3395 4284 3505 4323 non
3536 4277 3721 4324 tamen

2115 4372 2197 4419 est
2226 4362 2278 4416 id
2305 4360 2449 4431 quod
2475 4361 2791 4430 ingenitum.
2835 4357 2976 4428 Ergo
3022 4360 3260 4428 ingenito
3301 4359 3523 4431 quidem
3572 4358 3723 4415 Patri

2113 4457 2332 4529 propria
2364 4455 2597 4523 dignitas
2624 4463 2706 4510 est
2727 4453 2987 4509 servanda
3012 4454 3133 4527 [ms.
3160 4452 3313 4525 ιρι,
3336 4454 3718 4527 conferenda],

417 4552 605 4617 habet,
635 4551 772 4606 sicut
798 4561 853 4606 et
879 4552 993 4622 ipse
1024 4546 1277 4607 Dominus
1307 4550 1503 4605 alicubi
1534 4556 1760 4606 testatus
1789 4556 1892 4615 est,
1928 4546 2013 4601 di-
2041 4548 2095 4609 D
2122 4552 2322 4607 nullam
2346 4550 2584 4606 dicentes
2613 4549 2663 4604 ei
2694 4563 2910 4604 causam
2935 4548 3099 4604 fuisse
3126 4556 3186 4602 ut
3209 4556 3387 4614 esset;
3415 4547 3555 4604 Filio
3586 4565 3722 4605 vero

417 4660 549 4702 cens
574 4662 586 4699 :
615 4643 717 4709 Qui
745 4645 911 4715 diligit
941 4644 1171 4709 Patrem,
1206 4644 1376 4715 diligit
1402 4641 1597 4696 Filium
1620 4642 1707 4713 qui
1734 4655 1801 4695 ea:
1826 4658 1885 4695 eo
1916 4656 2012 4693 na-

420 4746 501 4791 tus
528 4745 604 4791 est
635 4734 691 4808 (Ι
730 4734 887 4790 Joan.
932 4752 985 4802 v,
1029 4736 1105 4805 l).
1134 4735 1209 4790 De
1237 4735 1430 4804 quibus
1466 4748 1568 4788 nos
1609 4733 1681 4786 ita
1718 4732 2006 4799 credimus,

419 4828 561 4884 sicut
588 4827 901 4899 apostolicae
928 4827 1107 4898 placet
1134 4825 1405 4889 Ecclesiae,
1438 4825 1491 4879 in
1518 4840 1684 4879 unum
1716 4824 2010 4891 ingenitum

418 4918 655 4984 Patrem,
689 4920 891 4974 nullam
940 4919 1230 4974 habentem
1277 4933 1492 4973 causam
1532 4923 1591 4970 ut
1628 4924 1788 4982 esset,
1823 4917 2011 4972 incon—

417 5016 719 5073 vertibilem
749 5024 804 5072 et
830 5013 1240 5080 immutabilem,
1263 5026 1477 5081 semper
1498 5010 1664 5076 idem,
1688 5018 1742 5064 ct
1765 5010 2012 5066 similiter

416 5127 478 5169 se
503 5113 811 5176 habentem,
845 5125 948 5166 nec
988 5115 1301 5180 provectum
1332 5121 1434 5160 nec
1462 5105 1889 5160 imminutionem
1918 5120 2009 5159 re-

417 5205 731 5276 cipientem,
756 5202 935 5271 Legis,
963 5208 1019 5256 et
1043 5199 1460 5269 Prophetarum,
1488 5194 2010 5267 Evangeliorumque

416 5297 684 5362 datorem,
726 5296 1153 5368 patriarcharum
1190 5299 1246 5348 et
1284 5292 1651 5363 apostolorum
1698 5291 2008 5360 Dominum,

418 5389 767 5459 omniumque
791 5376 1133 5451 sanctorum;
1167 5392 1223 5439 et
1245 5384 1299 5439 in
1328 5400 1490 5439 unum
1519 5382 1801 5439 Dominum
1826 5381 2006 5438 Jesum

417 5478 691 5535 Christum
720 5478 912 5533 Filium
940 5477 1037 5532 Dei
1065 5476 1419 5545 unigenitum,
1450 5484 1635 5530 natum
1664 5490 1772 5529 non
1804 5489 1871 5528 ex
1901 5488 2010 5528 non

419 5579 686 5636 exstante,
717 5568 810 5624 sed
839 5583 908 5623 ex
936 5575 1185 5622 exstante
1215 5565 1404 5631 Patre;
1430 5581 1537 5619 non
1566 5564 1862 5619 secundum
1889 5578 2011 5617 cor-

419 5675 612 5730 porum
642 5658 1018 5715 similitudines
1047 5657 1413 5725 incisionibus,
1453 5663 1546 5709 aut
1587 5654 1906 5709 divisionum
1935 5651 2015 5707 ef-

418 5748 769 5818 ﬂuxionibus,
816 5749 975 5805 sicuti
1017 5747 1253 5807 Sabellio
1283 5754 1341 5802 et
1364 5745 1652 5801 Valentino
1690 5744 1887 5813 placet,
1917 5740 2013 5798 sed

423 5833 767 5899 ineﬂabihtcr
792 5846 850 5895 et
886 5837 1316 5896 ineuarrabihter
1347 5837 1641 5897 secundum
1674 5850 1796 5895 eum
1817 5833 1909 5905 qui
1929 5834 2014 5893 di-

2117 4657 2388 4713 congruus
2430 4642 2779 4698 distribuatur
2808 4640 3003 4695 honor.
3052 4638 3180 4695 Sine
3208 4639 3473 4710 principio
3507 4640 3663 4696 enim
3692 4655 3725 4698 ει

2118 4736 2280 4793 Patre
2305 4737 2536 4792 sciamus
2585 4735 2702 4805 ejus
2745 4747 2865 4789 esse
2910 4732 3282 4798 nativitatem,
3314 4731 3585 4787 culturam
3638 4733 3723 4797 ei,

2117 4831 2256 4886 sicut
2304 4827 2650 4899 prtediximus
2671 4864 2685 4890 ,
2734 4825 3033 4880 tribuentes
3058 4823 3176 4893 pie,
3208 4830 3373 4893 atque
3400 4838 3527 4878 cum
3576 4824 3725 4880 bona
3756 4826 3763 4833 ’

2118 4921 2371 4991 opinione
2395 4933 2558 4988 super
2586 4932 2675 4985 eo,
2704 4922 2848 4983 erat,
2896 4922 2954 4969 et
2991 4929 3227 4985 semper,
3258 4921 3313 4969 et
3340 4922 3471 4969 ante
3499 4915 3725 4981 saecula,

2117 5000 2506 5085 praedicantes;
2535 5008 2868 5063 divinitatem
2899 5006 3098 5076 quippe
3136 5006 3251 5075 ejus
3278 5013 3724 5075 perscrutantes,

2117 5104 2213 5160 sed
2246 5101 2459 5171 imagini
2488 5109 2543 5155 et
2567 5097 2979 5170 perscrutatioui
3007 5095 3183 5151 Patris
3211 5095 3509 5167 perfectam
3533 5109 3724 5165 aequa-

2118 5197 2323 5252 litatem
2353 5209 2450 5265 per
2478 5192 2660 5249 omnia
2685 5191 3033 5246 devoventes.
3064 5188 3349 5259 Proprium
3379 5203 3513 5243 vero
3540 5189 3721 5245 solum

2116 5288 2357 5345 dicentes
2378 5285 2572 5351 Patris,
2604 5283 2750 5354 quod
2782 5283 3053 5352 ingenitus
3076 5290 3189 5350 est,
3218 5297 3339 5336 cum
3364 5290 3419 5335 et
3450 5283 3571 5351 ipse
3596 5282 3720 5337 Sal-

2112 5389 2271 5437 vator
2306 5378 2502 5441 dixerit
2535 5394 2548 5431 :
2580 5376 2742 5430 Pater
2776 5392 2920 5430 meus
2949 5375 3118 5444 major
3150 5390 3231 5426 me
3273 5381 3351 5427 est
3392 5371 3578 5440 (Joau.
3612 5388 3721 5438 xxv,

2122 5469 2237 5540 28).
2264 5468 2321 5522 In
2348 5469 2452 5523 hac
2493 5467 2675 5536 itaque
2704 5465 2792 5535 pia
2829 5465 2896 5519 de
2932 5463 3091 5518 Patre
3133 5461 3378 5531 Filioque
3424 5463 3720 5527 sententia,

2122 5561 2264 5615 sicut
2310 5575 2409 5615 nos
2435 5557 2628 5613 divinae
2674 5557 2965 5626 Scriptura:
2988 5555 3218 5622 docent,
3248 5569 3414 5608 unum
3456 5552 3720 5622 Spiritum

2123 5663 2367 5708 sanctum
2416 5651 2753 5715 confitemur,
2798 5648 2891 5718 qui
2918 5647 3146 5718 replevit
3172 5655 3227 5701 et
3273 5645 3487 5701 Veteris
3527 5643 3695 5700 Testa

2124 5742 2293 5797 menti
2322 5751 2541 5797 sanctos
2570 5741 2848 5808 homines,
2878 5747 2935 5795 et
2961 5738 3097 5794 Novi
3135 5737 3536 5794 sacratissimos
3578 5752 3719 5808 pra:-

2125 5840 2413 5907 ceptores:
2446 5835 2501 5891 in
2530 5850 2691 5890 uuam
2722 5842 2778 5890 et
2814 5833 2988 5890 solam
3015 5832 3339 5890 catholicam
3377 5840 3434 5889 et
3461 5830 3719 5904 apostoli-
