4006 6446
296 339 402 396 915

1363 329 1682 387 HISTORIA
1719 327 2154 386 TRIPARTITA.
2197 329 2400 387 LIBER
2434 333 2478 390 Ι.

3478 335 3581 393 9η

294 469 414 513 eam
444 465 659 523 semper
685 448 1001 519 Ecclesiam,
1029 463 1149 520 quae
1186 456 1241 504 et
1265 447 1588 504 invincibilis
1615 458 1726 515 est,
1757 447 1884 504 licet
1910 451 1959 512 Α
1986 447 2304 503 diaconibus
2332 456 2520 509 autem.
2533 449 2786 519 Achillas,
2811 449 3060 520 Euzoius,
3084 451 3330 518 Aithalis,
3361 451 3576 521 Lucius,

295 550 474 608 omnis
503 548 732 604 mundus
761 547 1016 602 adversus
1039 559 1159 600 eam
1183 552 1401 615 pugnet,
1429 553 1482 597 et
1504 543 1697 598 victrix
1720 543 1887 600 totius

295 649 534 705 adversm
560 643 851 714 impietatis
879 641 1138 708 existens,
1165 654 1385 696 securos
1410 654 1509 694 nos
1533 638 1762 693 faciente
1794 636 1889 693 Pa-

295 741 611 799 trefamilias
637 739 781 810 ejus,
811 753 933 794 cum
959 736 1185 801 clamat,
1237 735 1438 790 Habete
1462 737 1712 806 ﬁduciam
1743 751 1762 790 :
1793 751 1888 807 ego

295 836 396 890 vici
439 833 684 888 mundum
717 831 896 900 (Joan.
940 845 1062 896 xvr,
1095 830 1208 898 55).
1257 827 1372 884 Hoc
1416 830 1662 883 novimus
1709 835 1888 882 actum

298 931 422 996 post
467 922 923 978 resurrectionem
973 935 1005 974 a
1058 919 1312 984 mortuis,
1365 933 1594 988 quorum
1641 917 1890 988 primitias

300 1016 474 1074 factus
505 1024 590 1071 est
617 1017 874 1071 Dominus
895 1022 1080 1070 noster
1103 1013 1260 1069 Jesus
1291 1011 1538 1067 Christus
1573 1027 1736 1067 carne
1761 1026 1891 1066 vera

298 1109 533 1173 indutus,
567 1115 621 1163 et
647 1123 755 1162 non
785 1107 1030 1176 putative
1051 1121 1117 1160 ex
1146 1104 1240 1160 Dei
1270 1104 1543 1160 Genitrice
1569 1103 1767 1170 Maria;
1800 1104 1892 1173 qui

301 1201 353 1255 in
385 1198 689 1254 novissimis
719 1199 1048 1268 temporibus
1074 1213 1172 1267 pro
1201 1196 1548 1252 damnatione
1589 1195 1796 1265 peccati
1825 1194 1893 1249 ad

299 1291 592 1345 humanum
643 1303 812 1356 genus
857 1288 1180 1356 adveniens,
1227 1286 1514 1342 cruciﬁxus
1551 1294 1605 1341 et
1651 1294 1894 1342 mortuus

303 1390 421 1448 est;
453 1380 548 1435 sed
590 1396 697 1436 non
726 1388 1014 1450 propterea
1056 1380 1336 1434 divinitate
1364 1394 1459 1433 sua
1493 1379 1671 1432 minor
1699 1377 1892 1433 factus.

301 1474 617 1529 Resurrexit
645 1474 789 1528 enim
819 1488 848 1527 a
879 1475 1128 1542 mortuis,
1157 1483 1463 1544 assumptus
1491 1483 1574 1529 est
1596 1474 1647 1528 in
1678 1474 1892 1542 omlum,

301 1575 357 1622 et
380 1567 532 1622 sedet
552 1568 617 1621 ad
643 1566 923 1622 dexteram
965 1566 1280 1637 Majestatis.
1314 1568 1439 1624 Haec
1460 1569 1621 1636 igitur
1647 1583 1715 1622 ex
1742 1575 1898 1638 parte

302 1660 354 1714 in
385 1660 488 1715 hac
531 1659 757 1728 epistola
805 1657 1060 1727 figuravi,
1092 1675 1382 1715 onerosum
1436 1659 1660 1715 credens
1686 1658 1896 1727 singula

301 1750 403 1805 sub
445 1750 864 1820 scrupulositate
901 1752 1273 1818 conscribere,
1320 1767 1386 1806 eo
1412 1751 1555 1820 quod
1577 1751 1742 1806 sciam
1771 1765 1895 1806 san-

303 1849 447 1896 ctum
475 1841 710 1896 studium
734 1850 970 1896 vestrum
994 1843 1120 1896 talia
1135 1857 1242 1896 non
1264 1843 1452 1897 latere.
1470 1842 1596 1897 Hmc
1615 1843 1893 1910 docemus,
1921 1827 1971 1889 Β

303 1935 416 1989 haec
441 1935 603 1990 etiam
630 1936 1004 2008 praedicamus,
1037 1936 1150 1990 haec
1169 1943 1293 1990 sunt
1313 1936 1621 2006 apostolicae
1648 1934 1898 1991 Ecclesiae

303 2027 576 2095 dogmata,
608 2043 707 2096 pro
736 2027 930 2096 quibus
956 2027 1118 2081 etiam
1136 2026 1414 2092 morimur,
1449 2033 1504 2080 et
1529 2025 1808 2080 destruere
1833 2037 1896 2080 ea

303 2117 543 2171 volentes
571 2117 876 2172 nullatenus
903 2115 1270 2172 formidamus.
1303 2115 1406 2183 Qui
1433 2116 1560 2170 licet
1588 2114 1899 2170 verberibus

308 2211 465 2264 nobis
492 2215 872 2277 extorqueant,
905 2224 1003 2263 nos
1033 2217 1210 2264 tamen
1253 2223 1403 2278 spem
1452 2223 1560 2262 non
1592 2221 1902 2262 aversamur

305 2311 564 2358 nostram.
603 2301 806 2356 Horum
852 2303 1014 2371 igitur
1057 2301 1381 2363 adversarii,
1431 2300 1484 2355 id
1510 2308 1619 2365 est,
1649 2299 1808 2354 Arius
1845 2307 1901 2355 et

305 2392 574 2462 Achillas,
607 2401 661 2447 et
698 2394 936 2463 quicum
966 2393 1044 2448 eis
1089 2401 1212 2448 sunt
1257 2393 1498 2447 veritatis
1544 2391 1783 2460 inimici,
1831 2392 1899 2448 ab

305 2485 542 2545 Ecclesia
574 2497 698 2543 sunt
725 2488 914 2556 procul
946 2488 1176 2558 expulsi,
1207 2487 1365 2542 alieni
1393 2485 1519 2540 facti
1539 2501 1568 2538 a
1598 2485 1685 2554 pia
1707 2483 1902 2538 doctri-

305 2594 370 2636 na
400 2587 600 2643 nostra,
633 2579 925 2633 secundum
951 2578 1170 2632 beatum
1192 2578 1412 2632 Paulum
1440 2575 1710 2630 dicentem
1737 2592 1748 2626 :
1778 2574 1904 2639 Qui-

304 2685 498 2740 cunque
521 2671 659 2724 vobis
691 2671 1070 2724 an‘nuntiaverit
1116 2681 1306 2740 printer
1333 2670 1388 2723 id
1430 2667 1567 2740 quod
1609 2668 1898 2736 accepistis,

304 2762 583 2815 anathema
631 2762 716 2825 sit,
769 2762 886 2815 licet
934 2763 1175 2831 angelum
1229 2761 1292 2813 de
1337 2760 1462 2813 caelo
1501 2775 1556 2811 se
1581 2774 1691 2811 esse
1736 2759 1904 2828 ﬁngat

305 2849 504 2921 (Colat.
537 2867 575 2914 ι,
605 2849 681 2918 8).
717 2850 824 2904 Sed
850 2851 1013 2904 etiam
1062 2850 1106 2904 si
1136 2849 1256 2918 quis
1287 2850 1405 2904 aliis
1433 2848 1768 2904 sermonibus
1797 2847 1904 2903 Do-

304 2940 434 2995 mini
467 2939 634 2995 nostri
662 2938 791 2995 .Iesu
822 2938 1042 3003 Christi,
1075 2945 1131 2993 et
1157 2938 1431 3004 doctrina,
1463 2952 1581 3008 quae
1609 2937 1904 2992 secundum

305 3029 561 3098 pietatem
595 3039 708 3094 est,
741 3027 978 3094 inﬂatur,
1029 3027 1161 3082 nihil
1189 3028 1400 3096 sciens,
1450 3035 1506 3082 et
1531 3027 1755 3097 reliqua.
1792 3028 1904 3086 Hos

306 3119 469 3187 igitur
499 3119 986 3176 anathematizatos
1026 3134 1056 3174 a
1100 3119 1434 3174 fraternitate
1465 3119 1638 3175 nullus
1664 3127 1904 3176 vestrum

1989 538 2327 610 Sarmatius,
2349 539 2550 605 Julius,
2581 541 2792 611 Menas,
2825 545 2961 599 alter
2984 545 3171 613 Arius,
3203 552 3259 600 et
3284 543 3578 601 l‘lelladius.

2061 629 2308 685 Consona
2364 630 2448 686 his
2502 632 2698 688 direxit
2756 641 2812 688 et
2870 633 3186 704 Philogonio
3231 636 3581 693 Antiocheam

1990 722 2204 792 praesuli
2246 722 2509 789 civitatis,
2541 731 2596 778 et
2623 721 2924 792 Eustathio,
2955 728 3046 797 qui
3076 736 3203 784 tunc
3239 727 3580 784 Bermensem

1990 811 2324 879 gubernabat
2352 810 2668 880 Ecclesiam,
2698 822 2754 868 et
2774 813 2892 869 aiiis
2919 817 3336 886 apostolicorum
3361 818 3583 888 dogma-

1992 909 2106 956 tum
2135 901 2526 958 defensoribus.
2561 903 2667 959 Sed
2697 919 2874 975 neque
2902 905 3060 960 Arius
3086 907 3366 974 quiescere
3391 921 3587 978 passus

1990 1001 2103 1059 est;
2133 994 2346 1064 scripsit
2369 995 2512 1049 enim
2533 1003 2590 1050 et
2617 995 2733 1066 ipse
2757 996 3116 1052 concordibus
3135 997 3262 1052 suis.
3296 997 3429 1064 Quia
3452 989 3584 1055 vero

1993 1086 2121 1142 nihil
2153 1086 2272 1142 falsi
2300 1095 2490 1143 contra
2518 1103 2642 1142 eum
2670 1088 2885 1160 scripsit
2912 1091 3307 1146 sacratissimus
3346 1091 3584 1146 Alexan-

1995 1179 2112 1244 der,
2147 1181 2264 1250 ipse
2305 1181 2464 1236 Arius
2503 1182 2700 1237 litteris
2727 1183 2840 1239 suis
2865 1185 3082 1254 scriptis
3111 1185 3175 1239 ad
3206 1183 3585 1239 Nicomedien-

1993 1285 2108 1326 sem
2134 1270 2420 1327 Eusebium
2447 1280 2777 1343 protestatus
2805 1281 2906 1329 est.
2939 1273 3111 1342 Quam
3139 1273 3420 1346 epistolam
3450 1273 3588 1330 inse-

1993 1379 2116 1420 rere
2162 1381 2268 1421 non
2315 1366 2593 1436 omittam,
2642 1373 2700 1421 ut
2747 1368 3235 1424 communicatores
3284 1364 3579 1437 impietatis

1996 1458 2113 1528 ejus
2137 1459 2504 1527 ignorantibus
2537 1460 2743 1530 possim
2772 1459 2952 1517 facere
2971 1459 3305 1518 manifestos.
3338 1458 3587 1515 Tnsono-

1996 1566 2185 1620 uerus,
2220 1551 2312 1606 tib.
2337 1566 2376 1619 ι,
2406 1567 2452 1607 c.
2476 1551 2531 1619 4,
2561 1568 2613 1622 p.
2645 1550 2701 1607 8.

2497 1686 2660 1757 220
2694 1682 2925 1741 CAPUT
2960 1681 3080 1739 xv.

2387 1797 2627 1870 Epistola
2653 1799 2768 1854 Arii
2799 1799 2869 1854 ad
2895 1797 3197 1854 Eusebium.

2071 1915 2300 1972 Domino
2343 1914 2884 1984 desiderabilissimo,
2925 1913 3129 1970 homini
3157 1912 3274 1982 Dei,
3299 1910 3463 1979 fideli,
3496 1927 3588 1967 or-

2001 2007 2245 2062 thodoxo
2307 2004 2540 2061 Eusebio
2565 2047 2581 2073 ,
2643 2005 2802 2062 Arius
2825 2046 2841 2072 ,
2899 2005 2992 2075 qui
3045 2005 3474 2075 persecutionem
3524 2003 3593 2059 ab

2000 2100 2311 2156 Alexandro
2338 2114 2477 2171 papa
2518 2099 2719 2169 patitur
2760 2097 2958 2168 injuste
3001 2106 3224 2169 propter
3266 2097 3448 2152 omnia
3474 2093 3594 2150 vin-

2001 2200 2214 2248 centem
2241 2190 2546 2258 veritatem,
2585 2204 2746 2260 quam
2773 2197 2834 2245 tu
2861 2202 3077 2260 quoque
3107 2187 3368 2256 defendis,
3397 2188 3454 2243 in
3481 2185 3593 2243 Do-

2000 2284 2148 2338 mino
2176 2282 2424 2338 salutem.

2075 2374 2236 2431 Patre
2261 2391 2384 2430 meo
2414 2375 2702 2431 Ammonio
2727 2375 2980 2432 veniente
3012 2374 3395 2441 Nicomediam,
3423 2377 3596 2434 ratio-

2002 2468 2182 2524 nabile
2222 2466 2459 2538 judicavi
2489 2476 2542 2524 te
2569 2468 2806 2524 salutare
2833 2483 2931 2540 per
2957 2483 3102 2537 eum,
3146 2469 3325 2525 sciens
3353 2468 3598 2525 dilectio-

2003 2576 2127 2617 nem
2160 2560 2362 2630 pariter
2396 2569 2452 2615 et
2483 2560 2734 2635 affectum
2772 2575 2935 2630 quem
2960 2561 3106 2618 circa
3143 2560 3338 2618 fratres
3375 2568 3599 2633 propter

2004 2652 2174 2707 Deum
2215 2651 2416 2706 habere
2467 2651 2821 2720 dignosceris.
2869 2652 3234 2708 Vehementer
3277 2667 3376 2706 nos
3422 2659 3599 2708 vastat

2006 2750 2170 2812 atque
2199 2725 2558 2813 persequitur,
2582 2751 2638 2797 et
2659 2758 2877 2798 omnem
2906 2744 3193 2812 benignum
3217 2742 3451 2798 animum
3480 2758 3600 2797 mo-

2004 2841 2097 2889 vet
2116 2833 2398 2890 adversum
2439 2846 2539 2890 nos
2567 2834 2852 2906 episcopus
2873 2834 3200 2904 Alexander,
3237 2835 3313 2890 ita
3351 2843 3412 2890 ut
3435 2834 3598 2890 etiam

2009 2927 2079 2982 de
2106 2926 2322 2982 civitate
2350 2941 2451 2982 nos
2477 2927 2790 2997 expulisset,
2820 2927 2969 2983 velut
3006 2927 3255 2984 homines
3279 2928 3398 2984 sine
3435 2927 3549 2983 Deo
3579 2945 3594 2982 :

2007 3018 2263 3089 quoniam
2295 3033 2401 3073 non
2430 3018 2822 3074 concordamus
2862 3019 2913 3072 ei
2951 3018 3161 3088 publice
3188 3017 3410 3085 dicenti,
3439 3015 3599 3073 Sem-

2007 3112 2106 3182 per
2132 3110 2293 3177 Deus,
2320 3126 2534 3182 semper
2562 3111 2760 3179 Filius;
2806 3110 2977 3167 Simul
3005 3111 3185 3180 Pater,
3214 3111 3374 3167 simul
3397 3110 3599 3179 Filius;

307 3211 598 3281 suscipiat,
632 3219 726 3264 aut
754 3211 954 3267 habere
1000 3212 1239 3282 patiatur
1270 3226 1333 3266 ea
1359 3226 1480 3281 quae
1503 3212 1570 3266 ab
1599 3213 1678 3267 eis
1704 3211 1789 3267 vel
1816 3211 1900 3267 di-
1930 3215 1976 3280 C
2007 3205 2258 3262 coexistit
2287 3206 2528 3275 ingenito
2553 3204 2666 3261 Deo
2694 3204 2892 3274 Filius;
2921 3221 3138 3276 semper
3160 3207 3372 3277 genitus
3390 3214 3505 3275 est;
3533 3209 3602 3265 ab

308 3314 504 3357 cuntur
533 3301 630 3378 vel
657 3303 1092 3359 conscribuntur.
1139 3305 1344 3360 Cuncta
1391 3305 1535 3360 enim
1575 3304 1721 3360 velut
1758 3305 1902 3375 magi

307 3393 558 3449 homines
585 3395 920 3450 mentiuntur
953 3413 966 3450 :
998 3397 1123 3465 quia
1148 3397 1431 3451 veritatem
1461 3397 1608 3466 loqui
1638 3413 1742 3452 non
1773 3413 1902 3468 pos-

309 3490 455 3539 sunt.
507 3482 854 3540 Circumeunt
885 3485 1117 3556 denique
1161 3487 1438 3556 civitates,
1468 3489 1601 3544 nihil
1629 3489 1906 3550 studentes

312 3575 477 3640 aliud,
512 3577 613 3630 nisi
653 3585 710 3631 ut
738 3579 1095 3633 amicitiarum
1125 3579 1402 3634 schemate
1429 3589 1485 3634 et
1516 3581 1730 3635 nomine
1760 3580 1907 3650 pacis

311 3681 411 3738 per
454 3665 720 3734 figmenta.
746 3669 832 3722 vel
876 3668 1242 3724 blandimenta
1275 3669 1481 3723 litteras
1512 3668 1642 3723 dent
1683 3681 1738 3724 et
1765 3670 1907 3725 acci-

312 3759 496 3829 piant;
526 3767 582 3813 ut
620 3775 803 3815 errare
839 3761 1041 3816 faciant
1069 3777 1166 3831 per
1193 3761 1307 3816 haec
1336 3761 1590 3832 deceptas
1620 3779 1650 3818 a
1679 3778 1738 3818 se
1783 3779 1906 3816 mu-

315 3850 580 3905 lierculas.
613 3851 722 3906 Hos
749 3866 876 3920 ergo
904 3853 996 3921 qui
1021 3861 1209 3908 contra
1240 3851 1509 3908 Christum
1542 3860 1686 3908 tanta
1715 3869 1911 3924 praesu-

315 3951 489 4007 munt,
507 3944 704 4014 quique
727 3944 1114 4000 Christianitati
1139 3954 1246 3999 tam
1273 3946 1483 4015 publice
1495 3947 1908 4014 derogaverunt,

316 4033 408 4101 qui
457 4034 597 4088 inter
635 4034 835 4102 judicia
865 4036 1272 4104 persecutiones
1321 4035 1505 4100 nobis,
1545 4045 1806 4105 quantum
1854 4036 1909 4091 in

316 4123 445 4192 ipsis
475 4130 590 4188 est,
639 4125 878 4178 excitare
926 4140 1034 4178 non
1061 4133 1304 4190 cessant,
1336 4135 1390 4178 et
1437 4124 1702 4178 ineffabile
1731 4140 1912 4178 saera-

319 4223 560 4268 mentum
590 4215 883 4269 nativitatis
923 4216 1028 4287 [ed.
1101 4215 1186 4281 γ.,
1225 4213 1665 4284 Christianitatis]
1711 4214 1912 4269 Christi

319 4321 580 4361 enervare
608 4306 923 4372 moliuntur,
952 4307 1295 4372 aversamini,
1317 4307 1676 4372 dilectissimi;
1705 4314 1760 4360 et
1781 4323 1914 4360 una-

324 4398 498 4450 nimes
547 4405 706 4464 atque
753 4405 1159 4452 concertatores
1188 4397 1468 4451 nobiscum
1501 4404 1688 4453 contra
1727 4412 1914 4453 eorum

320 4499 577 4540 vesanam
625 4492 799 4540 estote
845 4486 1346 4554 praesumptionem,
1395 4485 1463 4539 ad
1510 4486 1914 4542 similitudinem

2005 3298 2244 3367 ingenito
2274 3299 2486 3368 genitus
2506 3305 2618 3364 est;
2649 3313 2826 3368 neque
2845 3299 3194 3369 cogitatione,
3215 3314 3394 3369 neque
3417 3308 3602 3357 atomo

2005 3388 2224 3459 quidem
2255 3387 2508 3458 praecedit
2527 3389 2678 3444 ~Deus
2705 3388 2898 3457 Pater;
2929 3406 3144 3462 semper
3171 3390 3337 3448 Filius
3366 3407 3437 3448 ex
3483 3393 3603 3464 ipso

2007 3479 2120 3535 Deo
2143 3488 2245 3535 est.
2278 3478 2347 3533 Et
2373 3481 2629 3551 quoniam
2672 3479 2933 3536 Eusebius
2961 3481 3128 3538 frater
3150 3491 3276 3540 tuus
3302 3483 3601 3540 Caesarien-

2010 3573 2113 3639 sis,
2144 3582 2200 3628 et
2247 3571 2584 3639 Theodotus,
2624 3581 2680 3629 et
2717 3573 3002 3642 Paulinus,
3055 3583 3112 3630 et
3163 3575 3515 3643 Athanasius,
3547 3583 3604 3632 et

2007 3662 2320 3734 Gregorius,
2351 3673 2407 3719 et
2438 3664 2642 3730 Aetius,
2675 3672 2732 3720 et
2757 3680 2946 3722 omnes
2974 3681 3073 3737 per
3095 3664 3371 3724 Orientem
3391 3669 3599 3734 dicunt,

2010 3756 2134 3826 quia
2162 3755 2458 3826 praecxistit
2500 3756 2642 3812 Deus
2669 3755 2806 3812 Filio
2835 3756 2952 3813 sine
2998 3758 3280 3829 principio,
3311 3759 3602 3814 anathema

2010 3845 2137 3904 facti
2165 3858 2311 3916 sunt,
2335 3858 2530 3919 prmter
2549 3850 2724 3904 solum
2748 3849 3139 3920 Philogonium,
3168 3858 3224 3906 et
3242 3849 3601 3919 Hellanicum,

2011 3948 2068 3995 et
2095 3940 2414 4007 Macarium,
2444 3941 2694 3996 homines
2718 3942 3036 4008 haereticos,
3080 3941 3417 4009 ineruditos;
3463 3957 3602 4012 quo-

2011 4047 2130 4086 runt
2158 4033 2248 4086 alii
2299 4031 2514 4102 quidem
2552 4032 2737 4088 dicunt
2789 4032 2982 4086 Filium
3029 4031 3479 4099 eructuationem,
3510 4033 3603 4090 alii

2012 4136 2144 4176 vero
2173 4122 2622 4190 propositionem,
2648 4122 2738 4175 alii
2767 4121 3150 4190 coingenitum.
3179 4121 3323 4189 Quas
3352 4123 3602 4194 impieta-

2016 4217 2098 4265 tes
2119 4224 2220 4263 nec
2247 4211 2432 4264 audire
2460 4225 2768 4280 possumus,
2792 4210 2919 4266 licet
2946 4211 3255 4268 innumeras
3281 4220 3485 4270 mortes
3511 4230 3604 4273 no-

2013 4301 2097 4356 bis
2108 4302 2377 4356 minentur
2404 4301 2665 4357 haeretici.
2690 4303 2798 4360 Nos
2820 4313 3000 4359 autem
3022 4307 3534 4377 quoniamdicimus,
3548 4319 3605 4367 et

2015 4393 2270 4464 sapimus,
2295 4401 2351 4449 et
2370 4394 2668 4462 docuimus,
2695 4403 2752 4452 et
2771 4395 3044 4464 docemus,
3061 4399 3186 4469 quia
3207 4399 3373 4457 Filius
3391 4417 3501 4458 non
3521 4411 3604 4461 est

2017 4484 2305 4552 ingenitus,
2322 4499 2424 4540 nec
2435 4485 2655 4554 ingeniti
2675 4500 2799 4555 pars
2813 4487 2919 4543 ullo
2943 4489 3125 4558 modo,
3139 4506 3316 4563 neque
3333 4506 3402 4549 ex
3421 4493 3604 4564 aliquo

323 4577 814 4635 comministrorum
859 4588 1194 4642 nostrorum,
1227 4581 1319 4650 qui
1362 4579 1622 4648 indignati
1653 4591 1802 4649 sunt,
1860 4591 1915 4639 et
1947 4591 1993 4654 ι)
2017 4575 2259 4644 subjecto
2284 4593 2298 4643 ;
2327 4575 2422 4632 sed
2444 4577 2698 4646 quoniam
2727 4579 3003 4636 voluntate
3047 4589 3104 4637 et
3149 4585 3376 4642 consilio
3429 4586 3604 4644 subsi-

321 4670 579 4725 adversus
600 4685 694 4726 eos
719 4670 848 4724 mihi
870 4670 1217 4740 scripserunt,
1241 4679 1295 4726 et
1318 4673 1371 4727 in
1392 4681 1539 4728 tomo
1560 4688 1720 4743 quem
1749 4673 1910 4731 etiam

322 4762 477 4816 vobis
505 4761 675 4816 direxi
725 4777 820 4831 per
847 4761 1011 4815 filium
1039 4777 1217 4816 meum
1269 4762 1704 4819 archidiaconum
1735 4765 1910 4838 [alias,

324 4853 602 4908 Architum
620 4853 927 4926 diaconum]
953 4855 1401 4924 subscripserunt,
1419 4864 1528 4910 tam
1556 4857 1720 4913 totius
1746 4857 1915 4930 :Egy-

325 4945 400 5017 pti
429 4955 485 5000 et
513 4945 833 5013 Thebaidis,
877 4963 1039 5018 quam
1080 4947 1257 5021 Libyae
1281 4958 1335 5004 et
1364 4947 1692 5021 Pentapolis,
1723 4951 1910 5024 Syriae,

330 5033 672 5109 Pamphyliae,
704 5038 864 5104 Asiae,
891 5035 1264 5110 Cappadociae,
1293 5041 1618 5107 sacerdotes,
1655 5042 1910 5098 aliarum-

325 5142 432 5197 que
457 5129 873 5199 provinciarum,
917 5130 984 5184 ad
1009 5145 1238 5200 quorum
1266 5132 1437 5187 instar
1463 5133 1625 5187 etiam
1653 5149 1751 5189 vos
1778 5148 1912 5188 con-

328 5216 436 5274 ﬁdo
464 5234 587 5274 eum
613 5221 905 5289 suscipere.
936 5220 1116 5276 Multis
1138 5223 1319 5291 itaque
1347 5221 1478 5276 mihi
1498 5230 1684 5278 contra
1713 5237 1915 5277 nocen-

328 5318 410 5366 tes
437 5310 689 5366 remediis
731 5311 1120 5378 existentibus,
1172 5313 1332 5367 etiam
1379 5314 1484 5368 hoc
1513 5314 1787 5369 inventum
1832 5323 1916 5370 est

329 5406 461 5461 utile
491 5405 821 5462 medicamen
865 5423 879 5458 :
924 5406 1050 5475 quia
1079 5415 1470 5460 convertuntur
1497 5406 1702 5461 seducti
1739 5407 1806 5461 ab
1835 5406 1914 5462 eis

327 5499 533 5572 populi,
567 5513 710 5554 nunc
737 5498 934 5555 nostris
961 5498 1329 5554 sacerdotibus
1371 5499 1710 5567 obedientes,
1751 5506 1807 5553 et
1845 5498 1914 5554 ad

329 5587 701 5659 pmnitentiam
748 5603 843 5658 per
880 5602 974 5642 eos
1002 5587 1258 5642 accedere
1294 5587 1626 5642 festinantes.
1669 5587 1912 5643 Salutate

331 5681 399 5736 ad
431 5679 656 5733 invicem
687 5679 1076 5735 fraternitatem
1125 5694 1244 5748 qum
1273 5678 1414 5750 apud
1464 5693 1562 5733 vos
1589 5687 1690 5734 est.
1719 5678 1912 5735 Valere

331 5789 429 5828 vos
453 5773 506 5827 in
533 5772 758 5827 Domino
785 5782 932 5844 opto,
958 5773 1279 5828 charissimi.
1304 5772 1439 5827 Sunt
1459 5781 1638 5828 autem
1662 5773 1752 5843 qui
1781 5789 1911 5828 ana-

332 5867 664 5923 thematizati
692 5875 846 5934 sunt,
900 5883 967 5924 ex
1011 5867 1336 5938 presbyteris
1362 5865 1577 5937 quidem
1624 5865 1810 5932 Arius.
1841 5881 1909 5923 ex

2019 4668 2114 4723 stit
2139 4676 2264 4724 ante
2293 4676 2560 4737 tempora,
2589 4676 2645 4723 et
2669 4676 2796 4725 ante
2823 4671 3016 4726 saecula
3039 4671 3230 4742 plenus
3245 4675 3604 4748 Deus,unige-

2018 4761 2179 4826 nitus,
2213 4760 2612 4825 convertibilis;
2650 4769 2707 4816 et
2753 4769 3038 4832 antequam
3086 4776 3454 4836 generaretur,
3511 4779 3606 4826 aut

2018 4860 2314 4922 crearetur,
2345 4861 2438 4907 aut
2465 4852 2959 4922 pnedestinaretur,
2987 4863 3077 4923 aut
3103 4857 3436 4925 fundaretur,
3492 4877 3602 4916 non

2019 4955 2135 5002 erat
2166 4965 2179 5000 :
2211 4946 2481 5018 ingenitus
2508 4946 2650 5001 enim
2678 4962 2784 5002 non
2814 4955 2956 5016 erat,
3011 4950 3443 5021 persecutionem
3470 4953 3604 5020 pati-

2017 5055 2139 5094 mur
2164 5040 2289 5109 quia
2319 5040 2549 5094 diximus
2585 5055 2599 5092 :
2641 5037 2966 5112 Principium
3017 5041 3181 5098 habet
3226 5041 3412 5111 Filius,
3461 5043 3604 5101 Deus

2016 5137 2194 5184 autem
2217 5130 2334 5185 sine
2354 5129 2618 5199 principio
2639 5138 2761 5197 est;
2802 5139 2857 5185 et
2891 5130 3016 5200 quia
3069 5131 3319 5200 diximus,
3364 5131 3448 5190 Ex
3491 5150 3603 5191 non

2015 5221 2350 5278 exstantibus
2373 5229 2476 5276 est.
2507 5220 2599 5276 Sic
2636 5230 2814 5278 autem
2854 5221 3086 5280 diximus
3123 5225 3418 5282 secundum
3455 5228 3602 5298 quod

2016 5327 2118 5367 nec
2147 5327 2269 5382 pars
2299 5312 2390 5367 Dei
2415 5322 2516 5378 est,
2538 5328 2639 5369 nec
2658 5328 2725 5368 ex
2752 5313 2932 5382 aliquo
2984 5314 3262 5385 subjecto;
3309 5328 3600 5390 propterea

2014 5405 2446 5476 persecutionem
2468 5405 2718 5476 patimur.
2751 5405 2828 5460 De
2858 5412 3056 5462 caetero
3092 5414 3150 5462 tu
3189 5409 3351 5466 nosti.
3405 5411 3602 5469 Valere

2013 5501 2069 5548 te
2094 5493 2146 5548 in
2172 5493 2400 5549 Domino
2418 5503 2566 5565 opto,
2598 5509 2894 5549 memorem
2932 5495 3334 5556 tribulationum
3387 5509 3600 5560 nostra-

2013 5603 2153 5652 rum,
2185 5586 2564 5643 Collucianista
2589 5601 2719 5643 vere
2745 5585 2995 5653 Eusebie,
3026 5589 3082 5645 id
3101 5600 3204 5658 est,
3257 5593 3362 5664 pie.

2085 5677 2346 5734 Eusebius
2374 5680 2556 5749 itaque
2577 5678 2832 5734 Caesareae
2857 5690 2972 5737 erat
2999 5684 3304 5756 episcopus,
3343 5685 3598 5747 Theodo-

2012 5777 2100 5825 tus
2124 5769 2425 5838 Laodiceae,
2459 5770 2584 5842 Tyri
2613 5769 2885 5842 Paulinus,
2943 5774 3268 5834 Athanasius
3309 5779 3594 5848 Anazarbi.

2012 5875 2069 5923 et
2090 5864 2380 5936 Gregorius
2417 5865 2618 5938 Beryti,
2676 5868 2863 5929 Aetius
2906 5879 3087 5933 autem
3142 5873 3354 5945 Lyddte.
3415 5877 3597 5950 Lydii!
