4006 6456
427 390 459 445 9
478 395 485 441 -ί
503 393 532 443 5
1648 364 1716 422 ιι.
1760 362 2036 420 AUREL'H

2156 342 2470 415 .sstoootu
2535 408 2547 417 ,
3602 330 3707 407 tuo

425 523 553 561 vero
586 516 665 560 cst
691 518 807 575 quae.
858 514 995 553 nunc
1038 492 1303 564 Diospblis
1348 482 1668 561 appellatur.
1732 472 1847 537 llos
1890 490 2017 545 ergo
2047 480 2099 539 Λ
2124 462 2179 530 et
2209 476 2397 529 iterum
2434 492 2445 526 :
2480 471 2675 541 Deum,
2721 474 2805 544 qui
2854 482 2899 527 te
2950 470 3142 543 genuit,
3190 470 3506 543 dereliquiin
3539 454 3711 543 (Deut.

427 600 583 653 Arius
606 564 897 651 concordes
922 605 980 645 se
1012 587 1212 641 habere
1237 582 1587 653 gloriabatur.
1612 575 1807 630 Hostes
1843 578 2021 626 autem
2128 585 2297 633 χχχιι,
2348 566 2454 637 18).
2485 566 2551 621 Et
2598 568 2732 622 alius
2767 565 2985 637 quidam
3013 567 3087 622 ait
3120 586 3130 621 :
3167 564 3268 632 Qui
3309 572 3505 639 peperit
3549 583 3717 643 guttus

426 687 639 744 vocavit
689 680 1067 752 Philogonium
1117 673 1399 746 prmsulem
1457 668 1603 724 urbis
1648 660 2020 722 ‘Antiochencc,
2128 664 2263 718 roris
2305 660 2422 731 (Job
2463 677 2682 725 xxxvm,
2710 658 2835 729 {8);
2867 675 2973 713 non
3004 667 3247 712 naturam
3278 676 3343 713 ex
3378 669 3564 715 natura
3596 679 3720 717 nar-

424 778 765 836 ]lellanicum
829 750 1132 844 Tripoleos,
1178 779 1232 823 et
1285 764 1575 820 Macarium
1627 754 2025 825 llierosolymo-
2126 750 2275 818 rans,
2319 752 2414 807 sed
2455 751 2874 819 uniuscujusque
2907 752 3165 806 creatura:
3193 766 3260 805 ex
3284 752 3404 820 ejus
3445 752 3721 843 voluntate

428 891 572 943 rum,
604 874 863 927 adversus
891 883 985 923 eos
1030 862 1312 919 sarciendo
1361 856 1655 913 calumnias
1705 871 1716 904 :
1774 848 2025 920 quoniam
2132 847 2484 901 nativitatem.
2517 844 2632 900 Non
2664 845 2806 901 enim
2848 860 2914 899 ex
2952 844 3073 912 "ejus
3116 845 3412 899 substantia
3444 848 3585 911 sunt,
3629 846 3723 901 sed

430 930 695 1020 {eternium
718 972 772 1017 et
803 968 928 1015 ante
957 956 1152 1013 smcula
1198 953 1415 1014 Filium,
1470 957 1523 1002 et
1551 962 1669 1001 cum
1704 941 1861 995 Patre
1891 938 2028 1008 aequi
2133 942 2310 997 omnia
2347 940 2623 995 Voluntate
2652 940 2768 1020 ejds
2796 932 2959 1005 facta,
2989 930 3145 993 sicuti
3176 930 3317 992 Tacta
3344 936 3488 993 sunt.
3518 939 3613 994 Ille
3654 940 3722 994 si-

426 1054 659 1112 honoris
687 1054 1035 1122 ejusdemque
1067 1043 1375 1103 substanthe
1400 1020 1781 1111 pandiculiaut.
2132 1036 2346 1105 quidem
2375 1026 2515 1089 Deus
2554 1042 2672 1088 est:
2702 1010 2822 1087 bare
2851 1042 3026 1086 autem
3073 1033 3138 1086 ad
3165 1033 3563 1086 similitudinem
3613 1034 3728 1102 ejus

510 1148 659 1202 Hanc
692 1146 851 1217 igitur
882 1142 1143 1197 Eusebius
1170 1139 1296 1193 dum
1349 1124 1675 1203 suscepisset
1727 1125 2025 1198 epistolam,

432 1240 493 1295 e‘t
524 1242 636 1310 ipse
656 1252 921 1292 venenum
966 1232 1072 1288 suae
1128 1227 1418 1299 impietatis
1473 1222 1729 1288 evomuit,
1791 1218 2032 1273 scribens

435 1308 734 1385 hocimodo
765 1325 990 1380 Paulino
1016 1324 1267 1394 episcopo
1319 1318 1463 1389 Tyri.
1498 1315 1911 1377 Tneooonerus,
1937 1308 2029 1363 lib.

440 1438 479 1491 ι,
511 1422 625 1492 cap.
650 1418 701 1489 5,
733 1439 790 1491 ρ.
820 1417 906 1473 20.

1017 1548 1247 1607 CAPUT
1284 1546 1425 1601 XVI.

552 1671 787 1739 Epistola
813 1668 1023 1722 Eusebii
1049 1667 1117 1719 ad
1147 1664 1429 1718 Paulinum
1453 1662 1747 1731 episcopum
1780 1655 1923 1727 Tyri.

2133 1128 2299 1182 verbo
2329 1126 2521 1181 similia
2564 1118 2765 1193 Tut'ura,
2814 1122 3106 1180 secundum
3138 1116 3492 1194 spontaneum
3524 1134 3727 1178 motum

2132 1219 2292 1275 facta.
2324 1208 2392 1273 Et
2413 1219 2591 1274 omnia
2621 1214 2835 1288 quidem
2859 1233 2955 1287 per
2983 1234 3103 1273 eum
3134 1235 3163 1271 a
3195 1217 3307 1273 Deo
3338 1216 3505 1285 facta,
3535 1228 3728 1272 cuncta

2130 1310 2313 1369 tamen
2344 1330 2411 1367 ex
2441 1311 2571 1367 Deo.
2599 1311 2727 1379 Qua:
2770 1310 3075 1383 percipiens
3114 1304 3169 1365 et
3207 1326 3483 1381 exponens
3536 1326 3728 1364 secun-

2136 1404 2262 1459 dum
2310 1396 2489 1457 datam
2534 1403 2627 1456 tibi
2676 1400 2929 1457 divinitus
2961 1390 3207 1471 gratiam,
3240 1401 3477 1456 scribere
3508 1390 3731 1455 domino

2128 1512 2257 1554 meo
2272 1498 2573 1554 Alexandro
2592 1484 3039 1551 festina.Co‘nlido
3057 1496 3197 1549 enim
3213 1494 3337 1565 quia
3362 1495 3407 1549 si
3420 1497 3576 1566 221
3602 1494 3731 1551 seri.

2136 1596 2309 1666 pseris
2338 1592 2432 1659 illi,
2466 1600 2829 1647 convertetur.
2859 1589 3044 1645 Saluta
3074 1606 3262 1645 omnes
3307 1591 3395 1659 qui
3427 1589 3480 1643 in
3507 1589 3729 1643 Domino

2137 1698 2279 1745 sunt.
2314 1689 2593 1745 Valentem
2636 1697 2690 1743 te
2725 1698 2781 1743 et
2824 1682 2922 1758 pro
2953 1674 3104 1742 nobis
3134 1696 3379 1742 orantem
3422 1687 3594 1756 gratia
3640 1687 3731 1744 Dei

513 1781 741 1836 Domino
789 1794 910 1834 meo
953 1776 1175 1831 Paulino
1218 1773 1480 1830 Eusebius
1529 1772 1581 1825 in
1623 1769 1847 1824 Domino
1894 1766 2035 1823 salu-
2138 1782 2433 1847 custodiat,
2468 1779 2704 1836 domine.
2738 1777 3158 1845 TusononE'rUS,
3183 1768 3274 1833 lib.
3304 1795 3341 1846 ι,
3375 1795 3422 1833 c.
3450 1776 3505 1832 6.

442 1879 573 1927 tem.

514 1965 699 2034 Neque
746 1965 951 2019 domini
990 1962 1092 2017 mei
1120 1960 1338 2016 Eusebii
1380 1957 1611 2013 studium
1668 1970 1766 2025 pro
1811 1952 2041 2008 veritate

444 2059 594 2114 verbi
640 2057 861 2113 tacitum
890 2064 988 2123 est,
1019 2056 1112 2111 sed
1146 2067 1313 2122 usque
1341 2051 1406 2105 ad
1438 2066 1537 2105 nos
1565 2047 1835 2119 pervenit,
1872 2059 2043 2115 neque

443 2158 614 2217 tuum,
664 2142 904 2217 domine,
953 2160 1113 2219 super
1162 2146 1266 2199 hac
1319 2158 1480 2197 causa
1523 2141 1811 2194 silentium.
1858 2137 1942 2204 Et,
1987 2145 2045 2191 ut

445 2257 783 2311 consequens
825 2249 960 2305 erat,
1010 2239 1077 2293 de
1132 2234 1351 2293 domino
1398 2233 1610 2302 quidem
1642 2246 1763 2285 meo
1811 2227 2043 2284 Eusebio

446 2332 613 2387 lietati
640 2348 821 2388 sumus
855 2350 866 2383 :
903 2331 970 2385 de
997 2339 1051 2384 te
1073 2345 1203 2383 vero
1235 2329 1528 2391 tristamur,
1562 2324 1883 2377 arbitrantes
1914 2322 2044 2376 taci-

448 2423 765 2476 turnitatem
808 2420 943 2474 tanti
975 2419 1076 2473 viri
1103 2427 1340 2475 nostram
1365 2430 1483 2470 esse
1512 2413 1864 2467 devictionem
1897 2411 2039 2483 [ιηδδ.

457 2520 508 2567 et
548 2510 673 2566 edit.
708 2510 799 2579 V.,
824 2506 1213 2577 devotionem").
1246 2506 1585 2575 Quapropter
1610 2508 1744 2572 rogo
1786 2511 1837 2557 te
1867 2503 2042 2558 scien-

452 2612 559 2657 tem
587 2600 839 2674 quoniafn
868 2600 1125 2656 indecens
1170 2606 1252 2653 est
1291 2597 1463 2650 virum
1507 2593 1803 2663 sapientem
1831 2593 1933 2647 alia
1958 2607 2045 2649 sa-

450 2707 603 2763 pere,
631 2699 686 2748 et
712 2700 895 2747 tacere
925 2690 1227 2753 veritatem,
1260 2697 1319 2743 ut
1347 2687 1607 2758 Spiritnali
1640 2686 1852 2741 ratione
1899 2703 2048 2741 com-

450 2792 630 2837 motus
668 2780 733 2835 ad
774 2780 1115 2836 scribendum
1156 2778 1221 2832 de
1250 2775 1557 2845 huiusmodi
1596 2775 1758 2829 rebus
1786 2775 2044 2846 incipias;

450 2886 571 2928 cum
600 2880 653 2926 et
682 2871 778 2927 tibi
806 2872 873 2926 sit
907 2870 1040 2925 utile
1075 2870 1131 2924 et
1156 2866 1497 2923 audientibus
1528 2874 1581 2921 te
1616 2884 1627 2919 :
1660 2866 1893 2921 maxime
1923 2866 2047 2921 dum

450 2978 549 3032 per
584 2963 1028 3030 consequentiam
1058 2961 1355 3029 scriptum,
1387 2969 1440 3013 et
1479 2957 1702 3027 vestigia
1733 2956 2044 3013 sermonum

453 3054 589 3123 ejus,
630 3058 685 3109 et
710 3055 1004 3109 voluntatis
1035 3054 1203 3126 [mss.,
1236 3050 1551 3122 voluptatis]
1584 3051 1822 3107 scribere
1857 3052 2048 3107 cuncta

451 3145 707 3199 volueris.
736 3144 1000 3210 Quoniam
1042 3158 1216 3211 neque
1256 3142 1391 3197 duos
1431 3142 1696 3209 ingenitos
1751 3142 2049 3197 audivimus

2064 1864 2114 1926 B

2722 1914 2952 1971 CAPUT
2991 1913 3150 1969 XVII.

2404 2009 2484 2064 De
2522 2010 2751 2081 polentia
2776 2008 2989 2063 Eusebii
3017 2006 3453 2063 Nicomediensis.
3656 2064 3683 2081 ο

2219 2105 2367 2160 Talia
2397 2115 2450 2160 et
2479 2105 2568 2163 isti
2599 2104 2873 2160 alterutris
2894 2103 3219 2167 scribebant,
3240 2105 3433 2157 contra
3453 2100 3732 2158 veritatem

2146 2215 2205 2255 se
2234 2208 2502 2254 armantes
2544 2197 2609 2252 ad
2640 2197 2899 2266 pmlium.
2930 2195 2998 2248 Et
3024 2195 3176 2265 pejus
3222 2194 3383 2249 ﬂebat
3426 2195 3628 2248 malum
3672 2194 3731 2250 ad

2147 2291 2505 2347 contentionis
2530 2287 2834 2345 incendium
2855 2302 2956 2357 per
2974 2301 3068 2342 eos
3090 2285 3180 2356 qui
3203 2287 3313 2340 haec
3342 2286 3542 2356 scripta
3572 2286 3732 2341 susci-

2147 2384 2386 2453 piebant.
2439 2380 2849 2436 consentientes
2896 2381 3059 2449 igitur
3098 2376 3422 2445 Alexandro,
3473 2382 3635 2435 etiam
3683 2378 3733 2435 in

2148 2478 2265 2545 ejus
2298 2484 2447 2531 tomo
2488 2475 2927 2540 s'ubs'cribebant;
2978 2474 3066 2529 alii
3097 2488 3226 2529 vero
3266 2474 3531 2529 contraria
3574 2474 3736 2528 facie-

2147 2568 2295 2623 bant.
2329 2569 2604 2637 Praecipue
2632 2575 2813 2621 tamen
2845 2566 3165 2621 movebatur
3206 2582 3272 2620 ex
3324 2565 3543 2619 adverso
3572 2564 3737 2619 Nico-

2150 2660 2437 2715 mediensis
2464 2658 2743 2723 Eusebius,
2768 2659 3021 2730 quoniam
3052 2659 3104 2713 in
3131 2658 3359 2728 epistola
3390 2660 3483 2712 sna
3505 2658 3735 2726 graviter

2150 2753 2265 2821 ejus
2313 2754 2627 2808 memoriam
2676 2753 2882 2806 fecerat
2922 2750 3246 2806 Alexander.
3293 2748 3515 2804 Poterat
3563 2752 3733 2805 autem

2150 2846 2243 2900 illo
2285 2854 2530 2913 tempore
2577 2844 2737 2899 nimis
2784 2842 3066 2910 Eusebius,
3099 2840 3223 2914 quia
3263 2838 3391 2897 tunc
3447 2843 3734 2912 imperator

2150 2936 2472 2991 Nicomedia:
2498 2937 2830 2992 morabatur.
2856 2935 2989 2991 Nam
3018 2935 3091 2991 ibi
3120 2928 3248 2989 abte
3292 2934 3571 3005 paululum
3605 2943 3734 2988 tem-

2150 3028 2298 3101 poris
2344 3029 2706 3085 Diocletianus
2748 3038 2805 3085 et
2846 3024 2937 3098 qui
2982 3030 3128 3086 ‘circa
3176 3043 3298 3083 eum
3338 3037 3497 3082 erant
3544 3028 3734 3096 regalia

2148 3124 2559 3177 constituerant.
2609 3121 2901 3191 Propterea
2965 3136 3093 3190 ergo
3140 3119 3290 3175 multi
3358 3121 3735 3193 episeOporum

453 3237 762 3306 aliquando,
795 3251 969 3306 neque
999 3210 1161 3290 unum
1190 3237 1244 3290 in
1275 3235 1411 3290 duos
1439 3236 1686 3289 divisum.
1718 3233 1899 3305 Neque
1924 3250 2049 3289 cor-
2075 3242 2121 3303 ε]
2155 3212 2479 3306 Obedlebant
2502 3211 2847 3306 ΕυδθδίοίΕί
2875 3212 2963 3266 me
2992 3211 3302 3306 “equemer
3326 3211 3599 3266 Scribam
3624 3210 3737 3266 Μεθ’

448 3329 643 3399 porale
664 3328 870 3397 aliquid
894 3342 1110 3397 passum
1142 3342 1258 3383 esse
1282 3327 1565 3382 didicimus
1596 3336 1686 3380 aut
1707 3327 2049 3394 credidimus,

450 3422 673 3475 domine
712 3430 900 3485 meus;
949 3421 1043 3475 sed
1074 3436 1237 3474 unum
1268 3421 1481 3490 quidem
1503 3421 1833 3489 ingenitum,
1889 3438 2053 3477 unum

456 3524 589 3565 vero
612 3512 686 3565 ab
711 3525 778 3565 eo
818 3518 965 3577 vere,
994 3518 1053 3566 et
1101 3527 1207 3565 non
1236 3524 1301 3566 ex
1343 3511 1456 3579 ejus
1485 3512 1784 3566 substantia
1834 3512 2048 3578 factum,

457 3612 535 3669 et,
566 3603 939 3658 universaliter
966 3604 1266 3670 dicendum,
1296 3600 1637 3673 nequaquam
1677 3621 1797 3660 cum
1821 3607 2053 3674 ingenita

462 3700 655 3746 natura
683 3692 1098 3763 participantem
1139 3696 1231 3748 aut
1282 3694 1602 3749 existentem
1650 3711 1716 3749 cx
1767 3698 1880 3766 ejus
1929 3697 2053 3752 sub-

456 3784 676 3851 stantia,
708 3785 803 3840 sed
830 3785 1029 3841 factum
1071 3786 1324 3855 perfecte,
1359 3780 1501 3841 aliud
1530 3794 1722 3842 natura
1751 3800 1913 3858 atque
1941 3791 2052 3843 vir-

460 3883 593 3943 tute,
643 3870 905 3946 quantum
952 3879 1143 3933 attinet
1190 3877 1257 3931 ad
1309 3878 1572 3944 integram
1625 3878 2048 3947 similitudinem,

458 3966 708 4023 allectum
736 3973 1168 4039 petestatemqu'e
1196 3969 1435 4038 facturis,
1468 3967 1662 4024 factum
1701 3970 1908 4025 scilicet
1934 3971 2053 4025 ine-

456 4061 817 4115 narrabiliter.
851 4060 1005 4127 Quod
1034 4062 1195 4116 etiam
1241 4061 1552 4133 cogitationi
1592 4066 1699 4116 non
1739 4061 1912 4116 solum
1952 4063 2055 4117 hu-

456 4166 651 4219 manas,
681 4154 774 4209 sed
798 4154 965 4209 etiam
1012 4170 1130 4225 quae
1158 4156 1298 4210 ultra
1340 4168 1529 4210 omnes
1557 4154 1803 4211 homines
1830 4166 1929 4223 est,
1970 4156 2054 4210 in-

459 4246 943 4316 comprehensibilia
992 4247 1295 4316 judicatnus
1356 4255 1411 4303 et
1470 4246 1755 4302 credimus.
1806 4245 1870 4298 Et
1941 4247 2055 4302 lure

462 4337 677 4405 quidem
751 4353 859 4391 non
908 4338 1206 4393 rationibus
1259 4338 1460 4393 nostris
1515 4336 1793 4399 obstricti.
1840 4328 1932 4393 sed
1988 4354 2055 4393 ex

461 4427 735 4497 Scriptura
764 4436 950 4482 saneta
981 4428 1266 4493 discentes,
1300 4424 1527 4483 dicimus
1555 4437 1797 4483 creatum
1826 4444 1964 4492 esse,
2000 4438 2057 4483 et

462 4518 761 4584 fundatum,
798 4526 851 4574 et
879 4520 1115 4587 genitum
1146 4521 1460 4590 substantia,
1490 4531 1543 4577 et
1584 4520 1972 4578 inconvertibili
2002 4532 2057 4578 et

2158 3303 2365 3357 xandro
2394 3304 2629 3373 quidem,
2662 3310 2721 3357 ut
2746 3303 2997 3358 deserens
3027 3303 3374 3374 qurestionem
3407 3308 3528 3371 quae
3556 3314 3737 3357 move-

2155 3396 2248 3451 bat
2278 3397 2583 3463 tumultum,
2610 3397 2911 3467 susciperet
2960 3397 3144 3450 Arium
3189 3392 3245 3450 et
3291 3398 3550 3464 seqvaces
3596 3389 3735 3463 suis;

2154 3504 2253 3560 per
2279 3489 2525 3545 civitates
2550 3498 2728 3545 autem
2760 3489 2987 3545 diversis
3031 3488 3319 3560 epis‘cdpis;
3360 3486 3429 3543 ne
3478 3476 3756 3543 'cdnsentl-'

2155 3590 2275 3637 rent
2300 3580 2513 3652 scriptis
2543 3582 2850 3637 Alexandri.
2885 3580 3038 3637 Unde
3068 3581 3245 3637 oumia
3276 3590 3430 3635 erant
3456 3576 3613 3635 valde
3634 3590 3738 3634 tur-

2155 3673 2297 3728 bata.
2329 3674 2445 3729 Non
2472 3675 2613 3730 enim
2638 3674 2975 3730 solummodo
3001 3672 3253 3730 Ecclesia:
3281 3668 3540 3744 praesules
3578 3666 3736 3728 ratio-

2155 3767 2513 3823 cinationibus
2550 3768 2692 3822 inter
2732 3776 2788 3823 se
2828 3762 3037 3823 certare
3064 3760 3414 3833 videbantur,
3445 3764 3542 3821 sed
3582 3760 3737 3821 etiam

2155 3863 2385 3931 populus
2415 3862 2615 3917 divisus
2639 3868 2775 3916 erat.
2803 3860 2904 3916 Alii
2930 3860 3159 3931 namque
3180 3860 3319 3929 istis,
3349 3859 3439 3914 alii
3460 3875 3593 3915 vero
3614 3875 3739 3914 con-

2156 3954 2461 4008 sentiebant
2487 3953 2610 4007 illis.
2640 3952 2707 4007 Et
2729 3954 2795 4008 ad
2820 3961 3026 4007 tantum
3055 3966 3215 4008 causa
3238 3952 3381 4007 venit
3415 3948 3736 4018 incendium,

2156 4046 2287 4099 utin
2319 4046 2533 4114 publico
2562 4053 2616 4100 et
2644 4044 2697 4099 in
2732 4046 2860 4116 ipsis
2888 4047 3113 4101 theatris
3153 4044 3551 4100 Christianitati
3582 4045 3737 4099 dero-

2156 4144 2389 4205 garetur.
2434 4133 2499 4190 Hi
2542 4137 2756 4206 quidem
2804 4137 2857 4192 in
2900 4137 3010 4207 ipsa
3042 4135 3365 4191 Alexandria
3408 4134 3587 4205 positi,
3622 4130 3738 4187 tau-

2156 4242 2315 4296 quam
2340 4227 2450 4295 jam
2486 4229 2723 4283 victores
2762 4228 2829 4283 de
2872 4220 3241 4298 superioribus
3282 4220 3740 4297 persecutiohlb'us

2155 4318 2301 4383 facti,
2334 4320 2512 4389 potius
2541 4320 2907 4386 armabantur,
2940 4320 3343 4389 legationesque
3364 4316 3652 4373 mittebant
3680 4313 3741 4369 ad

2155 4412 2513 4482 provinciales
2532 4413 2841 4483 episcopos;
2875 4413 2927 4467 bl
2952 4426 3079 4468 vero
3112 4412 3161 4467 in
3192 4407 3415 4467 alteram
3439 4406 3594 4463 divisi
3622 4424 3738 4479 par-

2156 4512 2284 4572 tem,
2319 4505 2529 4559 illorum
2556 4506 2710 4560 simili
2743 4506 2991 4561 seditioni
3021 4504 3511 4561 ‘comutunicabant.
3545 4502 3742 4558 Socru-

462 4611 719 4666 inet’fabili
748 4620 959 4677 natura,
990 4612 1335 4669 similitudine
1363 4610 1603 4682 factoris,
1647 4618 1784 4672 sicut
1808 4617 1920 4688 ipse
1948 4617 2049 4672 Do-

2158 4616 2273 4662 TES,
2310 4598 2398 4655 lib.
2430 4617 2467 4669 ι,
2500 4617 2614 4671 cap.
2641 4599 2710 4667 '5;
2736 4600 2859 4655 edit.
2890 4600 3181 4673 ChrisIOph.
3232 4610 3280 4655 et
3335 4592 3508 4653 Vates.
3543 4594 3659 4668 'cap.
3692 4594 3740 4661 6,

464 4704 643 4759 minus
673 4705 747 4757 ait
774 4721 786 4757 :
820 4703 1072 4759 Dominus
1107 4708 1295 4760 creavit
1321 4723 1399 4760 me
1428 4709 1481 4761 in
1521 4707 1671 4761 initio
1702 4708 1897 4761 viarum
1926 4714 2051 4760 sua—

463 4812 599 4861 rum,
642 4798 699 4850 in
736 4810 897 4867 'opera
922 4814 1034 4865 sua,
1064 4810 1113 4852 et
1142 4808 1261 4853 ante
1290 4801 1484 4855 saecula
1514 4788 1749 4871 [undavit
1788 4819 1888 4870 me,
1939 4812 2054 4855 ante

462 4905 640 4943 omnes
680 4890 835 4944 colles
864 4892 1036 4961 genuit
1066 4908 1144 4945 me
1174 4890 1355 4962 (Prov.
1387 4909 1497 4956 VIII,
1529 4890 1642 4962 22).
1683 4890 1738 4946 Si
1782 4903 1956 4946 autem
1990 4909 2056 4947 ex

462 4994 550 5046 eo,
588 4981 691 5035 hoc
717 4988 801 5036 est
830 4982 896 5035 ab
942 4997 1007 5036 eo
1047 4976 1182 5047 erat,
1224 4983 1375 5054 quasi
1404 4998 1527 5053 pars
1554 4984 1669 5051 ejus
1707 4983 1790 5037 vel
1818 4999 1883 5037 ex
1912 4982 2059 5039 ﬂuxu

462 5074 794 5139 substantiae,
845 5080 1183 5144 nequaquam
1232 5070 1447 5130 creatus
1505 5084 1594 5130 aut
1645 5075 1893 5131 fundatus
1941 5093 2059 5132 esse

462 5168 752 5223 diceretur.
785 5168 967 5237 Neque
994 5178 1051 5222 tu
1086 5169 1301 5237 ignoras
1341 5169 1467 5235 hoc,
1498 5169 1714 5224 domine
1741 5186 1887 5238 vere,
1929 5170 2054 5240 quia

464 5258 610 5327 quod
638 5270 703 5312 ex
724 5259 963 5326 ingenito
993 5258 1190 5319 existit,
1218 5268 1458 5315 creatum
1478 5258 1587 5329 jam
1614 5261 1679 5315 ab
1708 5261 1832 5329 alio,
1867 5264 1959 5315 aut
1988 5260 2055 5315 ab

464 5363 551 5411 eo,
577 5358 671 5404 aut
701 5349 977 5404 fundatum
1018 5365 1122 5404 non
1161 5350 1261 5405 erit
1291 5352 1355 5405 ab
1378 5349 1526 5406 initio
1562 5372 1573 5406 :
1606 5353 1906 5421 ingenitum
1934 5367 2056 5407 eum

463 5441 667 5511 dicere,
697 5444 1059 5497 ostensionem
1090 5440 1375 5513 quamdam
1406 5445 1625 5514 prtcbet,
1658 5445 1811 5515 quasi
1851 5460 1914 5500 ex
1958 5460 2055 5514 pa-

466 5546 620 5589 terna
650 5535 948 5589 substantia
979 5534 1049 5589 sit
1072 5544 1247 5600 natus,
1279 5542 1332 5591 et
1360 5536 1557 5591 habeat
1586 5554 1653 5591 ex
1683 5552 1749 5592 eo
1782 5535 2058 5604 aequalita-

468 5634 576 5679 tem
607 5634 833 5681 naturte.
867 5628 1075 5682 Scimus
1101 5628 1243 5682 enim
1272 5624 1416 5698 quod
1447 5644 1553 5683 non
1585 5627 1650 5681 de
1672 5642 1738 5682 eo
1769 5627 1884 5681 solo
1905 5626 2057 5695 geni-

467 5726 579 5771 tum
609 5719 740 5773 dicit
766 5718 1059 5789 Scriptura,
1088 5722 1181 5775 sed
1212 5722 1373 5775 etiam
1403 5718 1469 5777 de
1498 5720 1844 5776 dissimilibus
1887 5721 1935 5775 ei
1964 5736 2059 5775 na-

472 5814 590 5859 tura
618 5822 713 5875 per
742 5810 939 5862 omnia.
966 5810 1097 5864 Nam
1135 5820 1188 5863 tl.
1215 5812 1281 5865 de
1311 5812 1615 5865 hominibus
1640 5812 1712 5864 ait
1738 5830 1747 5863 :
1784 5811 1947 5865 Filios
1974 5829 2063 5881 ge-

473 5898 582 5963 nui,
608 5907 657 5950 et
685 5900 937 5966 exultavi;
986 5904 1085 5969 ipsi
1131 5919 1241 5957 vero
1272 5920 1349 5956 me
1382 5913 1679 5972 spreverunt
1711 5898 1873 5973 (Isai.
1901 5921 1935 5971 ι,
1968 5896 2058 5976 2);

2156 4706 2207 4759 p.
2249 4687 2335 4744 I3.

2732 4807 2958 4864 CAPUT
2990 4808 3168 4865 XVIII.

2161 4898 2238 4953 De
2268 4899 2582 4976 Meletianis,
2608 4911 2653 4954 et
2684 4904 2937 4976 quomodo
2966 4906 3071 4976 sint
3099 4903 3160 4976 ab
3192 4902 3429 4976 Ecclesia
3461 4902 3743 4976 segregati,

2232 4982 2278 5024 et
2301 4973 2425 5045 quia
2453 4973 2651 5025 nolente
2670 4972 2972 5026 Alexandro
3014 4974 3193 5045 Arium
3220 4974 3502 5045 suscipere,
3522 4972 3627 5045 ‘pef
3671 4972 3746 5027 di-

2234 5056 2382 5095 versa
2408 5043 2519 5095 loca
2547 5044 2731 5096 Ariani
2759 5046 2979 5097 concilia
3008 5043 3353 5100 celebrabant.

2235 5152 2595 5209 Miserbantur
2638 5150 2799 5224 igitur
2850 5154 3061 5211 Arianis
3102 5148 3372 5211 Meletiani
3418 5150 3555 5227 (Au.
3594 5136 3741 5211 Doni.

2161 5244 2309 5316 315),
2339 5248 2427 5317 qui
2457 5247 2653 5301 dudum
2682 5242 2894 5302 fuerant
2935 5249 3002 5304 ab
3032 5242 3272 5303 Ecclesia
3320 5246 3619 5321 segregati.
3655 5228 3748 5317 Qui

2160 5354 2288 5393 vero
2316 5341 2420 5393 sint
2461 5337 2548 5393 isti
2576 5337 2861 5394 dicendum
2891 5346 2990 5395 est.
3034 5334 3145 5395 Sub
3176 5322 3335 5395 r‘e‘tid
3380 5316 3759 5396 Al‘cxsiiarim

2161 5430 2390 5484 civitatis
2413 5430 2691 5501 episcopo,
2720 5432 2809 5501 qui
2834 5432 3070 5503 suscepit
3099 5422 3435 5489 Diocletiano
3458 5414 3697 5509 iinperan
3717 5436 3759 5481 te

2166 5522 2499 5596 martyrium,
2532 5524 2777 5580 Meletius
2806 5524 3025 5596 quidam
3065 5514 3351 5596 episcopus
3376 5506 3535 5609 itiiiiis
3563 5506 3758 5603 civita-

2163 5619 2233 5674 tis
2257 5619 2633 5691 ngyptioruni
2656 5619 2933 5690 depositus
2965 5626 3066 5683 est,
3091 5627 3145 5673 et
3166 5620 3387 5692 propter
3410 5602 3605 5695 muitas
3626 5602 3747 5672 abas

2166 5729 2373 5780 causas,
2406 5720 2460 5768 et
2490 5706 2721 5768 maxime
2750 5714 2875 5783 quia
2926 5712 2980 5768 in
3010 5708 3386 5783 persecutione
3425 5712 3527 5769 {ide
3566 5696 3745 5781 negata

2168 5803 2583 5861 sacriﬁcaverat.
2618 5804 2755 5874 Ergo
2780 5806 3064 5860 damnatus
3100 5805 3298 5861 niultOS
3343 5806 3529 5860 babuit
3571 5818 3738 5873 sequa‘

2171 5896 2283 5969 bes,
2315 5907 2369 5955 et
2397 5894 2779 5957 lmresiarcbes
2818 5897 2990 5957 factus
3012 5907 3093 5956 est
3123 5890 3312 5956 eorum
3359 5895 3451 5969 qui
3492 5878 3743 5954 bactenut
