4006 6448
302 313 412 372 917

1383 315 1703 374 HISTORIA
1741 290 2180 373 meum“.
2226 293 2428 375 usus
2456 321 2499 378 ι.

3484 338 3591 397 918

309 433 384 486 ab
407 443 475 485 eo
503 430 556 486 in
590 428 826 503 Egypto
855 428 1125 495 Mcletiaui
1155 438 1423 491 vocantur
1457 455 1469 489 :
1501 436 1700 491 nullam
1742 437 1903 506 justi-
1932 437 1985 500 Α
2009 435 2077 491 att
2106 433 2366 506 medium,
2398 429 2453 495 'e't
2473 427 2782 501 vehementi
2804 427 2982 504 studio
3005 429 3367 509 contentionis
3395 455 3594 513 movis-

311 519 402 575 tia:
427 519 848 577 satisfactionem
886 522 1114 591 habens,
1143 523 1239 579 cur
1265 524 1586 581 remanserit
1615 526 1681 580 ab
1709 525 1898 582 Eccle-

307 613 393 667 sia
420 622 719 683 separatus.
754 614 975 670 Dicebat
994 616 1210 685 quidem
1235 617 1551 687 injustitiam
1580 635 1640 674 se
1661 634 1899 688 passum,

308 712 370 758 et
414 704 808 775 obloquebatur
852 709 1063 777 saepius,
1114 709 1512 781 derogabatque
1560 709 1740 766 Petro.
1793 710 1901 766 Sed

306 791 508 848 Petrus
560 795 614 849 in
669 797 1064 865 persecutione,
1112 808 1367 870 percepta
1414 801 1654 872 martyrii
1695 801 1897 870 palma,

307 885 600 942 defunctus
629 896 730 942 est.
763 888 868 944 lste
887 905 1018 946 vero
1045 892 1230 946 retulit
1252 893 1613 949 detractiones
1638 895 1690 949 in
1721 893 1901 950 Achil-

307 975 444 1041 lam,
474 979 566 1046 qui
595 988 717 1049 post
744 978 961 1035 Petrum
1000 985 1234 1053 suscepit
1263 984 1662 1056 episc0patum;
1693 983 1748 1041 et
1781 1003 1902 1042 rur-

305 1086 431 1126 sum
461 1072 514 1126 in
537 1072 916 1138 Alexandrum,
948 1077 1038 1145 qui
1064 1086 1190 1147 post
1232 1078 1492 1134 Achillam
1541 1081 1780 1136 noscitur
1807 1096 1897 1137 or-

306 1162 548 1219 dinatus.
576 1165 722 1220 Inter
748 1168 862 1224 lucc
891 1169 1052 1237 igitur
1079 1173 1390 1241 supervenit
1423 1174 1647 1244 quaestio
1678 1174 1908 1242 Ariana,

303 1264 364 1309 et
391 1255 641 1312 Meletius
670 1274 775 1314 una
803 1275 926 1316 cum
957 1262 1068 1318 suis
1097 1262 1418 1319 defendebat
1447 1265 1653 1333 Arium,
1679 1267 1898 1337 conspi-

299 1346 525 1402 ratione
552 1347 690 1404 facta
715 1367 837 1406 cum
878 1368 945 1409 eo
983 1355 1242 1412 adversus
1283 1358 1616 1429 episcopum.
1665 1359 1899 1425 Quibus-

298 1452 523 1508 cunque
551 1441 693 1495 enim
724 1458 888 1512 prava
906 1445 1186 1502 videbatur
1209 1447 1324 1503 Arii
1344 1457 1510 1515 secta,
1537 1450 1900 1520 suscipiebant

298 1546 525 1603 semper
555 1535 843 1593 Alexandri
875 1539 1004 1611 [ed.,
1033 1557 1198 1612 super
1225 1542 1372 1617 Ario]
1401 1546 1743 1614 sententiam,
1779 1553 1897 1600 tan-

295 1627 470 1691 quam
483 1624 686 1693 justum
707 1637 896 1684 contra
919 1640 1314 1690 consentaneos
1343 1634 1455 1689 Arii
1484 1634 1602 1704 ejus
1629 1636 1900 1691 videretur

296 1730 428 1771 esse
458 1715 757 1774 decretum.
791 1721 1111 1780 Scribebant
1137 1734 1315 1781 autem
1347 1735 1403 1782 et
1429 1727 1520 1796 qui
1550 1728 1690 1783 circa
1730 1726 1899 1783 Ense-

2006 535 2126 583 sent
2150 534 2268 598 quae
2297 523 2397 587 nec
2438 537 2722 602 qumrenda
2753 549 2926 607 erant,
2980 543 3079 598 nec
3132 544 3199 600 ab
3247 529 3398 601 initio
3446 549 3593 618 cogi-

2005 623 2185 690 tanda,
2211 633 2300 680 aut
2325 627 2555 696 cogitata
2583 631 2756 699 potius
2781 630 3129 691 taciturnitati
3148 637 3270 707 jure
3297 621 3553 695 tradenda
3573 684 3590 709 ,

2005 732 2126 771 eum
2149 719 2332 788 utique
2359 721 2426 775 ab
2447 722 2720 778 alterutris
2751 719 2858 780 non
2885 727 3090 798 'sejungi
3117 734 3435 801 potuissent,
3463 733 3592 792 licet

2006 822 2072 863 ex
2102 809 2278 880 aliqua
2309 824 2459 882 parte
2489 814 2753 883 dogmatis
2785 816 3142 876 dissonarent.
3177 813 3483 883 Alexandro
3511 827 3589 886 si-

2003 901 2217 971 quidem
2247 911 2302 958 et
2351 904 2497 970 Ario,
2530 904 2819 977 aliquando
2854 911 3095 982 culpans,
3126 909 3411 985 aliquando
3458 901 3586 976 sua-

2003 991 2153 1056 deus,
2187 993 2312 1048 talia
2362 996 2594 1065 scripsit,
2615 989 2847 1066 quarum
2897 1001 3194 1058 litterarum
3243 1015 3451 1074 partem
3505 1009 3590 1066 hic

2001 1084 2128 1151 poni
2158 1100 2264 1139 non
2294 1083 2376 1139 e'st
2400 1087 2773 1156 incongruum.
2797 1089 2932 1146 Tota
2951 1094 3092 1148 enim
3115 1095 3342 1165 epistola
3364 1089 3417 1152 in
3443 1100 3589 1156 libris

2005 1173 2222 1230 Eusebii
2241 1179 2414 1246 posita
2445 1189 2526 1234 est
2555 1180 2606 1235 in
2639 1173 2754 1236 Vita
2787 1180 3143 1241 Constantini.
3167 1183 3465 1254 Somnus,
3499 1189 3587 1254 lib.

2002 1282 2040 1335 ι,
2072 1283 2186 1339 cap.
2215 1268 2298 1335 Μ,
2342 1271 2464 1325 edit.
2508 1272 2799 1344 Cliristoph.
2831 1287 2879 1331 et
2916 1277 3090 1334 Vates.
3117 1298 3232 1351 cap.
3262 1281 3352 1352 15,
3379 1301 3432 1354 ρ.
3463 1269 3588 1341 427.

2495 1391 2651 1459 222
2679 1389 2906 1445 CAPUT
2945 1391 3082 1448 XIX.

2006 1472 2597 1562 EpistolalConstantini
2627 1485 2878 1562 principis
2907 1486 2974 1562 ad
3003 1487 3358 1546 Alexandrum
3382 1493 3588 1562 pontiﬁ-

2073 1563 2180 1600 cem
2198 1548 2635 1618 Alexandrinum,
2663 1548 2807 1630 etnd
2832 1555 3032 1626 Arium,
3063 1575 3155 1626 per
3178 1577 3332 1630 quam
3355 1548 3590 1620 h'ortatits

2073 1628 2147 1670 est
2174 1630 2230 1671 ut
2259 1631 2629 1676 reverterentur
2656 1624 2726 1677 ad
2749 1642 2944 1695 pacem.

2078 1709 2256 1790 Victor
2283 1711 2662 1771 Constantinus
2691 1715 2975 1790 Maximus,
3022 1720 3167 1790 Pius,
3200 1723 3504 1782 Alexandro
3533 1736 3590 1785 et

292 1807 455 1864 bium
503 1811 824 1868 Nicomediae
860 1824 1038 1884 erant,
1073 1825 1130 1872 et
1172 1819 1261 1872 alii
1312 1820 1507 1889 quibus
1554 1819 1665 1874 Arii
1715 1819 1897 1890 Opinio
1931 1830 1974 1890 Β
2001 1803 2149 1859 Ario-

296 1901 702 1969 complacebat,
735 1913 1001 1973 quatenus
1039 1908 1344 1964 solveretur
1379 1911 1593 1979 quidem
1624 1910 1898 1980 prtemissa

291 1993 606 2061 damnatio,
650 2005 704 2050 et
754 1997 808 2051 in
853 1996 1150 2054 Ecclesium
1199 2000 1437 2056 damnati
1492 2003 1896 2069 reducerentur,

293 2085 462 2155 quasi
508 2087 642 2140 nihil
685 2087 812 2140 mali
860 2091 1266 2158 proﬁterentur.
1316 2092 1408 2149 Sic
1446 2093 1626 2162 itaque
1673 2095 1899 2151 diversis

291 2176 548 2246 epistolis
576 2177 642 2231 ad
671 2178 1094 2235 Alexandrinum
1122 2183 1432 2252 episcOpunI
1457 2184 1759 2252 destinatis,
1816 2185 1896 2240 fe-

290 2277 496 2321 cerunt
521 2269 709 2324 harum
737 2272 1082 2341 epistolarum
1105 2275 1470 2339 collectiones,
1505 2276 1660 2331 Arius
1680 2277 1898 2345 quidem

292 2376 494 2415 earum
531 2378 648 2430 quze
678 2379 774 2432 pro
811 2381 870 2419 se
911 2375 1083 2432 erant,
1131 2368 1435 2424 Alexander
1480 2378 1659 2424 autem
1708 2379 1896 2426 contra

292 2452 508 2506 Arium.
541 2452 608 2506 Et
636 2455 761 2510 hinc
785 2453 999 2511 occasio
1037 2459 1401 2514 contentionis
1440 2461 1632 2514 oborta
1674 2470 1758 2515 est
1789 2462 1897 2515 lue-

291 2545 511 2599 resibus
531 2561 649 2616 qua:
674 2565 815 2603 nunc
836 2549 1033 2618 ubique
1049 2550 1456 2617 circumvolant,
1492 2551 1594 2606 hoc
1613 2560 1714 2617 est,
1743 2551 1898 2606 Aria-

294 2654 518 2703 norum,
551 2637 1027 2708 Eunomianorum,
1061 2647 1114 2699 et
1133 2645 1440 2714 quicunque
1470 2662 1666 2700 nomen
1696 2646 1898 2701 habent

293 2746 326 2785 a
358 2731 698 2788 Macedonio.
749 2733 954 2803 Singuli
1005 2752 1234 2805 namque
1275 2726 1464 2792 horum
1498 2739 1626 2808 ipsis
1656 2739 1898 2808 epistolis

293 2821 533 2877 testibus
571 2824 652 2877 usi
699 2832 823 2878 sunt
861 2825 912 2878 in
961 2825 1327 2882 defensionem
1375 2829 1593 2885 hmresis
1637 2843 1768 2884 suae.
1800 2828 1900 2885 So-

293 2931 530 2981 cnarss,
554 2916 646 2970 tib.
677 2932 716 2983 I,
747 2933 864 2989 cap.
895 2916 959 2982 5;
1008 2918 1130 2971 edit.
1166 2918 1356 2974 Christ.
1391 2929 1440 2973 et
1487 2920 1662 2976 Vales.
1696 2920 1810 2992 cap.
1840 2920 1895 2990 6,

292 3025 350 3078 p.
398 3007 488 3061 H.

371 3100 511 3154 Cum
539 3115 670 3155 vero
699 3115 840 3171 saepe
868 3074 1236 3173 supplicantes
1273 3104 1578 3162 Alexandro
1617 3107 1709 3176 qui
1752 3107 1896 3163 circa

2076 1897 2243 1953 Didici
2272 1905 2396 1955 tunc
2416 1910 2598 1956 natam
2629 1917 2905 1974 prazsentis
2941 1903 3254 1979 quaestionis
3300 1901 3583 1988 originem,

2001 1988 2216 2056 quando
2249 1995 2323 2054 tu,
2375 2006 2408 2044 0
2448 1990 2770 2062 Alexander,
2822 2012 2852 2051 a
2895 2002 3225 2072 presbyteris
3276 2003 3589 2075 requirebas

2001 2077 2128 2145 quid
2157 2081 2520 2151 unusquisque
2549 2098 2736 2139 eorum
2758 2086 2825 2141 de
2853 2090 3088 2157 quodam
3126 2092 3246 2148 loco
3278 2094 3397 2169 [ms.
3423 2096 3583 2170 ινα,

1999 2170 2187 2242 verbo]
2231 2173 2283 2226 in
2331 2173 2449 2243 lege
2491 2179 2814 2248 conscripto,
2868 2184 3036 2250 magis
3077 2191 3253 2241 autem
3295 2181 3397 2261 pro
3433 2189 3584 2247 vana;

2000 2260 2274 2330 cujusdam
2297 2266 2605 2332 quiestionis
2643 2278 2793 2336 parte
2840 2277 3081 2331 sentiret.
3141 2260 3348 2347 Tuque,
3390 2296 3423 2334 ο
3468 2272 3583 2351 Ar‘i,

1999 2355 2142 2423 quod
2183 2370 2356 2424 neque
2381 2359 2645 2429 principio
2683 2365 2905 2431 cogitari
2949 2367 3238 2434 debuerat,
3290 2373 3586 2440 cogitatum

2001 2447 2351 2502 taciturnitati
2383 2451 2520 2505 tradi
2544 2455 2720 2522 potius
2739 2459 3096 2526 competehat,
3131 2461 3257 2518 illud
3288 2456 3586 2534 improvide

2001 2541 2244 2608 protinus
2271 2541 2531 2610 objeeisti,
2567 2547 2727 2610 unde,
2771 2548 3036 2605 discordia
3083 2551 3226 2607 inter
3268 2571 3366 2611 vos
3405 2573 3584 2613 emer-

2000 2637 2178 2693 gente,
2211 2632 2462 2700 mystcria
2487 2643 2923 2692 contemnuntur.
2951 2638 3177 2697 Sanctus
3199 2658 3328 2699 vero
3353 2647 3586 2716 populus

1999 2720 2056 2774 in
2084 2731 2312 2790 utraque
2339 2722 2537 2779 divisus
2559 2736 2661 2792 est,
2693 2731 2990 2784 commonis
3017 2734 3258 2801 corporis
3285 2743 3586 2804 congrUen—

2000 2812 2074 2864 tia
2096 2819 2393 2881 separatur.
2427 2812 2567 2883 Ergo
2597 2823 2823 2884 uterque
2851 2828 3088 2875 vestrum
3115 2836 3181 2879 ex
3209 2837 3363 2893 aequo
3391 2825 3585 2881 volun-

2000 2911 2165 2958 tatem
2196 2905 2458 2972 praebens,
2499 2907 2553 2960 in
2581 2923 2689 2977 quo
2718 2925 2813 2965 vos
2849 2912 3185 2970 confamulus
3231 2925 3411 2974 vester
3443 2910 3588 2988 jus'te

2000 3007 2186 3052 monet
2211 2999 2445 3054 obediat.
2490 2999 2604 3057 Hoc
2631 2999 2814 3072 itaque
2850 3019 3025 3075 neque
3068 3011 3341 3078 requirere
3370 3005 3588 3080 dignum

2002 3098 2104 3157 est,
2139 3105 2312 3160 neque
2336 3091 2402 3146 de
2427 3091 2620 3147 talibus
2647 3095 2976 3164 respondere
2995 3101 3375 3168 quterentibus.
3397 3083 3589 3173 Hujus-

294 3189 598 3243 Eusebium
624 3199 799 3256 erant,
829 3207 939 3246 non
970 3193 1320 3250 inclinassent
1351 3209 1495 3262 eum,
1527 3204 1780 3266 tanquam
1809 3187 1896 3253 in-
1927 3211 1972 3279 ρ
2003 3180 2148 3279 "md?
2173 3182 2314 3234 enim
2344 3183 2688 3250 (Ιυωειίοηθδν
2715 3199 2840 3279 qua?
2867 3201 2974 3242 ηοη
3000 3188 3313 3260 cujusquam
3339 3193 3473 3261 legis
3496 3211 3590 3251 ne-

293 3280 499 3350 juriam
531 3282 673 3351 passi
698 3283 1150 3352 malignabantur,
1185 3294 1238 3340 et
1274 3288 1510 3342 acriores
1540 3287 1606 3341 ad
1636 3289 1899 3343 roboran-

293 3374 427 3429 dum
459 3371 571 3428 Arii
594 3373 787 3442 dogma
810 3385 935 3430 sunt
960 3377 1114 3444 facti;
1140 3379 1534 3447 conciliumque
1565 3379 1621 3434 in
1649 3379 1903 3452 Bithynia

293 3465 636 3534 colligentes,
687 3468 1020 3538 scripserunt
1062 3470 1328 3541 epiSCOpis
1373 3472 1654 3538 uniVersis,
1690 3481 1748 3527 ut
1782 3481 1902 3528 tan-

294 3572 465 3627 quam
508 3567 662 3613 recte
699 3557 1044 3616 credentibus
1087 3563 1546 3618 communicarent
1586 3564 1812 3630 Arianis,
1846 3570 1904 3620 et

295 3659 526 3719 agerent
579 3657 638 3704 ut
690 3652 997 3708 Alexander
1041 3669 1256 3725 quoque
1323 3656 1746 3711 communicaret
1799 3657 1897 3712 eis.

295 3740 551 3809 Dumque
588 3757 775 3796 eorum
818 3743 1052 3798 studium
1095 3743 1401 3809 defecisset,
1435 3745 1740 3801 Alexandro
1789 3760 1900 3802 non

298 3831 699 3896 consentiente,
725 3832 992 3902 legatione
1015 3831 1249 3903 fungitur
1269 3834 1428 3890 Arius
1449 3836 1589 3907 apud
1615 3836 1899 3892 Paulinum

296 3921 615 3993 episcopum
658 3921 802 3994 Tyri,
855 3932 910 3979 et
944 3923 1234 3981 Eusebium
1285 3928 1545 3998 Pamphili
1589 3928 1899 3999 pontificem

299 4016 568 4071 Caesarea:
597 4014 910 4084 Palaestinas,
944 4026 1000 4074 et
1045 4018 1415 4091 Patrophilum
1461 4021 1894 4094 Seythopoleos:

295 4115 495 4176 petens
525 4123 632 4162 una
678 4123 801 4164 cum
844 4109 958 4165 suis
996 4119 1056 4165 ut
1079 4110 1360 4179 juberetur
1401 4125 1520 4168 cum
1567 4113 1768 4182 populo
1805 4113 1899 4181 qui

295 4213 426 4254 cum
448 4213 516 4254 eo
536 4206 655 4253 erat
679 4199 939 4254 Solemnia
967 4209 1304 4256 sacramenta
1326 4199 1580 4256 Ecclesia:
1600 4201 1895 4268 celebrare,

297 4299 562 4360 tanquam
583 4292 698 4360 ipse
711 4292 856 4360 prius
878 4293 1310 4363 presbyterorum
1334 4293 1607 4349 habuisset
1627 4293 1893 4359 ofﬁcium;

298 4399 426 4439 esse
445 4384 637 4437 dicens
656 4384 1099 4438 consuetudinem
1122 4385 1176 4438 in
1209 4367 1554 4450 Alexandria,
1576 4386 1713 4440 sicut
1732 4387 1896 4441 etiam

299 4490 472 4537 nunc,
498 4481 557 4527 ut
578 4488 686 4528 uno
703 4474 968 4529 existente
995 4490 1158 4544 super
1178 4489 1368 4530 omnes
1388 4476 1663 4546 episcopo,
1683 4477 1898 4550 presby-

298 4566 402 4622 teri
427 4579 672 4620 seorsum
698 4564 955 4620 ecclesias
989 4565 1318 4629 obtinerent,
1351 4573 1406 4622 et
1446 4567 1676 4637 populus
1720 4567 1774 4622 in
1815 4567 1894 4623 eis
1924 4607 1976 4668 Β

298 4658 561 4714 collectas
605 4659 918 4714 solemniter
946 4660 1263 4716 celebraret.
1298 4659 1448 4718 Tunc
1488 4660 1565 4716 illi
1614 4673 1720 4717 una
1767 4676 1891 4716 cum

299 4751 420 4804 aliis
449 4751 718 4821 episcdpis
747 4750 800 4804 in
827 4749 1109 4806 Palmstina
1131 4753 1461 4821 congregati,
1483 4753 1590 4808 tale
1615 4754 1890 4808 decretum

302 4845 466 4911 super
485 4841 750 4911 petitione
787 4842 898 4896 Arii
928 4842 1287 4912 protulerunt,
1313 4842 1561 4912 jubentes
1600 4860 1694 4900 eos
1723 4845 1891 4899 colle-

301 4941 419 4987 ctas
443 4947 700 4988 exercere
726 4932 882 4988 sicuti
906 4932 1085 5002 prius;
1117 4948 1236 4988 esse
1257 4941 1441 4989 tamen
1463 4934 1708 4990 subditos
1732 4935 1894 4991 Alex-

304 5028 473 5082 andro
505 5025 768 5099 pontiﬁci,
795 5035 851 5083 et
877 5028 1155 5098 deprecari
1207 5043 1421 5098 semper
1451 5036 1509 5082 ut
1536 5029 1651 5098 ejus
1679 5043 1810 5098 pace
1839 5037 1895 5083 et

305 5119 688 5173 communione
731 5118 1054 5173 fruerentur.
1087 5115 1330 5187 Cumque
1359 5119 1519 5172 etiam
1565 5119 1620 5172 in
1661 5117 1898 5188 {Egypto

305 5209 486 5265 multis
526 5211 773 5265 conciliis
800 5210 1106 5273 celebratis,
1141 5210 1359 5266 haeresis
1388 5211 1694 5280 pullularet,
1726 5211 1796 5264 ita
1841 5219 1900 5265 ut

307 5315 475 5369 usque
495 5303 563 5358 ad
585 5303 784 5372 regalia
806 5303 1130 5372 perveniret,
1149 5317 1254 5357 non
1274 5303 1617 5358 mediocriter
1635 5300 1899 5356 Constan-

308 5390 451 5448 tinus
479 5394 774 5464 imperator
801 5391 1156 5462 amigehatur,
1187 5408 1253 5448 eo
1274 5393 1418 5461 quod
1449 5393 1706 5460 religione
1727 5407 1898 5462 nuper

309 5483 598 5540 inchoante
624 5501 890 5552 crescere,
938 5485 1136 5539 multos
1166 5499 1196 5538 a
1224 5483 1627 5540 Christianitate
1669 5484 1896 5564 dogma-

313 5575 423 5625 tum
446 5574 713 5630 discordia
757 5583 1038 5632 revocaret
1067 5574 1184 5648 [ηις.
1219 5573 1370 5646 Lyr.,
1421 5591 1450 5629 a
1480 5574 1898 5632 Christianitatis

312 5661 559 5732 dogmate
607 5669 918 5725 discordare
953 5669 1202 5742 videret].
1236 5669 1304 5724 Et
1328 5677 1615 5740 propterea
1646 5672 1898 5741 culpabat

313 5755 492 5810 Arium
515 5769 568 5813 et
590 5759 970 5830 Alexandrum,
996 5763 1179 5832 eisque
1201 5761 1440 5816 scribens
1471 5761 1749 5831 arguebat,
1771 5762 1896 5831 quia

312 5863 430 5905 cum
459 5851 624 5912 latere
652 5857 916 5928 potuisset
942 5857 1055 5916 haec
1098 5858 1343 5930 quaestio,
1384 5869 1505 5913 eam
1541 5854 1896 5915 deduxissent

2003 3272 2257 3328 cessitate
2285 3282 2678 3342 proponuntur,
2711 3277 2915 3334 inutilis
2935 3281 3231 3336 vacationis
3258 3289 3470 3353 tempus
3496 3301 3592 3340 ex-

2002 3365 2240 3434 quirunt.
2268 3364 2336 3418 Et
2365 3366 2491 3420 licet
2519 3382 2679 3422 causa
2710 3369 3006 3439 cujuspiam
3045 3374 3304 3430 naturalis
3349 3375 3594 3436 exercitii

2004 3456 2152 3520 ﬁant,
2187 3465 2363 3512 tamen
2395 3458 2649 3514 debemus
2677 3476 2770 3516 eas
2794 3463 2930 3517 intra
2959 3478 3176 3521 sensum
3223 3466 3495 3546 claudere,
3537 3477 3593 3546 et

2001 3564 2111 3604 non
2141 3557 2389 3618 prompte
2418 3551 2471 3604 in
2505 3551 2719 3620 publica
2755 3555 3109 3612 conciliabula
3153 3551 3468 3628 deportare,
3488 3541 3592 3616 nec

2003 3639 2241 3694 omnium
2290 3639 2510 3695 auribus
2557 3641 2863 3699 inconsulte
2927 3647 3287 3703 committere.
3346 3648 3593 3717 Quantus

2003 3731 2144 3786 enim
2175 3738 2257 3788 est
2280 3735 2648 3804 unusquisque
2678 3733 2974 3802 hominum,
3001 3748 3059 3792 ut
3077 3741 3248 3809 possit
3275 3743 3349 3796 ita
3373 3727 3592 3813 magna-

2003 3839 2121 3878 rum
2151 3840 2329 3880 rerum
2355 3834 2409 3880 et
2437 3827 2593 3882 valde
2619 3827 2913 3884 difﬁcilium
2940 3831 3193 3886 virtutem
3240 3839 3332 3887 aut
3359 3833 3425 3888 ad
3461 3847 3590 3904 per-

2000 3919 2198 3976 fectum
2229 3921 2512 3990 inspicere,
2545 3931 2638 3976 aut
2665 3924 3006 3993 interpretari
3036 3923 3239 3993 digne?
3267 3925 3375 3980 Aut
3394 3925 3437 3980 si
3471 3921 3591 3997 quis
3682 3983 3689 3993 ,

2002 4013 2107 4068 hoc
2134 4013 2334 4080 facere,
2364 4013 2578 4069 difﬁcile
2609 4022 2812 4082 tamen,
2841 4017 3030 4086 possit,
3063 4025 3277 4084 quantae
3319 4018 3461 4086 parti
3485 4005 3589 4089 pti-

2002 4105 2110 4173 puli
2141 4104 2421 4158 suadebit?
2448 4104 2552 4157 Aut
2591 4105 2709 4172 quis
2737 4113 3006 4158 tantarum
3027 4106 3382 4174 quaestionum
3415 4103 3589 4163 subti-

2000 4199 2178 4254 litates
2225 4207 2372 4253 extra
2417 4199 2596 4268 lapsus
2636 4198 2718 4252 sul
2761 4198 3057 4268 periculum
3107 4199 3416 4255 sustinebit?
3447 4199 3588 4270 Ergo

2001 4288 2249 4357 fugienda
2280 4297 2406 4343 sunt
2450 4290 2503 4343 in
2539 4288 2734 4344 talibus
2773 4289 3133 4361 multiloquia,
3175 4305 3243 4346 ne
3290 4291 3431 4347 forte
3463 4291 3592 4348 dum

2001 4380 2309 4436 inﬁrmitate
2338 4389 2536 4436 nostrae
2565 4388 2770 4435 naturae
2813 4381 3036 4436 minime
3082 4382 3228 4451 quod
3273 4384 3592 4454 proponitur

1999 4473 2320 4542 explicatur,
2351 4481 2532 4526 mente
2555 4471 2878 4527 discentium
2907 4472 3214 4529 auditorum
3237 4488 3338 4544 pro
3367 4474 3592 4531 tardiori

2000 4565 2274 4620 intellectu
2301 4564 2366 4619 ad
2395 4563 2689 4635 perfectam
2709 4565 3022 4634 quaestionis
3041 4567 3444 4637 perceptionem
3466 4573 3592 4639 per-

2002 4658 2184 4712 venire
2205 4672 2312 4711 non
2337 4657 2569 4720 valente,
2603 4657 2668 4711 ad
2691 4658 3066 4714 necessitatem
3094 4658 3463 4729 blasphemia},
3498 4669 3592 4718 aut

1999 4748 2308 4804 schismatis
2336 4748 2566 4818 populus
2594 4747 2906 4803 abducatur.
2941 4749 3280 4820 Quapropter
3323 4758 3379 4804 et
3418 4750 3590 4805 inter-

1999 4823 2306 4907 rogationes
2327 4840 2574 4903 incautze,
2595 4849 2650 4893 et
2662 4840 3039 4912 responsiones
3054 4840 3363 4912 improvidae
3379 4854 3592 4909 aequam

2001 4932 2274 4987 alterutris
2301 4932 2513 4986 veniam
2541 4932 2779 4986 tribuant
2805 4947 2871 4986 ex
2902 4940 3147 5002 utroque.
3175 4932 3290 4987 Non
3321 4933 3464 4987 enim
3485 4946 3588 5002 pro

2001 5039 2214 5078 summo
2243 5025 2374 5093 legis
2402 5023 2658 5079 mandato
2709 5023 2851 5094 apud
2883 5041 2975 5079 vos
3025 5025 3237 5080 occasio
3278 5023 3590 5080 certaminis

2005 5116 2332 5171 inﬂammata
2361 5125 2460 5180 est,
2511 5131 2686 5187 neque
2731 5132 2869 5172 nova
2909 5118 3149 5186 qumdam
3185 5130 3282 5186 pro
3322 5114 3414 5170 Dei
3461 5115 3589 5170 reli-

2001 5210 2160 5277 gione
2190 5208 2408 5264 haeresis
2440 5209 2778 5277 introducta;
2819 5209 2915 5264 sed
2947 5224 3104 5263 unam
3129 5206 3484 5277 eamdemque
3507 5223 3590 5261 ra.

2003 5303 2202 5358 tionem
2255 5303 2509 5370 habetis,
2566 5305 2705 5360 sicut
2750 5305 2912 5358 etiam
2969 5317 3136 5356 unum
3192 5298 3588 5356 communionis

2000 5395 2228 5463 signum.
2263 5395 2426 5450 Vobis
2454 5397 2596 5451 enim
2641 5395 2782 5450 inter
2826 5393 3114 5448 alterutros
3144 5407 3241 5461 pro
3268 5391 3504 5462 parvulis
3535 5401 3592 5447 et

1999 5488 2157 5544 valde
2187 5489 2410 5545 modicis
2439 5486 2888 5544 contendentibus
2909 5485 3108 5552 causis,
3134 5491 3341 5540 tantum
3371 5484 3467 5540 Dei
3495 5500 3588 5555 ρος

1999 5581 2202 5651 pulum,
2233 5585 2390 5651 quem
2422 5581 2616 5636 vestris
2639 5578 2972 5634 orationibus
3003 5587 3058 5633 et
3077 5578 3359 5650 prudentia
3389 5591 3588 5633 conve-

1999 5674 2077 5727 nit
2105 5674 2411 5742 gubernari,
2441 5670 2748 5727 discordare
2779 5684 2880 5726 nec
2905 5670 3077 5736 decet,
3130 5687 3227 5726 nec
3257 5671 3477 5726 omnino
3506 5667 3587 5724 fas

1999 5779 2116 5820 esse
2142 5765 2398 5821 credibile
2418 5771 2517 5818 est.
2557 5762 2624 5817 Ut
2657 5770 2838 5818 autem
2868 5779 3033 5834 parvo
3077 5765 3309 5834 quodam
3336 5765 3586 5832 exemplo

1998 5858 2320 5928 sapientiam
2347 5863 2580 5910 vestram
2608 5862 3001 5923 commeneam,
3047 5858 3216 5913 nostis
3245 5857 3408 5912 etiam
3440 5855 3587 5925 ipsos
