4006 6454
476 277 580 334 9T9

1702 280 1774 337 II.
1808 274 2084 336 AURELII
2120 275 2514 335 CASSIODORI

3657 287 3761 344 920

477 397 828 472 pliilosdplibâ€˜s
846 401 973 471 quia
1001 400 1060 456 in
1089 413 1198 456 uno
1217 398 1435 471 quidem
1463 400 1717 472 dogmate
1744 403 1925 458 cuncti
1946 417 2072 458 con-
2097 403 2145 463 A
2174 417 2278 472 que
2309 416 2545 469 securas,
2576 411 2635 457 ut
2661 401 2902 474 quaedam
2925 405 3236 476 jucunditas
3279 408 3399 478 puri
3441 408 3660 468 luminis
3703 426 3759 471 et

476 491 746 558 sentiunt;
774 508 894 547 cum
915 507 1044 546 vero
1060 493 1114 547 in
1135 491 1363 562 quadam
1387 494 1666 549 sententiae
1689 502 1843 565 parte
1863 494 2069 549 discor-

477 580 622 646 dant,
668 581 792 636 licet
821 581 1111 652 disciplinae
1139 583 1339 638 virtute
1385 593 1721 654 separentur,
1774 593 1952 639 tamen
2001 585 2069 640 ad

477 669 705 726 invicem
735 676 979 744 corporis
1024 675 1230 730 unitate
1277 677 1605 746 conspirant.
1651 676 1784 732 Cum
1835 679 1948 733 lucc
1997 679 2068 734 ita

479 763 608 831 sint,
639 775 842 835 quanto
873 769 1050 837 potius
1078 770 1281 839 justum
1326 780 1410 825 est
1450 787 1564 836 vos,
1614 773 1790 842 magni
1835 773 1929 827 Dei
1977 775 2072 828 mi-

478 855 697 922 nistros,
723 859 775 913 in
805 860 1081 916 voluntate
1110 863 1382 932 religionis
1410 864 1678 919 alterutris
1701 881 1818 921 esse
1841 882 2069 924 concor-

477 946 1064 1010 des?Consideremus
1113 957 1294 1027 itaque
1340 959 1549 1014 ratione
1589 961 1798 1028 majori,
1852 970 1905 1017 et
1952 979 2068 1018 am-

478 1041 638 1110 pliori
689 1044 1048 1113 intelligentia
1095 1051 1412 1118 cogitemus,
1463 1052 1509 1106 si
1557 1062 1704 1109 recte
1759 1070 1818 1110 se
1872 1056 2072 1112 habeat

477 1142 704 1203 propter
733 1152 897 1206 parva
925 1149 979 1193 et
1009 1156 1145 1195 vana
1173 1157 1483 1198 sermonum
1537 1148 1832 1202 certamina
1877 1149 2071 1206 fratres

477 1225 732 1283 fratribus
763 1233 1043 1298 resultare,
1075 1243 1130 1288 et
1151 1236 1408 1290 honorem
1431 1240 1641 1294 concilii
1671 1256 1768 1310 per
1794 1257 1886 1296 vos
1910 1243 2070 1313 impia

482 1321 831 1375 contentione
883 1323 1213 1394 discerpere,
1265 1327 1390 1381 dum
1436 1329 1501 1382 ad
1562 1330 1792 1384 invicem
1842 1347 1940 1401 pro
1995 1333 2073 1390 sic

480 1411 664 1479 parvis
712 1421 768 1466 et
814 1430 1150 1486 nequaquam
1183 1421 1506 1475 necessariis
1550 1421 1786 1489 litigatis.
1821 1424 2070 1493 Vulgaria

479 1511 607 1554 sunt
633 1503 743 1558 hazc
773 1515 825 1558 et
866 1507 1124 1561 infantum
1169 1510 1503 1567 fatuitatibus
1549 1515 1716 1581 magis
1765 1515 2072 1574 accommo-

483 1591 680 1658 danda,
706 1612 865 1664 quam
890 1615 1169 1654 sacrorum
1195 1603 1432 1658 virorum
1464 1613 1517 1658 et
1548 1607 1887 1672 prudentium
1915 1611 2076 1666 intel-

438 1699 440 1702 '
482 1686 717 1754 ligentiac
748 1707 1005 1746 consona.
1037 1692 1376 1752 Recedamus
1406 1712 1534 1767 ergo
1561 1701 1808 1756 volentes
1833 1718 1863 1756 a
1895 1711 2074 1760 tenta-

2173 493 2298 548 vitae
2319 493 2430 562 jam
2459 494 2654 565 quietze
2683 496 2824 566 apud
2851 513 2937 554 me
2977 499 3160 554 laetitia
3201 511 3587 569 conservetur;
3622 506 3757 562 alio-

2172 587 2298 658 quin
2325 587 2485 644 fuerit
2515 592 2805 646 necessitas
2837 593 3161 663 ingemendi,
3185 605 3240 649 et
3266 611 3479 668 semper
3510 597 3756 672 lacrymis

2172 682 2460 751 ingravari,
2485 690 2541 738 et
2567 701 2793 754 nequam
2823 687 3075 742 saaculum
3101 687 3326 744 libenter
3357 690 3497 747 ferre
3527 694 3752 752 vivendi.

2172 774 2268 828 Dei
2298 791 2529 845 namque
2579 779 2826 848 populos,
2858 780 2910 833 iii
2958 789 3041 834 est
3082 783 3419 840 confamulos
3459 803 3634 854 meos,
3681 793 3756 846 sic

2172 864 2367 933 injuste
2388 876 2442 921 et
2464 870 2622 922 noxia
2644 871 2809 925 vestri
2832 874 3179 929 contentione
3197 875 3419 941 divisos,
3445 887 3755 949 congregari

2167 958 2277 1028 jam
2310 967 2519 1029 tempus
2544 971 2643 1016 est.
2673 960 2740 1016 Ut
2781 973 2957 1017 autem
3003 965 3304 1034 bujusmodi
3352 972 3584 1027 tristitiae
3631 992 3756 1032 mcze

2173 1049 2594 1116 magnitudinem
2635 1053 2902 1118 sentiatis,
2936 1056 3135 1112 audite.
3170 1058 3377 1114 Dudum
3425 1063 3651 1118 veniens
3697 1067 3756 1120 ad

2173 1140 2659 1197 Nicomediensium
2686 1144 2978 1213 civitatem,
3011 1157 3232 1216 repente
3260 1149 3330 1205 ad
3348 1149 3624 1208 Orientem
3643 1172 3759 1225 per-

2174 1248 2300 1303 gere
2331 1237 2670 1292 festinaham.
2702 1236 2947 1308 Cumque
2976 1241 3042 1295 ad
3091 1257 3187 1297 vos
3235 1244 3531 1311 tenderem,
3563 1257 3620 1301 et
3650 1250 3757 1317 plu.

2173 1327 2308 1381 rima
2341 1328 2453 1397 jam
2497 1338 2650 1399 parte
2697 1331 2970 1386 vobiscum
3020 1348 3213 1399 essem,
3244 1335 3401 1404 hujus
3448 1339 3527 1391 rei
3575 1342 3759 1394 nuntio

2175 1433 2290 1472 sum
2322 1428 2562 1474 retentus
2589 1438 2602 1472 :
2638 1437 2706 1475 ne
2731 1423 2902 1477 oculis
2931 1423 3116 1479 videre
3141 1428 3500 1495 compellerer
3526 1444 3648 1497 qum
3670 1433 3760 1485 im-

2174 1510 2429 1580 possibile
2453 1511 2763 1580 jndicaham
2791 1515 2858 1568 ad
2879 1530 3094 1570 sensum
3124 1517 3333 1571 aurium
3382 1535 3542 1588 posse
3570 1537 3759 1589 perve-

2176 1602 2310 1657 nire.
2339 1601 2683 1673 Quapropter
2709 1606 2914 1674 aperite
2929 1605 3041 1674 jam
3073 1607 3203 1660 mihi
3234 1623 3332 1677 per
3359 1618 3593 1663 vestram
3641 1627 3763 1666 cnn-

2177 1697 2416 1751 cordiam
2463 1696 2695 1753 Orientis
2743 1699 2880 1764 vias,
2922 1716 3056 1771 quas
3103 1702 3450 1757 contentione
3503 1704 3762 1760 clausistis

481 1779 716 1836 tionibus
766 1784 1066 1841 diabolicis.
1126 1786 1348 1857 Magnus
1401 1791 1542 1847 Deus
1590 1804 1775 1850 noster
1827 1795 2064 1854 Salvator

2180 1788 2470 1855 alterutra;
2500 1790 2868 1859 velociterque
2899 1792 3026 1845 mihi
3056 1793 3356 1858 concedite,
3388 1810 3596 1864 vosque
3627 1797 3761 1865 ipsos

480 1873 854 1928 universorum
880 1892 1166 1950 commune
1194 1882 1444 1937 omnibus
1469 1883 1649 1940 iumen
1679 1886 1894 1956 effulsit,
1921 1891 2075 1962 cujus

477 1968 813 2034 providentia
866 1972 969 2026 hoc
1017 1988 1217 2040 meum,
1272 1976 1502 2031 ministri
1551 1978 1664 2044 Dci,
1723 1982 1956 2037 studium
2007 1985 2075 2040 ad

479 2062 866 2132 perfectionem
889 2068 1074 2122 venire
1096 2070 1426 2140 permittite;
1455 2081 1514 2128 ut
1534 2090 1630 2129 vos
1656 2075 1795 2131 illius
1817 2079 2072 2148 populum

477 2169 598 2208 mea
629 2157 972 2223 allocutione,
1012 2166 1068 2213 et
1091 2161 1408 2228 ministerio,
1442 2171 1498 2218 et
1524 2166 1835 2221 monitionis
1865 2167 2071 2223 instan-

479 2247 579 2314 tia,
611 2248 678 2301 ad
707 2252 1019 2319 synodalem
1064 2255 1264 2323 possim
1295 2270 1554 2311 revocare
1594 2261 2026 2316 communionem
2052 2281 2067 2316 :

483 2337 633 2405 quia,
656 2338 791 2392 sicut
819 2340 951 2408 dixi,
983 2358 1087 2396 una
1119 2344 1366 2411 qurcdam
1412 2346 1464 2399 in
1508 2347 1661 2404 vobis
1689 2358 1772 2402 est
1820 2349 1970 2417 fides,
2016 2359 2074 2407 et

481 2443 618 2482 unus
665 2433 960 2485 secundum
1001 2450 1098 2489 vos
1145 2437 1410 2490 limreseos
1459 2437 1775 2508 intellectus,
1829 2443 2072 2514 legisque

477 2531 804 2590 praeceptum
835 2524 944 2579 suis
971 2526 1211 2594 partibus
1238 2528 1290 2580 in
1326 2528 1480 2582 unius
1510 2530 1803 2587 voluntatis
1825 2537 2072 2604 proposi-

477 2622 591 2670 tum
625 2618 814 2670 tendit.
851 2618 964 2674 Hoc
996 2636 1124 2689 ergo
1155 2623 1298 2690 quod
1331 2623 1484 2680 vobis
1524 2625 1666 2680 inter
1691 2627 1793 2681 alia
1844 2637 2070 2684 conten-

475 2706 677 2761 tionem
704 2711 979 2777 excitavit,
1013 2714 1266 2780 quoniam
1298 2731 1402 2768 non
1435 2717 1629 2770 attinet
1657 2719 1722 2771 ad
1753 2727 1913 2773 totius
1939 2721 2069 2790 legis

472 2800 748 2865 virtutem,
778 2805 1173 2871 separationem
1199 2809 1484 2875 quamdam
1507 2819 1561 2864 et
1586 2811 1906 2866 seditionem
1927 2813 2069 2869 inter

471 2905 570 2945 vos
600 2907 705 2945 non
737 2893 899 2948 debet
919 2894 1150 2952 efficere.
1179 2899 1308 2954 Dico
1331 2911 1508 2955 autem
1534 2903 1646 2958 haec
1676 2920 1784 2959 non
1811 2913 2066 2975 tanquam

469 2997 668 3052 cogens
695 3001 792 3039 vos
821 2989 1069 3043 omnibus
1100 2990 1273 3044 modis
1296 2992 1418 3045 huic
1445 2995 1577 3048 satis
1603 2996 1820 3064 optimae
1850 3007 1904 3051 et
1931 3013 2066 3066 qua-

468 3073 750 3147 liscunque
800 3080 887 3144 sit,
921 3084 1226 3138 consentire
1274 3087 1590 3153 quiestioni';
1631 3096 1810 3157 potest
1839 3089 1982 3143 enim
2009 3101 2064 3144 et

2179 1891 2232 1937 et
2261 1883 2393 1937 alios
2423 1883 2702 1938 universos
2733 1885 2960 1954 populos
2989 1886 3171 1941 videre
3204 1888 3371 1950 Iaztos.
3405 1901 3460 1944 et
3491 1905 3589 1958 pro
3616 1906 3760 1943 como

2176 1976 2321 2028 muni
2354 1975 2590 2029 omnium
2619 1978 2910 2031 concordia
2942 1993 3007 2032 ac
3035 1978 3278 2034 libertate
3307 1982 3543 2036 debitam
3565 1983 3758 2048 gratia-

2175 2080 2293 2118 rum
2325 2067 2591 2121 actionem
2619 2065 3003 2122 favorabilibus
3037 2069 3264 2138 eloquiis
3297 2071 3404 2125 Deo
3435 2074 3757 2141 persolvere.

2175 2155 2476 2224 Soan'rns,
2509 2158 2600 2214 lib.
2650 2174 2688 2226 Î¹,
2730 2177 2847 2230 cap.
2882 2159 2943 2226 4;
2990 2161 3114 2217 edit.
3169 2161 3358 2217 Christ.
3422 2163 3597 2219 Vales.
3650 2182 3755 2234 cap.

2178 2249 2228 2316 7,
2261 2267 2314 2320 p.
2348 2250 2434 2304 15.

2677 2433 2836 2503 223
2876 2431 3105 2490 CAPUT
3144 2433 3262 2489 xx.

2177 2539 2312 2617 Quia
2331 2549 2445 2617 tant
2475 2559 2567 2617 pro
2597 2543 3108 2617 Arianaqugjstione
3130 2563 3281 2617 quant
3303 2564 3398 2616 pro
3426 2546 3643 2604 Pascha:
3671 2552 3760 2605 de-

2245 2613 2474 2688 ï¬nienda
2497 2615 2773 2688 festivitate
2795 2615 2849 2668 in
2883 2613 3067 2670 Nicwa
3092 2613 3211 2688 {erit
3239 2613 3606 2676 constantius
3628 2623 3758 2676 cele-

2246 2682 2397 2736 brare
2425 2687 2714 2738 concilium.

2244 2796 2552 2853 Alexandro
2581 2798 2846 2867 siquidem
2870 2809 2924 2855 et
2951 2800 3103 2869 Ario,
3136 2817 3276 2858 nunc
3301 2803 3593 2873 culpando,
3624 2821 3754 2861 nunc

2171 2891 2530 2956 admonendo,
2565 2893 2677 2948 haec
2701 2893 2981 2963 scripsisse
3011 2894 3363 2964 dignoscitur.
3390 2896 3642 2952 Graviter
3669 2914 3754 2952 au-

2170 2992 2282 3039 tem
2302 2985 2524 3048 ferebat,
2553 2987 2773 3042 audiens
2797 2989 3004 3057 aliquos
3025 3000 3212 3044 contra
3241 2993 3481 3045 omnium
3503 3002 3752 3047 statutum

2171 3089 2329 3145 agere
2361 3075 2576 3131 Paschae
2609 3077 2975 3134 festivitatem.
3020 3079 3169 3135 Tunc
3197 3083 3396 3137 etenim
3442 3084 3496 3137 in
3543 3085 3754 3139 urbibus

466 3167 645 3223 honor
669 3172 883 3225 concilii
909 3189 939 3227 a
963 3176 1116 3230 vobis
1147 3177 1352 3246 integer
1381 3180 1659 3245 custodiri,
1693 3188 1749 3234 et
1770 3198 1875 3236 una
1897 3193 2060 3253 atque

2169 3165 2399 3222 Orientis
2428 3169 2796 3224 discordantes
2820 3172 3038 3239 quidam
3077 3173 3146 3227 ob
3176 3173 3299 3240 hoc,
3333 3175 3598 3229 alterutra
3645 3177 3753 3246 qui-

467 3264 655 3320 eadem
687 3268 937 3322 omnibus
967 3273 1276 3325 communio
1298 3275 1624 3340 conservari,
1651 3276 1776 3329 licet
1797 3275 1977 3346 aliqua
2008 3277 2060 3331 in

466 3354 615 3408 vobis
647 3358 1042 3425 particulariter
1085 3362 1149 3414 ad
1198 3362 1426 3418 invicem
1464 3381 1563 3434 pro
1614 3382 1779 3436 parvo
1826 3369 2061 3436 quodam

466 3448 746 3501 contentio
778 3460 1104 3516 generetur:
1139 3457 1393 3522 quoniam
1427 3474 1534 3511 non
1572 3475 1760 3513 omnes
1802 3460 1856 3514 in
1883 3463 2060 3516 omni-
2103 3489 2112 3498 Î¹

465 3533 566 3591 bus
596 3537 737 3592 idem
770 3539 1038 3609 volumus,
1070 3559 1244 3612 neque
1273 3562 1376 3598 una
1417 3548 1471 3600 in
1522 3548 1678 3602 nobis
1714 3558 1904 3605 natura
1935 3567 2058 3606 ver-

466 3633 640 3695 satur,
669 3637 762 3682 aut
785 3631 1032 3686 voluntas
1059 3649 1158 3687 una
1193 3638 1555 3703 cognoscitur.
1592 3639 1666 3695 De
1696 3640 1872 3696 divina
1896 3644 2060 3712 siqni-

466 3717 591 3774 dem
623 3720 956 3789 providentia
981 3740 1085 3777 una
1118 3726 1359 3793 quaedam
1412 3728 1464 3782 in
1493 3731 1645 3784 vobis
1674 3731 1744 3784 sit
1772 3731 1919 3798 fides,
1952 3750 2057 3789 una

463 3811 768 3882 prudentia,
803 3827 941 3867 unus
971 3815 1022 3867 in
1047 3814 1158 3869 Deo
1189 3831 1500 3873 consensus.
1535 3820 1664 3887 Quae
1693 3838 1824 3877 vero
1855 3839 1951 3892 pro
1976 3824 2057 3880 his

460 3903 670 3959 frivolis
699 3906 1084 3974 qumstionibus
1113 3908 1255 3963 inter
1284 3910 1571 3968 alterutros
1614 3913 1879 3984 disputata
1911 3926 2054 3985 sunt,

460 3997 590 4053 licet
616 4015 725 4054 non
768 4001 819 4054 in
871 4017 1028 4056 unam
1079 4005 1404 4060 sententiam
1446 4009 1786 4077 colligantur,
1838 4027 2058 4068 manere

461 4098 646 4148 tamen
691 4094 830 4149 intra
888 4111 1104 4152 sensum
1152 4098 1379 4163 debent,
1432 4102 1627 4156 mentis
1683 4101 2057 4160 ineï¬‚abilitate

460 4194 694 4242 servata.
727 4186 1038 4243 Communis
1066 4199 1247 4245 autem
1286 4193 1567 4249 charitatis
1593 4195 1920 4264 prtecipuum
1967 4212 2054 4251 saâ€”

460 4288 818 4346 cramentum,
851 4288 905 4334 et
951 4282 1194 4337 veritatis
1226 4281 1379 4350 fides,
1407 4292 1461 4340 et
1504 4287 1679 4341 honor
1704 4287 1846 4342 circa
1885 4287 2052 4342 Deum

459 4379 625 4440 atque
653 4373 968 4441 religionem
999 4374 1130 4444 legis
1174 4375 1315 4447 apud
1343 4393 1440 4432 vos
1471 4378 1788 4435 inconcusse
1838 4395 2052 4450 perma-

457 4472 606 4518 neat.
639 4463 989 4523 Revertimini
1019 4483 1147 4538 ergo
1173 4469 1241 4524 ad
1265 4471 1554 4526 alterutras
1583 4473 1850 4528 amicitias
1891 4481 2054 4545 atque

2165 3262 2287 3316 dem
2312 3263 2571 3317 societate
2601 3263 2754 3320 divisi
2786 3280 2894 3319 non
2924 3274 3098 3331 erant,
3131 3265 3356 3330 Judaico
3397 3277 3580 3323 tamen
3612 3284 3753 3325 more

2163 3353 2511 3409 festivitatem
2549 3356 2876 3412 dominicam
2922 3359 3288 3424 celebrabant,
3321 3370 3396 3427 et,
3430 3370 3490 3416 ut
3537 3363 3751 3433 assolet,

2162 3450 2502 3520 splendorem
2528 3451 2772 3506 collecta:
2802 3453 2893 3505 tali
2933 3452 3258 3508 discretione
3288 3453 3584 3510 foedabant.
3626 3455 3752 3512 Pro-

2164 3551 2280 3613 pter
2311 3551 2536 3610 utraque
2567 3542 2726 3611 igitur
2746 3543 2982 3611 quietam
3005 3558 3123 3598 esse
3145 3543 3436 3600 Ecclesiam
3467 3543 3750 3602 festinabat

2160 3637 2435 3707 princeps;
2483 3651 2650 3704 seque
2681 3645 2873 3705 putans
2912 3637 3014 3691 hoc
3059 3637 3256 3690 malum
3289 3654 3447 3706 posse
3476 3654 3747 3708 prteoccu-

2159 3743 2289 3798 pare
2316 3735 2607 3797 antequam
2641 3727 2708 3781 ad
2745 3728 3002 3796 plurimos
3038 3729 3363 3798 perveniret,
3407 3730 3554 3784 misit
3583 3732 3749 3785 virum

2159 3819 2300 3872 circa
2329 3833 2388 3872 se
2428 3817 2531 3872 lide
2579 3827 2634 3872 et
2672 3819 2780 3872 vita
2807 3819 2964 3872 simul
2996 3819 3276 3888 insignem,
3311 3828 3364 3874 et
3391 3819 3744 3877 confessioni-

2158 3909 2258 3964 bus
2286 3911 2526 3979 priorum
2558 3918 2862 3981 temporum
2896 3911 3148 3980 dogmate
3193 3915 3630 3983 comprobatum,
3663 3915 3748 3984 qui

2159 4012 2502 4072 compacaret
2545 4001 2663 4074 [Ï„Î·Îµ.
2697 4001 2844 4071 Lyra,
2893 4002 3262 4075 compellaret]
3302 4003 3586 4076 Egyptios
3628 4022 3748 4075 pro-

2159 4105 2278 4166 pter
2332 4097 2526 4164 dogma
2586 4097 3012 4164 tumultuantes,
3069 4105 3124 4152 et
3171 4097 3473 4154 Orientales
3535 4109 3749 4170 propter

2158 4185 2363 4242 Pascha
2393 4186 2686 4242 discordes.
2720 4186 2841 4240 Fuit
2875 4196 3058 4242 autem
3098 4187 3274 4253 Osius,
3321 4187 3583 4243 Cordubae
3625 4192 3748 4245 civi-

2157 4282 2284 4336 tatis
2311 4280 2616 4350 episcOpus.
2665 4280 2904 4349 Cumque
2941 4290 3138 4350 praeter
3178 4285 3328 4350 spem
3368 4285 3532 4336 cansa
3563 4298 3746 4352 proceâ€”

2157 4374 2326 4441 deret,
2355 4382 2410 4428 et
2435 4373 2653 4428 haeresis
2683 4372 2860 4442 potius
2897 4388 3057 4441 quam
3083 4388 3187 4441 pax
3217 4381 3436 4441 sperata
3468 4373 3742 4437 valuisset,

2157 4467 2290 4521 nihil
2320 4467 2616 4535 impetrans
2641 4463 3011 4532 remeavitqui
3033 4463 3209 4518 fuerat
3237 4479 3333 4532 pro
3356 4478 3490 4532 pace
3516 4463 3746 4517 directus

457 4556 722 4625 gratiam;
753 4561 962 4616 reddite
985 4526 1238 4619 universo
1269 4565 1468 4635 populo
1497 4576 1707 4623 vestros
1736 4526 2048 4638 amplexus;
2083 4526 2130 4587 Î¸
2156 4558 2536 4613 Ecclesiarum.
2585 4553 2738 4610 Tunc
2787 4553 2917 4608 illud
2974 4552 3391 4609 famosissimum
3464 4553 3518 4606 in
3573 4551 3744 4607 Nicen

427 4651 665 4718 â€˜vosque
688 4650 850 4719 ipsos,
882 4654 1030 4708 velut
1070 4657 1316 4726 proprias
1363 4657 1569 4714 animas
1609 4659 1888 4731 expiantes
1929 4658 2046 4732 [Î·Î¹Ï‚.

459 4739 608 4812 Lyn,
633 4751 796 4811 atque
817 4757 915 4797 vos
936 4744 1082 4812 ipsos
1098 4748 1290 4802 vestris
1308 4749 1499 4804 amicis
1525 4749 1852 4819 expiantes'l,
1880 4750 2048 4806 alter-

457 4840 610 4888 utros
635 4840 820 4889 rursus
863 4837 1160 4904 agnoscite.
1197 4837 1486 4895 Suaviores
1533 4842 1674 4896 enim
1705 4841 1898 4897 crebro
1926 4853 2052 4897 sunt

455 4926 708 4982 aulicitiaz
753 4937 876 4998 post
921 4928 1322 4986 inimicitiarum
1365 4948 1552 4989 causas
1598 4934 1666 4988 ad
1704 4931 2050 4990 concordiam

453 5021 737 5078 restitutae.
770 5020 1000 5078 Reddite
1027 5036 1157 5092 ergo
1183 5023 1315 5080 mihi
1345 5027 1663 5096 tranquillos
1691 5027 1806 5082 dies
1835 5037 2050 5083 noetes-

2156 4651 2442 4707 concilium
2472 4648 2650 4704 fervor
2681 4646 2938 4718 principis
2971 4645 3225 4702 excitavit
3253 4662 3266 4698 :
3296 4643 3526 4714 publicis
3563 4644 3744 4708 asinis,

2155 4751 2316 4813 atque
2356 4741 2534 4807 mulis,
2561 4747 2617 4794 et
2657 4736 2970 4792 curracibus
3008 4735 3164 4806 equis
3210 4735 3518 4804 episcopos,
3561 4742 3618 4788 et
3664 4733 3748 4804 qui

2156 4848 2279 4888 cum
2312 4832 2390 4886 eis
2417 4838 2589 4897 erant,
2623 4828 2692 4883 ad
2728 4829 3000 4899 synodum
3041 4827 3224 4881 venire
3270 4825 3608 4895 praicipiens.
3651 4825 3748 4880 So-

2159 4939 2379 4985 mnium,
2411 4921 2501 4975 lib.
2534 4937 2572 4990 Î¹,
2604 4937 2721 4987 cap.
2755 4918 2854 4986 15;
2883 4918 3006 4973 edit.
3043 4917 3233 4972 Christ.
3268 4915 3447 4972 Vales.
3497 4933 3616 4988 cap.
3665 4914 3748 4986 16,

2157 5036 2212 5086 p.
2255 5015 2381 5072 429.

464 5144 3735 5180 _____________________________________________

1551 5242 1901 5328 LIBER
1978 5239 2644 5325 SECUNDUS.

877 5469 1041 5544 225.
1073 5469 1305 5527 CAPUT
1343 5468 1634 5526 PRIMUM.

449 5564 532 5624 De
583 5567 896 5640 praesidibus
931 5564 1402 5690 Ecclesiarunirqui
1433 5566 1780 5620 interfuerunt
1829 5563 2050 5621 Nicamo

1123 5654 1265 5690 conc:
1293 5655 1360 5690 Î¹Î¿.

1123 5654 1360 5693 ÏƒÎ¿Î·ÎµÎ¹Î¹Î¹Î¿.

527 5751 1013 5806 Communicabant
1038 5747 1199 5815 igitur
1227 5747 1442 5802 Nicanio
1474 5747 1704 5803 concilio
1735 5748 1856 5814 (An.
1891 5743 2044 5798 Dom.

459 5842 586 5910 59.7)
615 5859 678 5897 ex
709 5843 1018 5912 apostolicis
1041 5838 1260 5910 quidem
1299 5841 1516 5897 sedibus
1563 5840 1830 5897 Macarius
1858 5837 2050 5894 Hiero-

2161 5469 2533 5542 solymitanus,
2577 5463 2890 5520 Eustathius
2919 5461 3030 5532 jam
3079 5460 3373 5532 praesidens
3402 5459 3742 5516 Antiochense

2162 5559 2301 5630 apud
2331 5558 2586 5612 Orontem
2619 5555 2898 5622 Ecclesiae,
2939 5561 2994 5607 et
3043 5552 3348 5607 Alexander
3391 5552 3738 5614 Alexandriae,

2162 5667 2280 5720 qua:
2312 5659 2394 5706 est
2422 5649 2564 5719 apud
2594 5656 2841 5716 stagnum
2875 5645 3113 5699 Mariam.
3140 5643 3312 5698 Julius
3341 5655 3524 5699 autem
3555 5643 3740 5699 Roma-

2161 5757 2260 5794 nus
2291 5741 2576 5810 episcopus
2613 5749 2834 5809 propter
2874 5746 3204 5794 senectutem
3244 5737 3443 5805 defuit;
3491 5745 3740 5806 erantque

2155 5848 2258 5903 pro
2285 5847 2350 5887 eo
2376 5840 2667 5900 pra'sentes
2693 5831 2848 5888 Vitus
2877 5839 2931 5888 ct
2951 5830 3264 5887 Vincentius
3284 5829 3586 5900 presbyteri
3603 5829 3738 5898 ejus-
