4006 6446
148 308 160 322 ⁵
236 302 339 358 Sil

1332 297 1651 359 HISTORIA
1677 297 2118 357 TRIPABTITA.
2159 297 2362 356 LIBER
2398 300 2463 360 11.

3409 303 3516 360 922

241 421 369 476 dem
397 415 667 474 Ecclesiae.
695 417 871 490 Super
894 416 995 475 hos
1023 426 1204 474 autem
1238 428 1295 475 et
1337 418 1426 473 alii
1455 418 1668 489 plurimi
1696 419 1824 475 boni
1851 424 1902 481 Α
1927 418 2278 490 presbyteris,
2307 434 2371 474 ac
2397 419 2733 490 diaconibus,
2763 430 2819 478 et
2842 421 3127 496 acolythis,
3155 439 3386 497 quorum
3415 445 3517 484 nu-

241 522 301 570 et
327 511 516 582 optimi
545 525 612 566 ex
639 511 862 567 diversis
880 510 1126 580 gentibus
1153 519 1542 566 convenerunt.
1577 510 1680 565 Alii
1705 510 1828 579 qui-

243 605 370 662 dem
414 605 480 661 ad
537 605 939 674 intelligendum
986 615 1039 660 et
1087 605 1370 660 dicendum
1422 605 1580 659 nimis
1630 605 1831 672 idonei,

242 699 578 768 scientiaque
623 713 897 753 sacrorum
947 698 1236 764 librorum,
1284 705 1338 752 et
1382 697 1484 751 alia
1534 697 1834 752 eruditione

245 791 600 861 disciplinati,
644 792 874 860 vitaeque
922 790 1116 847 virtute
1146 789 1406 859 praeclari.
1457 787 1559 841 Alii
1604 801 1733 840 vero
1778 786 1834 841 in

242 892 480 953 utroque
506 882 864 953 probatissimi
885 882 1005 948 viri,
1038 897 1267 951 quorum
1297 880 1426 935 utile
1463 879 1649 948 judico
1671 878 1834 932 etiam

243 977 468 1031 nomina
494 991 810 1032 memorare.
836 975 1128 1041 80201133.,
1152 972 1242 1029 lib.
1265 990 1305 1043 ι,
1329 990 1444 1042 cap.
1460 970 1527 1024 16
1543 1013 1558 1040 ,
1580 971 1663 1026 ed.
1687 968 1840 1024 Chri-

243 1069 418 1139 stoph.

153 1142 170 1160 ’
316 1162 599 1232 Tanquam
628 1164 877 1234 stigmata
899 1162 1110 1218 Domini
1133 1159 1260 1216 Jesn
1280 1160 1333 1215 in
1355 1171 1582 1229 corpore
1611 1155 1837 1212 circum-

239 1254 532 1309 ferentium
561 1255 853 1311 secundum
899 1271 1110 1312 sacrum
1155 1251 1490 1324 Apostolum.
1525 1248 1651 1304 Erat
1695 1247 1838 1302 enim

240 1346 484 1403 Jacobus
514 1349 812 1404 Autiochim
839 1348 1157 1420 Mygdoniae,
1195 1361 1355 1416 quam
1385 1344 1504 1416 Syri
1540 1354 1596 1399 et
1636 1341 1840 1413 Assyrii

241 1438 454 1494 Nisibin
502 1440 792 1509 appellant,
845 1440 938 1508 qui
998 1447 1240 1493 mortuos
1283 1435 1640 1499 resuscitavit,
1688 1433 1841 1488 vivos

242 1531 481 1596 curavit,
513 1538 569 1585 et
596 1531 698 1584 alia
727 1532 1004 1585 innumera
1034 1530 1292 1602 probatur
1317 1536 1571 1599 operatus
1600 1541 1719 1581 esse
1741 1525 1841 1580 mi-

240 1624 453 1677 racula.
488 1623 594 1678 Sed
625 1625 738 1680 haec
759 1623 1086 1694 superfluum
1117 1624 1350 1678 arbitror
1373 1622 1500 1676 huic
1527 1620 1679 1692 operi
1720 1635 1842 1674 rur-

239 1729 334 1768 sus
366 1714 630 1779 inserere,
659 1731 777 1784 quae
803 1717 854 1770 in
885 1716 993 1770 Deo
1014 1715 1228 1769 amabili
1252 1713 1474 1769 historia
1501 1712 1660 1768 latius
1679 1725 1840 1766 enar-

1932 529 2113 570 merus
2140 529 2248 569 non
2280 521 2499 584 poterat
2530 517 2932 587 comprehendi.
2976 516 3339 576 Ministrorum
3384 537 3517 580 vero

1933 608 2029 664 Dei
2057 608 2147 662 alii
2173 607 2452 678 sapientiae
2472 623 2723 664 sermone
2750 610 3044 680 fulgebant,
3075 613 3165 668 alii
3186 615 3518 672 Continentia

1933 702 2058 758 vitae
2087 707 2144 756 et
2168 699 2429 771 patientia
2458 699 2845 767 coruscabant;
2870 701 2959 757 alii
2987 718 3117 760 vero
3154 705 3330 761 medio
3355 706 3518 764 modo

1933 797 2128 850 horum
2157 793 2444 849 virtutibus
2470 793 2820 849 ornabantur.
2852 793 3020 850 Erant
3047 796 3209 864 igitur
3247 799 3391 856 inter
3423 815 3520 857 eos

1937 887 2026 942 alii
2055 885 2314 955 temporis
2355 885 2605 940 honorati
2646 884 3058 956 longinquitate,
3101 887 3193 942 alii
3215 888 3516 958 juventnte,

1936 991 1993 1038 et
2015 979 2178 1035 animi
2199 979 2397 1034 robore
2423 978 2820 1049 praemi‘cantes,
2851 979 2943 1048 qui
2973 993 3145 1050 nuper
3171 993 3429 1038 venerant
3453 983 3522 1040 ad

1937 1071 2096 1142 hujus
2141 1070 2424 1126 ministerii
2469 1085 2704 1126 cursum.
2736 1069 2939 1137 Quibus
2979 1070 3230 1128 videlicet
3272 1075 3522 1131 omnibus

1939 1165 2233 1236 imperator
2259 1163 2446 1218 diebus
2469 1163 2795 1233 quotidianis
2822 1163 3019 1218 cibaria
3055 1163 3351 1233 largissime
3377 1166 3524 1220 ordi-

1940 1267 2098 1315 narat
2120 1255 2372 1327 expendi.
2403 1253 2529 1310 Haec
2555 1255 2736 1323 itaque
2757 1255 2824 1310 de
2842 1255 2923 1310 his
2949 1255 3041 1325 qui
3067 1255 3141 1311 ibi
3169 1257 3380 1313 collecti
3401 1267 3526 1314 sunt

1942 1347 2205 1419 Pamphili
2249 1345 2498 1402 recitavit
2551 1344 2836 1400 Eusebius.
2885 1345 3127 1416 Cumque
3199 1348 3526 1406 celebrasset

1941 1442 2238 1511 imperator
2263 1437 2538 1492 victricem
2568 1443 2754 1491 contra
2786 1434 3048 1491 Licinium
3077 1434 3441 1506 festivitatem,
3474 1447 3528 1494 et

1942 1535 2058 1606 ipse
2085 1531 2316 1588 occurrit
2347 1530 2415 1585 ad
2440 1529 2692 1586 Nicaeam.
2715 1527 3004 1584 Clarebant
3032 1538 3211 1584 autem
3234 1531 3374 1586 inter
3411 1533 3528 1606 epi-

1941 1603 2138 1696 scopos
2167 1623 2499 1695 Paphnutius
2527 1637 2595 1676 ex
2623 1620 2888 1691 superiori
2917 1620 3210 1684 Thebaide,
3260 1631 3315 1676 et
3360 1603 3530 1692 Spiri-

1945 1717 2070 1774 dion
2097 1715 2344 1788 Cyprius.
2372 1713 2536 1782 Cujus
2565 1721 2744 1767 autem
2771 1711 2849 1767 rei
2872 1727 3033 1768 causa
3066 1712 3257 1766 horum
3287 1715 3530 1783 memini,

238 1807 380 1862 ravi.
411 1805 612 1862 Paulus
640 1807 1025 1871 Neocaesareac,
1052 1807 1197 1878 quod
1225 1815 1308 1862 est
1336 1815 1570 1862 castrum
1601 1804 1836 1875 positum
1866 1815 1916 1878 Β
1939 1818 2128 1883 postea
2168 1824 2286 1862 sum
2337 1805 2594 1862 dicturus.
2642 1803 2936 1871 Socna'rss,
2981 1802 3071 1859 lib.
3103 1820 3143 1873 ι,
3173 1820 3290 1875 cap.
3318 1801 3380 1872 5;
3403 1805 3531 1863 edit.

239 1897 396 1968 juxta
428 1901 573 1971 ripas
601 1899 911 1969 Euphratis.
943 1899 992 1955 Is
1031 1898 1173 1953 enim
1215 1897 1404 1952 Licinii
1432 1895 1582 1950 rabie
1611 1893 1836 1950 demoli-

243 1999 331 2047 tus
360 1999 468 2048 est.
497 1992 696 2047 Ambas
730 1992 873 2048 enim
903 2005 1096 2045 manus
1126 1990 1314 2060 ligatas
1357 1989 1618 2044 habuerat
1642 1986 1838 2054 ignito-

241 2100 353 2155 que
381 2086 528 2141 ferro
555 2086 880 2152 combustas.
907 2100 1014 2154 quo
1044 2084 1256 2139 fuerant
1298 2083 1450 2139 nervi
1488 2077 1839 2137 articulorum

242 2175 364 2244 ejus
403 2191 435 2230 a
476 2191 572 2232 sua
611 2176 908 2231 mobilitate
937 2175 1120 2231 siccati
1150 2182 1311 2244 atque
1354 2171 1682 2228 mortificati.
1736 2169 1841 2225 Alii

241 2281 379 2320 vero
401 2265 837 2320 dextros-oculos
859 2265 1084 2320 effossos
1125 2265 1448 2328 habuerunt,
1493 2263 1583 2316 alii
1623 2261 1842 2316 dextras

242 2369 405 2409 suras
429 2355 708 2411 abscissus.
755 2354 905 2411 Unus
934 2357 1125 2410 horum
1155 2362 1269 2410 erat
1301 2354 1634 2424 Paphnutius
1675 2351 1843 2422 Egy-

243 2448 413 2518 ptius.
448 2446 515 2502 Et.
543 2449 788 2504 absolute
826 2449 1106 2504 videbatur
1135 2449 1205 2504 ibi
1247 2448 1476 2520 populus
1515 2449 1843 2503 athletarum

246 2539 448 2595 Christi
480 2549 536 2596 et
573 2551 865 2615 martyrum
896 2543 951 2598 in
982 2559 1088 2599 uno
1115 2543 1236 2599 loco
1266 2551 1733 2613 congregatorum.
1767 2541 1845 2597 De

247 2635 446 2704 quibus
473 2644 528 2690 et
553 2633 814 2689 Eusebius
841 2633 1118 2706 Pamphyli
1150 2635 1310 2690 tertio
1330 2635 1469 2690 libro
1496 2635 1549 2688 in
1579 2633 1845 2689 Constan-

248 2728 348 2781 tini
383 2727 506 2782 Vita
555 2728 668 2782 haec
707 2727 782 2782 ita
837 2727 988 2782 dicit.
1036 2727 1433 2782 Tnsononmus
1497 2726 1588 2780 lib.
1636 2742 1676 2782 ι.
1725 2742 1838 2781 cap.

249 2819 305 2890 7,
329 2841 382 2892 ρ.
410 2820 497 2874 24.

321 2913 656 2970 Cunctarum
697 2912 861 2981 igitur
887 2911 1251 2968 Ecclesiarum
1292 2925 1412 2981 quae
1457 2917 1629 2966 totam
1675 2909 1849 2966 Euro-

249 3022 402 3077 pam,
437 3005 791 3079 Libyamque,
833 3013 888 3060 et
932 3007 1112 3061 Asiam
1142 3006 1444 3076 replebant,
1488 3005 1648 3060 simul
1692 3012 1850 3060 erant

253 3098 627 3152 ministrorum
659 3098 753 3152 Dei
788 3107 1044 3168 congesta
1074 3099 1378 3164 cacumina;
1408 3113 1622 3168 unaque
1647 3097 1850 3153 oratio-

1943 1899 2135 1956 Christ.
2177 1897 2354 1953 Vales.
2387 1913 2502 1968 cap.
2533 1896 2588 1964 8,
2619 1914 2671 1964 p.
2699 1895 2788 1950 19.

2572 2052 2801 2109 CAPUT
2837 2053 2902 2110 II.

1943 2169 2024 2225 De
2059 2167 2246 2224 libellis
2275 2163 2460 2220 oblatis
2485 2149 2818 2234 imperatori,
2848 2172 2898 2218 et
2926 2165 2990 2218 ab
3019 2180 3078 2219 eo
3101 2163 3269 2234 jussis
3292 2163 3535 2234 incendi,

2215 2247 2261 2292 et
2289 2237 2353 2290 de
2382 2235 2731 2304 disputatione
2759 2235 3018 2313 dogmatis
3047 2235 3252 2289 Ariani.

2015 2353 2254 2408 Aderant
2302 2351 2487 2421 itaque
2537 2365 2661 2406 cum
2709 2350 2980 2422 episcopis
3007 2351 3110 2406 viri
3161 2350 3540 2422 disputationis

1945 2443 2156 2516 experti
2181 2441 2362 2497 verbis
2385 2482 2400 2508 ,
2449 2440 2732 2496 studentes
2759 2440 3020 2511 prodesse
3060 2441 3314 2497 concilio.
3348 2439 3419 2496 Ut
3452 2455 3543 2496 au-

1945 2545 2057 2592 tem
2085 2535 2286 2591 assolet
2333 2531 2468 2598 ﬁeri,
2516 2531 2733 2603 plurimi
2783 2532 3125 2588 sacerdotum
3155 2540 3413 2604 tanquam
3441 2547 3542 2604 pro

1947 2626 2124 2683 causis
2151 2623 2383 2696 propriis
2423 2623 2709 2678 decertare
2737 2623 2973 2686 collecti,
3022 2631 3236 2693 tempus
3285 2638 3346 2678 se
3392 2623 3544 2679 inve-

1947 2719 2092 2774 nisse
2137 2723 2392 2788 putarunt
2439 2730 2547 2786 quo
2591 2715 2953 2784 corrigeretur
2991 2715 3139 2784 quod
3187 2715 3544 2772 contristabat

1947 2826 2077 2875 eos;
2101 2817 2156 2864 et
2182 2808 2250 2864 de
2276 2807 2471 2878 quibus
2500 2807 2664 2861 alium
2694 2807 3065 2876 unusquisque
3093 2805 3234 2862 forte
3260 2807 3543 2878 culpabat,

1948 2901 2186 2959 libellum
2227 2898 2459 2954 offerens
2485 2899 2753 2969 principi,
2785 2914 2905 2970 quae
2955 2900 3008 2954 in
3037 2913 3103 2954 eo
3151 2899 3366 2954 fuerant
3404 2915 3546 2954 cout-

1949 2993 2114 3052 missa
2144 2991 2418 3048 narrabat.
2457 2989 2700 3061 Cumque
2747 2990 2854 3046 hoc
2899 2989 3144 3061 quotidie
3165 2989 3322 3046 facile
3351 3006 3547 3061 prove-

1951 3088 2096 3143 niret
2118 3128 2134 3156 ,
2165 3085 2424 3157 praecepit
2451 3084 2746 3156 imperator
2768 3091 2921 3140 certo
2949 3083 3038 3139 die
3071 3083 3312 3153 singulos
3337 3083 3404 3139 de
3426 3083 3547 3153 qui-

257 3190 346 3245 nis
376 3189 568 3246 domus
591 3198 844 3260 tanquam
871 3207 902 3246 a
924 3179 1035 3247 Deo
1056 3191 1278 3246 dilatata
1307 3191 1627 3248 intrinsecus
1645 3191 1850 3246 ferebat

1955 3180 2055 3236 bus
2106 3179 2268 3233 alium
2323 3177 2606 3247 culparent
2652 3175 2829 3232 facere
2885 3175 3247 3232 manifestum.
3307 3175 3550 3246 Cumque

257 3298 451 3340 omnes
474 3283 526 3338 in
550 3283 712 3350 idem,
739 3283 904 3357 Syros
923 3285 1100 3350 simul,
1127 3291 1185 3349 et
1199 3282 1413 3352 Cilicas,
1440 3282 1850 3352 Phoenicasque,

256 3381 314 3430 et
343 3373 574 3442 Arabes,
607 3384 768 3446 atque
797 3374 1134 3443 Palaestinos,
1165 3376 1307 3431 inter
1333 3377 1431 3431 hos
1460 3383 1516 3430 et
1544 3374 1848 3447 Egyptios,

256 3465 545 3534 Thebaeas,
586 3467 798 3541 Libyas,
839 3486 941 3526 nec
977 3487 1084 3525 non
1123 3478 1180 3526 et
1225 3469 1316 3539 qui
1356 3485 1425 3524 ex
1464 3468 1852 3539 Mesopotamia

255 3559 528 3624 oriuntur,
561 3559 653 3614 sed
681 3561 844 3615 etiam
873 3559 1034 3616 Persa
1058 3561 1122 3615 ad
1151 3560 1440 3615 concilium
1472 3561 1616 3616 venit
1645 3561 1857 3631 episco-

259 3666 377 3722 pus.
403 3650 611 3707 Verum
643 3667 742 3707 nec
771 3652 972 3724 Scytha
1000 3653 1166 3708 defuit
1187 3668 1255 3708 ex
1282 3669 1469 3709 eorum
1499 3652 1687 3720 choro,
1712 3651 1857 3709 Pon-

258 3753 477 3816 tusque,
509 3752 564 3800 et
589 3744 732 3810 Asia,
768 3743 1024 3818 Phrygia,
1054 3753 1110 3800 et
1150 3743 1464 3818 Pamphylia
1484 3745 1630 3801 viros
1659 3746 1854 3816 proba-

257 3835 500 3892 tissimos
520 3834 882 3906 praebuerunt.
907 3835 1144 3892 Aderant
1158 3835 1416 3903 Thraces,
1439 3845 1494 3891 et
1513 3836 1849 3906 Macedones,

261 3929 448 3985 Achivi
481 3938 536 3984 et
584 3927 840 4000 Epirotae,
873 3939 928 3985 et
956 3930 1146 3984 horum
1187 3946 1402 4001 quoque
1432 3931 1655 3986 interius
1695 3932 1852 3986 habi-

263 4028 462 4076 tantes.
499 4018 618 4089 lpse
638 4029 818 4076 autem
849 4020 1210 4092 Hispanorum
1255 4023 1410 4079 valde
1439 4023 1675 4079 famosus
1699 4023 1856 4081 Osius

263 4125 401 4164 unus
424 4119 562 4175 erat,
587 4120 640 4165 et
668 4112 826 4166 simul
855 4112 1098 4182 plurimis
1125 4114 1412 4170 assidebat.
1445 4114 1522 4170 De
1550 4117 1695 4184 regia
1723 4131 1853 4171 vero

255 4201 486 4284 civitate
510 4205 702 4273 praesul
731 4202 1036 4260 Alexander
1057 4214 1276 4276 propter
1296 4215 1628 4262 senectutem
1651 4206 1854 4274 defuit;

266 4297 569 4368 presbyteri
622 4313 752 4352 vero
807 4307 1100 4366 praesentes
1143 4299 1320 4353 locum
1369 4298 1484 4367 ejus
1539 4299 1854 4369 implebant.

257 4377 456 4442 Talem
479 4389 662 4456 itaque
682 4403 713 4442 a
734 4389 929 4442 saeculo
949 4389 1096 4444 solus
1117 4405 1255 4445 unus
1274 4391 1571 4461 imperator
1588 4391 1858 4447 Constan-

269 4477 416 4531 tinus
446 4475 658 4531 Christo
707 4492 964 4533 coronam
1006 4479 1221 4534 vinculo
1257 4481 1404 4550 pacis
1429 4496 1716 4547 exornans,
1760 4498 1858 4539 suo

1954 3271 2070 3327 dies
2091 3271 2382 3326 constituta
2412 3269 2686 3333 venisset,
2719 3267 2930 3324 libellos
2957 3263 3170 3324 oblatos
3201 3268 3506 3339 suscipiens
3531 3308 3547 3336 ,

1962 3381 1982 3416 ι
2014 3360 2108 3418 Hae
2128 3361 2346 3432 quidem
2385 3360 2774 3438 accusationes,
2810 3361 3002 3431 inquit,
3035 3371 3247 3431 tempus
3275 3360 3551 3416 habebunt

1951 3454 2254 3528 proprium,
2286 3452 2340 3508 id
2359 3461 2461 3518 est,
2490 3452 2634 3508 diem
2681 3453 2859 3522 magni
2885 3451 3109 3522 judicii,
3139 3449 3388 3508 Judicem
3415 3467 3546 3509 vero

1951 3544 2106 3600 illum
2151 3543 2244 3613 qui
2274 3551 2401 3598 tunc
2428 3542 2638 3598 futurus
2682 3551 2766 3598 est
2813 3543 3064 3599 omnibus
3109 3539 3375 3612 judicare.
3423 3541 3553 3598 Mihi

1954 3653 2087 3709 ergo
2109 3639 2314 3694 homini
2342 3638 2635 3695 constituto
2659 3680 2676 3708 ,
2709 3637 2777 3694 de
2805 3637 3114 3710 hujusmodi
3142 3641 3306 3696 rebus
3332 3656 3444 3696 non
3485 3639 3554 3697 li-

1955 3739 2042 3786 cet
2057 3732 2258 3787 habere
2274 3731 2598 3787 auditorium
2614 3731 2736 3804 [ms.
2753 3729 2878 3803 Lyr.
2889 3731 3199 3804 ,auditum],
3212 3732 3554 3791 sacerdotum

1954 3825 2162 3882 scilicet
2183 3827 2548 3881 accusantium
2578 3827 2737 3881 simul
2766 3835 2822 3882 et
2847 3835 3247 3894 accusatorum,
3281 3842 3420 3897 quos
3448 3829 3552 3884 mi-

1955 3918 2100 3973 nime
2129 3917 2382 3974 convenit
2397 3917 2532 3972 tales
2552 3916 2750 3973 debere
2779 3918 3090 3986 monstrari,
3117 3917 3209 3986 qui
3230 3915 3544 3986 judicentur

1957 4011 2026 4066 ab
2055 4010 2194 4066 aliis.
2228 4009 2340 4078 Age
2368 4024 2512 4064 nunc
2550 4009 2826 4063 imitantes
2847 4009 3082 4063 divinam
3123 4007 3465 4063 clementiam
3494 4007 3552 4064 in

1957 4104 2338 4158 alterutrorum
2367 4102 2579 4156 veniam
2603 4101 2991 4167 condonantes,
3021 4102 3399 4157 accusationes
3420 4101 3556 4157 abo-

1957 4197 2164 4252 leamus
2193 4195 2514 4260 alterutras;
2542 4195 2687 4249 etde
2717 4194 2800 4249 his
2829 4208 2950 4264 quae
2976 4193 3046 4250 ad
3090 4193 3249 4250 fidem
3281 4195 3556 4265 pertinent

1959 4299 2122 4354 agere
2157 4283 2503 4348 Studeamus,
2569 4283 2722 4352 cujus
2754 4283 2859 4338 huc
2906 4285 3079 4354 gratia
3127 4286 3496 4342 convenimus.
3528 4305 3550 4341 ι

1960 4376 2090 4430 Haec
2113 4373 2376 4447 siquidem
2404 4373 2698 4445 imperator
2739 4375 2945 4441 dicens,
2992 4377 3411 4448 uniuscujusque
3436 4379 3559 4436 scri-

1962 4481 2176 4542 pturam
2194 4480 2408 4534 vacare,
2428 4475 2484 4522 et
2505 4466 2715 4522 libellos
2737 4465 2899 4536 jussit
2925 4466 3149 4536 ardere;
3173 4468 3423 4540 diemque
3449 4469 3548 4528 de-

270 4565 538 4621 Salvatori
584 4565 654 4628 de
702 4566 929 4623 victoria
968 4568 1311 4624 inimicorum
1361 4579 1416 4625 et
1463 4572 1698 4626 hostium
1747 4572 1850 4629 Deo

1965 4561 2135 4618 finivit
2182 4575 2288 4630 qua
2329 4560 2465 4617 solvi
2511 4575 2632 4630 quae
2680 4568 2837 4617 erant
2863 4561 3025 4618 dubia
3050 4563 3383 4620 conveniret.
3415 4565 3557 4624 Ante

274 4659 559 4714 docibilem
598 4658 703 4732 [ed.
750 4668 800 4714 et
827 4677 924 4715 ms.
966 4659 1276 4728 Santheod.,
1307 4661 1610 4735 decibilem]
1641 4663 1858 4720 dedica-

273 4753 382 4818 vit;
414 4753 708 4820 gratiarum
735 4753 963 4808 actionis
988 4754 1270 4822 imaginem
1291 4756 1583 4812 secundum
1606 4773 1705 4814 nos
1730 4773 1862 4829 apo-

278 4842 468 4896 stolica
500 4842 778 4912 plausione
807 4845 1161 4900 constituens.
1192 4845 1340 4902 Tunc
1368 4847 1529 4918 igitur
1562 4849 1652 4904 ille
1679 4865 1858 4906 sermo

281 4934 580 5002 completus
607 4942 726 4988 est:
763 4933 1034 4990 Collectos
1080 4953 1144 4990 ea:
1185 4939 1421 4992 omnibus
1461 4942 1716 5011 gentibus,
1749 4956 1862 5014 qua:

282 5021 371 5074 sub
401 5025 526 5079 caelo
552 5033 688 5090 sunt,
722 5027 855 5079 viros
884 5027 1169 5098 religiosos,
1198 5028 1338 5083 inter
1365 5045 1499 5098 quos
1531 5040 1686 5085 erant
1729 5030 1867 5086 Par-

284 5115 375 5182 thi,
407 5126 454 5170 et
485 5116 648 5180 Medi,
682 5129 730 5171 et
772 5105 1036 5184 Elamitw,
1087 5132 1134 5174 et
1176 5125 1260 5194 qui
1308 5124 1541 5182 habitant
1569 5124 1868 5198 Mesopota-

286 5209 462 5277 iniam,
491 5209 732 5263 Judwam
780 5219 825 5263 et
867 5209 1269 5282 Cappadociam,
1308 5213 1532 5269 Pontum
1583 5225 1631 5268 et
1671 5216 1868 5282 Asiam,

291 5297 572 5372 Phrygiam
597 5310 646 5354 et
681 5300 1061 5372 Pamphyliam,
1099 5303 1386 5374 Ai'gyplum
1433 5317 1480 5359 et
1508 5315 1680 5374 partes
1705 5308 1865 5378 225

291 5385 463 5460 Libyae
487 5409 632 5446 secus
662 5391 928 5462 Cyrenen,
964 5402 1012 5446 et
1054 5394 1261 5448 advenat:
1306 5395 1564 5462 Romani,
1599 5396 1772 5451 Juda'i
1819 5406 1868 5452 et

291 5483 550 5554 proselytt',
603 5483 774 5538 Cretes
816 5493 866 5538 et
905 5482 1099 5538 Arabes
1144 5485 1277 5557 (Act.
1319 5503 1374 5550 tt,
1417 5485 1470 5555 5,
1503 5489 1556 5555 9,
1616 5488 1701 5555 10,
1752 5488 1866 5562 il).

294 5569 669 5630 Verumtamen
702 5576 804 5632 hoc
833 5575 934 5630 illis
956 5575 1159 5642 deerat,
1214 5577 1357 5646 quod
1409 5595 1535 5643 non,
1581 5579 1717 5635 sicut
1759 5581 1866 5646 isti,

299 5679 482 5722 omnes
509 5683 576 5723 ex
607 5669 701 5724 Dei
729 5671 984 5726 ministris
1012 5671 1196 5740 utique
1223 5673 1606 5729 consistebant.
1636 5673 1693 5728 ln
1735 5690 1881 5746 prae--

301 5761 433 5812 senti
468 5761 728 5830 siquidem
772 5763 940 5817 choro
980 5762 1268 5819 multitudo
1308 5773 1426 5819 erat
1476 5767 1875 5839 episcoporum,

306 5865 582 5908 numerum
631 5863 992 5913 trecentorum
1043 5857 1338 5929 excedens,
1388 5862 1738 5932 sequentibus
1781 5877 1878 5923 eos

1963 4655 2315 4710 constitutum
2333 4668 2464 4709 vero
2489 4653 2872 4710 convenientes
2909 4655 3052 4725 apud
3091 4657 3412 4728 semetipsos
3439 4657 3557 4730 epi-

1965 4747 2116 4816 scopi
2136 4754 2501 4802 evocaverunt
2549 4745 2754 4811 Arium,
2788 4754 2842 4802 et
2869 4747 3160 4818 propositis
3189 4747 3244 4804 in
3271 4765 3558 4806 commune

1967 4841 2077 4896 suis
2106 4839 2448 4911 opinionibus
2470 4838 2837 4910 disputabant.
2869 4839 3130 4910 Cumque,
3162 4849 3223 4895 ut
3243 4841 3466 4910 assolet,
3489 4841 3558 4898 ad

1966 4933 2206 4989 diversas
2252 4933 2577 5004 quaestiones
2625 4947 2786 4987 causa
2831 4935 3165 4999 traheretur,
3218 4933 3308 4988 alii
3336 4933 3558 5003 quidem

1965 5027 2263 5084 suadebant
2317 5025 2453 5080 nihil
2502 5025 2874 5080 inuovandum
2919 5025 3062 5081 circa
3105 5024 3380 5094 antiquam
3435 5024 3560 5082 fidei

1968 5117 2332 5183 traditionem,
2379 5125 2434 5171 et
2470 5117 2707 5171 maxime
2732 5117 2952 5186 quando
3003 5131 3214 5172 morum
3245 5115 3560 5186 simplicitas

1968 5213 2085 5268 sine
2112 5213 2542 5283 perscrutatione
2571 5213 2904 5279 tradebatur,
2934 5209 3317 5266 accedentibus
3342 5211 3407 5266 ad
3431 5211 3562 5269 lldei

1974 5315 2391 5364 sacramentum.
2425 5305 2528 5360 Alii
2553 5321 2684 5362 vero
2712 5303 3120 5375 respondebant
3159 5319 3265 5358 non
3309 5311 3564 5374 oportere

1974 5397 2092 5454 sine
2119 5397 2516 5452 examinatione
2543 5397 2696 5467 sequi
2725 5393 3022 5451 sententias
3052 5393 3418 5462 antiquorum.
3445 5391 3573 5449 Plu-'

1975 5491 2098 5547 rimi
2111 5507 2242 5547 vero
2259 5500 2388 5548 tunc
2407 5489 2840 5547 convenientium
2864 5487 3240 5558 episcoporum
3257 5495 3314 5542 et
3340 5501 3570 5556 sequen-

1981 5585 2111 5640 tium
2141 5599 2236 5640 eos
2287 5585 2629 5649 clericorum,
2658 5580 2894 5637 scientes
2935 5577 3231 5650 disputare,
3262 5576 3568 5646 hujusmodi

1981 5677 2347 5733 elocutionum
2375 5683 2491 5730 arte
2511 5673 2791 5728 exercitati
2820 5671 3150 5735 claruerunt,
3176 5677 3232 5725 et
3256 5669 3572 5740 imperatori

1985 5779 2148 5840 atque
2197 5770 2281 5824 his
2307 5769 2399 5838 qui
2428 5767 2571 5822 circa
2618 5780 2741 5844 eum
2787 5772 2944 5820 erant
2981 5763 3097 5819 noti
3136 5771 3263 5819 sunt
3288 5764 3438 5820 facti.
3494 5763 3574 5822 Ex

1989 5863 2093 5921 illis
2121 5861 2265 5920 enim
2291 5867 2349 5919 et
2383 5858 2711 5918 Athanasius
2737 5866 2865 5916 tunc
2885 5856 3144 5918 diaconus
3161 5855 3420 5926 existens,
3444 5857 3572 5916 dum
