  <div class='ocr_page' id='page_1' title='image "/cluster/home/n/w/nwhite01/storage/ocr_20150623/69/hvd.32044015469349/469.png"; bbox 0 0 4006 6456; ppageno 0'>
   <div class='ocr_carea' id='block_1_1' title="bbox 464 298 2528 369">
    <p class='ocr_par' dir='ltr' id='par_1_1' title="bbox 464 298 2528 369">
     <span class='ocr_line' id='line_1_1' title="bbox 464 298 2528 369; baseline -0.002 0"><span class='ocrx_word' id='word_1_1' title='bbox 464 308 574 369; x_wconf 73' lang='lat'><strong>923</strong></span> <span class='ocrx_word' id='word_1_2' title='bbox 1694 307 1764 365; x_wconf 77' lang='lat' dir='ltr'><strong>tt.</strong></span> <span class='ocrx_word' id='word_1_3' title='bbox 1813 298 2092 366; x_wconf 75' lang='lat' dir='ltr'><strong>AURELII</strong></span> <span class='ocrx_word' id='word_1_4' title='bbox 2131 305 2528 366; x_wconf 64' lang='lat' dir='ltr'><strong>cassnooom</strong></span> 
     </span>
    </p>
   </div>
   <div class='ocr_carea' id='block_1_2' title="bbox 461 409 3133 501">
    <p class='ocr_par' dir='ltr' id='par_1_2' title="bbox 461 409 3133 501">
     <span class='ocr_line' id='line_1_2' title="bbox 461 409 3133 501; baseline 0 -12"><span class='ocrx_word' id='word_1_5' title='bbox 461 451 583 490; x_wconf 88' lang='lat' dir='ltr'><strong>eum</strong></span> <span class='ocrx_word' id='word_1_6' title='bbox 614 432 919 488; x_wconf 74' lang='lat' dir='ltr'><strong>Alexandro</strong></span> <span class='ocrx_word' id='word_1_7' title='bbox 941 428 1561 501; x_wconf 70' lang='lat' dir='ltr'><strong>essetepiscopo,~hujus</strong></span> <span class='ocrx_word' id='word_1_8' title='bbox 1586 429 1748 486; x_wconf 86' lang='lat' dir='ltr'><strong>studii</strong></span> <span class='ocrx_word' id='word_1_9' title='bbox 1779 441 1906 500; x_wconf 86' lang='lat' dir='ltr'><strong>pars</strong></span> <span class='ocrx_word' id='word_1_10' title='bbox 1933 443 2056 484; x_wconf 89' lang='lat' dir='ltr'><strong>esse</strong></span> <span class='ocrx_word' id='word_1_11' title='bbox 2085 431 2143 493; x_wconf 74' lang='grc' dir='ltr'><strong>Α</strong></span> <span class='ocrx_word' id='word_1_12' title='bbox 2775 427 3008 488; x_wconf 81' lang='lat' dir='ltr'><strong>CAPUT</strong></span> <span class='ocrx_word' id='word_1_13' title='bbox 3043 409 3133 490; x_wconf 49' lang='lat' dir='ltr'><strong>I&#39;V&#39;.</strong></span> 
     </span>
    </p>
   </div>
   <div class='ocr_carea' id='block_1_3' title="bbox 462 519 3776 607">
    <p class='ocr_par' dir='ltr' id='par_1_3' title="bbox 462 519 3776 607">
     <span class='ocr_line' id='line_1_3' title="bbox 462 519 3776 607; baseline 0.004 -26"><span class='ocrx_word' id='word_1_14' title='bbox 462 525 694 582; x_wconf 83' lang='lat' dir='ltr'><strong>maxima</strong></span> <span class='ocrx_word' id='word_1_15' title='bbox 721 521 1021 588; x_wconf 80' lang='lat' dir='ltr'><strong>videbatur,</strong></span> <span class='ocrx_word' id='word_1_16' title='bbox 1073 535 1175 576; x_wconf 90' lang='lat' dir='ltr'><strong>nec</strong></span> <span class='ocrx_word' id='word_1_17' title='bbox 1229 529 1442 577; x_wconf 89' lang='lat' dir='ltr'><strong>non.et</strong></span> <span class='ocrx_word' id='word_1_18' title='bbox 1489 521 1706 591; x_wconf 87' lang='lat' dir='ltr'><strong>quidam</strong></span> <span class='ocrx_word' id='word_1_19' title='bbox 1737 520 2049 576; x_wconf 65' lang='lat' dir='ltr'><strong>(ir-iecorum</strong></span> <span class='ocrx_word' id='word_1_20' title='bbox 2163 519 2430 605; x_wconf 74' lang='lat' dir='ltr'><strong>Quomodo</strong></span> <span class='ocrx_word' id='word_1_21' title='bbox 2486 522 2539 575; x_wconf 88' lang='lat' dir='ltr'><strong>in</strong></span> <span class='ocrx_word' id='word_1_22' title='bbox 2583 523 3184 607; x_wconf 51' lang='grc' dir='ltr'><strong>ςοῃίιίεεᾳηλιεπᾳὴάετ.</strong></span> <span class='ocrx_word' id='word_1_23' title='bbox 3229 527 3776 607; x_wconf 72' lang='lat' dir='ltr'><strong>Constana‘mpoleos</strong></span> 
     </span>
    </p>
   </div>
   <div class='ocr_carea' id='block_1_4' title="bbox 3655 305 3780 380">
    <p class='ocr_par' dir='ltr' id='par_1_4' title="bbox 3655 305 3780 380">
     <span class='ocr_line' id='line_1_4' title="bbox 3655 305 3780 380; baseline 0 -3"><span class='ocrx_word' id='word_1_24' title='bbox 3655 305 3780 380; x_wconf 54' lang='lat' dir='ltr'><strong>ait</strong></span> 
     </span>
    </p>
   </div>
   <div class='ocr_carea' id='block_1_5' title="bbox 459 613 2050 687">
    <p class='ocr_par' dir='ltr' id='par_1_5' title="bbox 459 613 2050 687">
     <span class='ocr_line' id='line_1_5' title="bbox 459 613 2050 687; baseline -0.002 -17"><span class='ocrx_word' id='word_1_25' title='bbox 459 616 901 687; x_wconf 88' lang='lat' dir='ltr'><strong>philosophorum</strong></span> <span class='ocrx_word' id='word_1_26' title='bbox 971 620 1278 683; x_wconf 71' lang='lat' dir='ltr'><strong>opportune</strong></span> <span class='ocrx_word' id='word_1_27' title='bbox 1353 614 1544 668; x_wconf 86' lang='lat' dir='ltr'><strong>harum</strong></span> <span class='ocrx_word' id='word_1_28' title='bbox 1620 613 2050 683; x_wconf 76' lang='lat' dir='ltr'><strong>disputationum</strong></span> 
     </span>
    </p>
   </div>
   <div class='ocr_carea' id='block_1_6' title="bbox 459 697 2053 780">
    <p class='ocr_par' dir='ltr' id='par_1_6' title="bbox 459 697 2053 780">
     <span class='ocr_line' id='line_1_6' title="bbox 459 697 2053 780; baseline -0.003 -15"><span class='ocrx_word' id='word_1_29' title='bbox 459 697 758 780; x_wconf 80' lang='lat' dir='ltr'><strong>quaestione</strong></span> <span class='ocrx_word' id='word_1_30' title='bbox 797 709 1104 780; x_wconf 90' lang='lat' dir='ltr'><strong>partieipati</strong></span> <span class='ocrx_word' id='word_1_31' title='bbox 1145 715 1308 763; x_wconf 86' lang='lat' dir='ltr'><strong>sunt:</strong></span> <span class='ocrx_word' id='word_1_32' title='bbox 1341 707 1432 762; x_wconf 84' lang='lat' dir='ltr'><strong>alii</strong></span> <span class='ocrx_word' id='word_1_33' title='bbox 1468 705 1684 777; x_wconf 86' lang='lat' dir='ltr'><strong>quidem</strong></span> <span class='ocrx_word' id='word_1_34' title='bbox 1714 707 1874 776; x_wconf 81' lang='lat' dir='ltr'><strong>quale</strong></span> <span class='ocrx_word' id='word_1_35' title='bbox 1907 715 2053 762; x_wconf 85' lang='lat' dir='ltr'><strong>esset</strong></span> 
     </span>
    </p>
   </div>
   <div class='ocr_carea' id='block_1_7' title="bbox 460 794 2116 869">
    <p class='ocr_par' dir='ltr' id='par_1_7' title="bbox 460 794 2116 869">
     <span class='ocr_line' id='line_1_7' title="bbox 460 794 2116 869; baseline -0.002 -13"><span class='ocrx_word' id='word_1_36' title='bbox 460 803 563 856; x_wconf 90' lang='lat' dir='ltr'><strong>hoc</strong></span> <span class='ocrx_word' id='word_1_37' title='bbox 602 803 794 869; x_wconf 85' lang='lat' dir='ltr'><strong>dogma</strong></span> <span class='ocrx_word' id='word_1_38' title='bbox 825 801 1103 854; x_wconf 90' lang='lat' dir='ltr'><strong>studentes</strong></span> <span class='ocrx_word' id='word_1_39' title='bbox 1134 815 1455 868; x_wconf 77' lang='lat' dir='ltr'><strong>agnoscere;</strong></span> <span class='ocrx_word' id='word_1_40' title='bbox 1489 799 1577 852; x_wconf 87' lang='lat' dir='ltr'><strong>alii</strong></span> <span class='ocrx_word' id='word_1_41' title='bbox 1608 814 1737 852; x_wconf 88' lang='lat' dir='ltr'><strong>vero</strong></span> <span class='ocrx_word' id='word_1_42' title='bbox 1769 813 1940 867; x_wconf 90' lang='lat' dir='ltr'><strong>nuper</strong></span> <span class='ocrx_word' id='word_1_43' title='bbox 1969 799 2052 852; x_wconf 90' lang='lat' dir='ltr'><strong>in-</strong></span> <span class='ocrx_word' id='word_1_44' title='bbox 2109 794 2116 801; x_wconf 86' lang='grc'><em>’</em></span> 
     </span>
    </p>
   </div>
   <div class='ocr_carea' id='block_1_8' title="bbox 459 884 2041 959">
    <p class='ocr_par' dir='ltr' id='par_1_8' title="bbox 459 884 2041 959">
     <span class='ocr_line' id='line_1_8' title="bbox 459 884 2041 959; baseline -0.001 -14"><span class='ocrx_word' id='word_1_45' title='bbox 459 893 690 946; x_wconf 90' lang='lat' dir='ltr'><strong>cboante</strong></span> <span class='ocrx_word' id='word_1_46' title='bbox 730 891 1038 946; x_wconf 65' lang='lat' dir='ltr'><strong>Graecorum</strong></span> <span class='ocrx_word' id='word_1_47' title='bbox 1087 892 1345 959; x_wconf 83' lang='lat' dir='ltr'><strong>religione</strong></span> <span class='ocrx_word' id='word_1_48' title='bbox 1401 891 1664 959; x_wconf 87' lang='lat' dir='ltr'><strong>deperire,</strong></span> <span class='ocrx_word' id='word_1_49' title='bbox 1722 884 2041 944; x_wconf 75' lang='lat' dir='ltr'><strong>Christianis</strong></span> 
     </span>
    </p>
   </div>
   <div class='ocr_carea' id='block_1_9' title="bbox 459 982 2051 1051">
    <p class='ocr_par' dir='ltr' id='par_1_9' title="bbox 459 982 2051 1051">
     <span class='ocr_line' id='line_1_9' title="bbox 459 982 2051 1051; baseline -0.002 -14"><span class='ocrx_word' id='word_1_50' title='bbox 459 985 676 1049; x_wconf 84' lang='lat' dir='ltr'><strong>infensi,</strong></span> <span class='ocrx_word' id='word_1_51' title='bbox 727 984 994 1051; x_wconf 79' lang='lat' dir='ltr'><strong>dogmatis</strong></span> <span class='ocrx_word' id='word_1_52' title='bbox 1047 991 1388 1038; x_wconf 86' lang='lat' dir='ltr'><strong>sacramenta</strong></span> <span class='ocrx_word' id='word_1_53' title='bbox 1425 983 1491 1036; x_wconf 89' lang='lat' dir='ltr'><strong>ad</strong></span> <span class='ocrx_word' id='word_1_54' title='bbox 1543 982 1834 1036; x_wconf 81' lang='lat' dir='ltr'><strong>verborum</strong></span> <span class='ocrx_word' id='word_1_55' title='bbox 1874 989 2051 1035; x_wconf 84' lang='lat' dir='ltr'><strong>certa-</strong></span> 
     </span>
    </p>
   </div>
   <div class='ocr_carea' id='block_1_10' title="bbox 464 1071 2054 1146">
    <p class='ocr_par' dir='ltr' id='par_1_10' title="bbox 464 1071 2054 1146">
     <span class='ocr_line' id='line_1_10' title="bbox 464 1071 2054 1146; baseline -0.001 -15"><span class='ocrx_word' id='word_1_56' title='bbox 464 1078 611 1131; x_wconf 90' lang='lat' dir='ltr'><strong>mina</strong></span> <span class='ocrx_word' id='word_1_57' title='bbox 643 1077 1055 1146; x_wconf 79' lang='lat' dir='ltr'><strong>protrahebant,</strong></span> <span class='ocrx_word' id='word_1_58' title='bbox 1092 1077 1162 1130; x_wconf 87' lang='lat' dir='ltr'><strong>ita</strong></span> <span class='ocrx_word' id='word_1_59' title='bbox 1189 1085 1246 1130; x_wconf 88' lang='lat' dir='ltr'><strong>ut</strong></span> <span class='ocrx_word' id='word_1_60' title='bbox 1284 1085 1471 1131; x_wconf 87' lang='lat' dir='ltr'><strong>contra</strong></span> <span class='ocrx_word' id='word_1_61' title='bbox 1503 1092 1561 1130; x_wconf 86' lang='lat' dir='ltr'><strong>se</strong></span> <span class='ocrx_word' id='word_1_62' title='bbox 1592 1075 1882 1130; x_wconf 84' lang='lat' dir='ltr'><strong>seditiones</strong></span> <span class='ocrx_word' id='word_1_63' title='bbox 1905 1071 2054 1129; x_wconf 80' lang='lat' dir='ltr'><strong>exer-</strong></span> 
     </span>
    </p>
   </div>
   <div class='ocr_carea' id='block_1_11' title="bbox 459 1170 2051 1241">
    <p class='ocr_par' dir='ltr' id='par_1_11' title="bbox 459 1170 2051 1241">
     <span class='ocr_line' id='line_1_11' title="bbox 459 1170 2051 1241; baseline -0.001 -17"><span class='ocrx_word' id='word_1_64' title='bbox 459 1179 665 1234; x_wconf 91' lang='lat' dir='ltr'><strong>cerent,</strong></span> <span class='ocrx_word' id='word_1_65' title='bbox 701 1171 1100 1241; x_wconf 88' lang='lat' dir='ltr'><strong>certaminaque</strong></span> <span class='ocrx_word' id='word_1_66' title='bbox 1123 1172 1341 1224; x_wconf 79' lang='lat' dir='ltr'><strong>sibimet</strong></span> <span class='ocrx_word' id='word_1_67' title='bbox 1373 1170 1660 1235; x_wconf 73' lang='lat' dir='ltr'><strong>inferrent,</strong></span> <span class='ocrx_word' id='word_1_68' title='bbox 1693 1178 1747 1222; x_wconf 89' lang='lat' dir='ltr'><strong>et</strong></span> <span class='ocrx_word' id='word_1_69' title='bbox 1768 1170 1958 1240; x_wconf 71' lang='lat' dir='ltr'><strong>smpius</strong></span> <span class='ocrx_word' id='word_1_70' title='bbox 1983 1182 2051 1223; x_wconf 83' lang='lat' dir='ltr'><strong>ex</strong></span> 
     </span>
    </p>
   </div>
   <div class='ocr_carea' id='block_1_12' title="bbox 461 1262 2048 1333">
    <p class='ocr_par' dir='ltr' id='par_1_12' title="bbox 461 1262 2048 1333">
     <span class='ocr_line' id='line_1_12' title="bbox 461 1262 2048 1333; baseline 0.003 -20"><span class='ocrx_word' id='word_1_71' title='bbox 461 1262 688 1314; x_wconf 82' lang='lat' dir='ltr'><strong>adverso</strong></span> <span class='ocrx_word' id='word_1_72' title='bbox 709 1263 1116 1317; x_wconf 81' lang='lat' dir='ltr'><strong>contenderent.</strong></span> <span class='ocrx_word' id='word_1_73' title='bbox 1151 1265 1446 1330; x_wconf 61' lang='lat' dir='ltr'><strong>Summ-2.1.,</strong></span> <span class='ocrx_word' id='word_1_74' title='bbox 1465 1264 1552 1318; x_wconf 87' lang='lat' dir='ltr'><strong>lib.</strong></span> <span class='ocrx_word' id='word_1_75' title='bbox 1580 1281 1618 1329; x_wconf 87' lang='grc' dir='ltr'><strong>ι,</strong></span> <span class='ocrx_word' id='word_1_76' title='bbox 1639 1281 1755 1333; x_wconf 87' lang='lat' dir='ltr'><strong>cap.</strong></span> <span class='ocrx_word' id='word_1_77' title='bbox 1783 1263 1870 1319; x_wconf 73' lang='grc'><strong>16.</strong></span> <span class='ocrx_word' id='word_1_78' title='bbox 1899 1262 2048 1318; x_wconf 83' lang='lat' dir='ltr'><strong>Edit.</strong></span> 
     </span>
    </p>
   </div>
   <div class='ocr_carea' id='block_1_13' title="bbox 463 1349 1208 1424">
    <p class='ocr_par' dir='ltr' id='par_1_13' title="bbox 463 1349 1208 1424">
     <span class='ocr_line' id='line_1_13' title="bbox 463 1349 1208 1424; baseline 0.004 -21"><span class='ocrx_word' id='word_1_79' title='bbox 463 1349 652 1406; x_wconf 80' lang='lat' dir='ltr'><strong>Christ.</strong></span> <span class='ocrx_word' id='word_1_80' title='bbox 698 1351 868 1406; x_wconf 82' lang='lat' dir='ltr'><strong>Vales.</strong></span> <span class='ocrx_word' id='word_1_81' title='bbox 906 1354 991 1421; x_wconf 85' lang='lat' dir='ltr'><strong>l7,</strong></span> <span class='ocrx_word' id='word_1_82' title='bbox 1017 1372 1069 1424; x_wconf 88' lang='lat' dir='ltr'><strong>p.</strong></span> <span class='ocrx_word' id='word_1_83' title='bbox 1101 1354 1208 1406; x_wconf 73' lang='grc'><strong>450</strong></span> 
     </span>
    </p>
   </div>
   <div class='ocr_carea' id='block_1_14' title="bbox 1072 1491 1425 1546">
    <p class='ocr_par' dir='ltr' id='par_1_14' title="bbox 1072 1491 1425 1546">
     <span class='ocr_line' id='line_1_14' title="bbox 1072 1491 1425 1546; baseline -0.011 0"><span class='ocrx_word' id='word_1_84' title='bbox 1072 1491 1298 1546; x_wconf 78' lang='lat' dir='ltr'><strong>CAPUT</strong></span> <span class='ocrx_word' id='word_1_85' title='bbox 1339 1491 1425 1545; x_wconf 82' lang='lat' dir='ltr'><strong>lli.</strong></span> 
     </span>
    </p>
   </div>
   <div class='ocr_carea' id='block_1_15' title="bbox 467 1579 2049 1650">
    <p class='ocr_par' dir='ltr' id='par_1_15' title="bbox 467 1579 2049 1650">
     <span class='ocr_line' id='line_1_15' title="bbox 467 1579 2049 1650; baseline 0.001 -20"><span class='ocrx_word' id='word_1_86' title='bbox 467 1579 540 1632; x_wconf 75' lang='lat' dir='ltr'><strong>De</strong></span> <span class='ocrx_word' id='word_1_87' title='bbox 569 1583 700 1635; x_wconf 76' lang='lat' dir='ltr'><strong>laico</strong></span> <span class='ocrx_word' id='word_1_88' title='bbox 731 1583 949 1650; x_wconf 74' lang='lat' dir='ltr'><strong>simplici</strong></span> <span class='ocrx_word' id='word_1_89' title='bbox 990 1586 1286 1650; x_wconf 71' lang='lat' dir='ltr'><strong>confess-ore</strong></span> <span class='ocrx_word' id='word_1_90' title='bbox 1313 1586 1477 1637; x_wconf 80' lang='lat' dir='ltr'><strong>virum</strong></span> <span class='ocrx_word' id='word_1_91' title='bbox 1529 1581 1855 1635; x_wconf 75' lang='lat' dir='ltr'><strong>dialecticum</strong></span> <span class='ocrx_word' id='word_1_92' title='bbox 1892 1594 2049 1647; x_wconf 84' lang='lat' dir='ltr'><strong>supe-</strong></span> 
     </span>
    </p>
   </div>
   <div class='ocr_carea' id='block_1_16' title="bbox 534 1651 2049 1724">
    <p class='ocr_par' dir='ltr' id='par_1_16' title="bbox 534 1651 2049 1724">
     <span class='ocr_line' id='line_1_16' title="bbox 534 1651 2049 1724; baseline 0 -22"><span class='ocrx_word' id='word_1_93' title='bbox 534 1665 695 1713; x_wconf 77' lang='lat' dir='ltr'><strong>rante,</strong></span> <span class='ocrx_word' id='word_1_94' title='bbox 730 1662 776 1704; x_wconf 73' lang='lat' dir='ltr'><strong>et</strong></span> <span class='ocrx_word' id='word_1_95' title='bbox 809 1655 870 1704; x_wconf 84' lang='lat' dir='ltr'><strong>de</strong></span> <span class='ocrx_word' id='word_1_96' title='bbox 903 1671 1020 1706; x_wconf 77' lang='lat' dir='ltr'><strong>sene</strong></span> <span class='ocrx_word' id='word_1_97' title='bbox 1046 1653 1288 1724; x_wconf 82' lang='lat' dir='ltr'><strong>simplici,</strong></span> <span class='ocrx_word' id='word_1_98' title='bbox 1344 1654 1647 1724; x_wconf 83' lang='lat' dir='ltr'><strong>philosouho</strong></span> <span class='ocrx_word' id='word_1_99' title='bbox 1690 1651 2049 1708; x_wconf 77' lang='lat' dir='ltr'><strong>Christianum</strong></span> 
     </span>
    </p>
   </div>
   <div class='ocr_carea' id='block_1_17' title="bbox 532 1724 1018 1792">
    <p class='ocr_par' dir='ltr' id='par_1_17' title="bbox 532 1724 1018 1792">
     <span class='ocr_line' id='line_1_17' title="bbox 532 1724 1018 1792; baseline 0.006 -18"><span class='ocrx_word' id='word_1_100' title='bbox 532 1724 712 1791; x_wconf 72' lang='lat' dir='ltr'><strong>dogma</strong></span> <span class='ocrx_word' id='word_1_101' title='bbox 744 1725 1018 1792; x_wconf 78' lang='lat' dir='ltr'><strong>pandente.</strong></span> 
     </span>
    </p>
   </div>
   <div class='ocr_carea' id='block_1_18' title="bbox 2230 596 3772 680">
    <p class='ocr_par' dir='ltr' id='par_1_18' title="bbox 2230 596 3772 680">
     <span class='ocr_line' id='line_1_18' title="bbox 2230 596 3772 680; baseline 0.01 -32"><span class='ocrx_word' id='word_1_102' title='bbox 2230 596 2498 663; x_wconf 80' lang='lat' dir='ltr'><strong>episwpus</strong></span> <span class='ocrx_word' id='word_1_103' title='bbox 2574 596 2695 665; x_wconf 80' lang='lat' dir='ltr'><strong>fecit</strong></span> <span class='ocrx_word' id='word_1_104' title='bbox 2765 596 3129 668; x_wconf 78' lang='lat' dir='ltr'><strong>philosOphum</strong></span> <span class='ocrx_word' id='word_1_105' title='bbox 3189 599 3536 660; x_wconf 75' lang='lat' dir='ltr'><strong>obmutescere</strong></span> <span class='ocrx_word' id='word_1_106' title='bbox 3578 596 3772 680; x_wconf 68' lang='grc' dir='ltr'><strong>’μαρα-</strong></span> 
     </span>
    </p>
   </div>
   <div class='ocr_carea' id='block_1_19' title="bbox 2230 681 2439 718">
    <p class='ocr_par' dir='ltr' id='par_1_19' title="bbox 2230 681 2439 718">
     <span class='ocr_line' id='line_1_19' title="bbox 2230 681 2439 718; baseline 0 0"><span class='ocrx_word' id='word_1_107' title='bbox 2230 681 2439 718; x_wconf 83' lang='lat' dir='ltr'><strong>norum.</strong></span> 
     </span>
    </p>
   </div>
   <div class='ocr_carea' id='block_1_20' title="bbox 2232 757 3764 839">
    <p class='ocr_par' dir='ltr' id='par_1_20' title="bbox 2232 757 3764 839">
     <span class='ocr_line' id='line_1_20' title="bbox 2232 757 3764 839; baseline 0.011 -29"><span class='ocrx_word' id='word_1_108' title='bbox 2232 757 2435 813; x_wconf 87' lang='lat' dir='ltr'><strong>Dicitur</strong></span> <span class='ocrx_word' id='word_1_109' title='bbox 2463 768 2642 814; x_wconf 90' lang='lat' dir='ltr'><strong>autem</strong></span> <span class='ocrx_word' id='word_1_110' title='bbox 2674 760 2978 831; x_wconf 88' lang='lat' dir='ltr'><strong>proximum</strong></span> <span class='ocrx_word' id='word_1_111' title='bbox 3009 762 3132 820; x_wconf 87' lang='lat' dir='ltr'><strong>huic</strong></span> <span class='ocrx_word' id='word_1_112' title='bbox 3173 765 3438 823; x_wconf 84' lang='lat' dir='ltr'><strong>miraculo</strong></span> <span class='ocrx_word' id='word_1_113' title='bbox 3490 770 3764 839; x_wconf 83' lang='lat' dir='ltr'><strong>quiddam</strong></span> 
     </span>
    </p>
   </div>
   <div class='ocr_carea' id='block_1_21' title="bbox 2157 855 3766 931">
    <p class='ocr_par' dir='ltr' id='par_1_21' title="bbox 2157 855 3766 931">
     <span class='ocr_line' id='line_1_21' title="bbox 2157 855 3766 931; baseline 0.011 -25"><span class='ocrx_word' id='word_1_114' title='bbox 2157 863 2367 922; x_wconf 84' lang='lat' dir='ltr'><strong>gestum</strong></span> <span class='ocrx_word' id='word_1_115' title='bbox 2391 870 2488 924; x_wconf 89' lang='lat' dir='ltr'><strong>per</strong></span> <span class='ocrx_word' id='word_1_116' title='bbox 2514 855 2881 911; x_wconf 78' lang='lat' dir='ltr'><strong>Alexandrum</strong></span> <span class='ocrx_word' id='word_1_117' title='bbox 2893 857 3506 931; x_wconf 66' lang='lat' dir='ltr'><strong>Constantinopolitanae</strong></span> <span class='ocrx_word' id='word_1_118' title='bbox 3521 866 3766 924; x_wconf 74' lang='lat' dir='ltr'><strong>civitatis</strong></span> 
     </span>
    </p>
   </div>
   <div class='ocr_carea' id='block_1_22' title="bbox 2158 945 3765 1022">
    <p class='ocr_par' dir='ltr' id='par_1_22' title="bbox 2158 945 3765 1022">
     <span class='ocr_line' id='line_1_22' title="bbox 2158 945 3765 1022; baseline 0.008 -22"><span class='ocrx_word' id='word_1_119' title='bbox 2158 946 2491 1015; x_wconf 88' lang='lat' dir='ltr'><strong>episcopum.</strong></span> <span class='ocrx_word' id='word_1_120' title='bbox 2524 945 2658 1002; x_wconf 90' lang='lat' dir='ltr'><strong>Cum</strong></span> <span class='ocrx_word' id='word_1_121' title='bbox 2684 949 2824 1002; x_wconf 90' lang='lat' dir='ltr'><strong>enim</strong></span> <span class='ocrx_word' id='word_1_122' title='bbox 2855 950 3093 1005; x_wconf 88' lang='lat' dir='ltr'><strong>venisset</strong></span> <span class='ocrx_word' id='word_1_123' title='bbox 3119 953 3417 1022; x_wconf 84' lang='lat' dir='ltr'><strong>imperator</strong></span> <span class='ocrx_word' id='word_1_124' title='bbox 3435 954 3765 1012; x_wconf 86' lang='lat' dir='ltr'><strong>Constanti-</strong></span> 
     </span>
    </p>
   </div>
   <div class='ocr_carea' id='block_1_23' title="bbox 2159 1036 3766 1118">
    <p class='ocr_par' dir='ltr' id='par_1_23' title="bbox 2159 1036 3766 1118">
     <span class='ocr_line' id='line_1_23' title="bbox 2159 1036 3766 1118; baseline 0.01 -28"><span class='ocrx_word' id='word_1_125' title='bbox 2159 1053 2262 1091; x_wconf 89' lang='lat' dir='ltr'><strong>nus</strong></span> <span class='ocrx_word' id='word_1_126' title='bbox 2307 1036 2646 1108; x_wconf 86' lang='lat' dir='ltr'><strong>Byzantium,</strong></span> <span class='ocrx_word' id='word_1_127' title='bbox 2697 1039 2960 1096; x_wconf 88' lang='lat' dir='ltr'><strong>adeuntes</strong></span> <span class='ocrx_word' id='word_1_128' title='bbox 3014 1056 3137 1096; x_wconf 89' lang='lat' dir='ltr'><strong>eum</strong></span> <span class='ocrx_word' id='word_1_129' title='bbox 3184 1043 3401 1111; x_wconf 90' lang='lat' dir='ltr'><strong>quidam</strong></span> <span class='ocrx_word' id='word_1_130' title='bbox 3444 1046 3766 1118; x_wconf 81' lang='lat' dir='ltr'><strong>philosophi</strong></span> 
     </span>
    </p>
   </div>
   <div class='ocr_carea' id='block_1_24' title="bbox 2157 1126 3831 1202">
    <p class='ocr_par' dir='ltr' id='par_1_24' title="bbox 2157 1126 3831 1202">
     <span class='ocr_line' id='line_1_24' title="bbox 2157 1126 3831 1202; baseline 0.007 -18"><span class='ocrx_word' id='word_1_131' title='bbox 2157 1129 2522 1198; x_wconf 79' lang='lat' dir='ltr'><strong>querebantur</strong></span> <span class='ocrx_word' id='word_1_132' title='bbox 2561 1130 2713 1198; x_wconf 90' lang='lat' dir='ltr'><strong>quasi</strong></span> <span class='ocrx_word' id='word_1_133' title='bbox 2745 1146 2851 1185; x_wconf 92' lang='lat' dir='ltr'><strong>non</strong></span> <span class='ocrx_word' id='word_1_134' title='bbox 2896 1131 3066 1186; x_wconf 87' lang='lat' dir='ltr'><strong>Deum</strong></span> <span class='ocrx_word' id='word_1_135' title='bbox 3095 1133 3302 1188; x_wconf 88' lang='lat' dir='ltr'><strong>coleret</strong></span> <span class='ocrx_word' id='word_1_136' title='bbox 3329 1142 3388 1189; x_wconf 92' lang='lat' dir='ltr'><strong>ut</strong></span> <span class='ocrx_word' id='word_1_137' title='bbox 3415 1136 3660 1202; x_wconf 85' lang='lat' dir='ltr'><strong>deceret,</strong></span> <span class='ocrx_word' id='word_1_138' title='bbox 3698 1147 3760 1195; x_wconf 82' lang='lat' dir='ltr'><strong>et</strong></span> <span class='ocrx_word' id='word_1_139' title='bbox 3813 1126 3831 1144; x_wconf 72' lang='grc'><strong><em>⁸</em></strong></span> 
     </span>
    </p>
   </div>
   <div class='ocr_carea' id='block_1_25' title="bbox 2158 1223 3758 1300">
    <p class='ocr_par' dir='ltr' id='par_1_25' title="bbox 2158 1223 3758 1300">
     <span class='ocr_line' id='line_1_25' title="bbox 2158 1223 3758 1300; baseline 0.006 -22"><span class='ocrx_word' id='word_1_140' title='bbox 2158 1223 2300 1278; x_wconf 91' lang='lat' dir='ltr'><strong>circa</strong></span> <span class='ocrx_word' id='word_1_141' title='bbox 2332 1237 2485 1277; x_wconf 88' lang='lat' dir='ltr'><strong>sacra</strong></span> <span class='ocrx_word' id='word_1_142' title='bbox 2514 1223 2780 1278; x_wconf 77' lang='lat' dir='ltr'><strong>novitates</strong></span> <span class='ocrx_word' id='word_1_143' title='bbox 2807 1233 3129 1293; x_wconf 89' lang='lat' dir='ltr'><strong>exerceret,</strong></span> <span class='ocrx_word' id='word_1_144' title='bbox 3161 1243 3357 1282; x_wconf 89' lang='lat' dir='ltr'><strong>novam</strong></span> <span class='ocrx_word' id='word_1_145' title='bbox 3386 1228 3446 1283; x_wconf 87' lang='lat' dir='ltr'><strong>in</strong></span> <span class='ocrx_word' id='word_1_146' title='bbox 3475 1232 3758 1300; x_wconf 74' lang='lat' dir='ltr'><strong>republica</strong></span> 
     </span>
    </p>
   </div>
   <div class='ocr_carea' id='block_1_26' title="bbox 2158 1314 3760 1393">
    <p class='ocr_par' dir='ltr' id='par_1_26' title="bbox 2158 1314 3760 1393">
     <span class='ocr_line' id='line_1_26' title="bbox 2158 1314 3760 1393; baseline 0.007 -23"><span class='ocrx_word' id='word_1_147' title='bbox 2158 1314 2549 1370; x_wconf 89' lang='lat' dir='ltr'><strong>introducendo</strong></span> <span class='ocrx_word' id='word_1_148' title='bbox 2573 1315 2878 1380; x_wconf 90' lang='lat' dir='ltr'><strong>culturam,</strong></span> <span class='ocrx_word' id='word_1_149' title='bbox 2908 1326 3107 1387; x_wconf 65' lang='lat' dir='ltr'><strong>printer</strong></span> <span class='ocrx_word' id='word_1_150' title='bbox 3143 1334 3263 1388; x_wconf 69' lang='lat' dir='ltr'><strong>quae</strong></span> <span class='ocrx_word' id='word_1_151' title='bbox 3291 1320 3412 1391; x_wconf 85' lang='lat' dir='ltr'><strong>ejus</strong></span> <span class='ocrx_word' id='word_1_152' title='bbox 3449 1324 3760 1393; x_wconf 84' lang='lat' dir='ltr'><strong>majoribus</strong></span> 
     </span>
    </p>
   </div>
   <div class='ocr_carea' id='block_1_27' title="bbox 2157 1409 3755 1488">
    <p class='ocr_par' dir='ltr' id='par_1_27' title="bbox 2157 1409 3755 1488">
     <span class='ocr_line' id='line_1_27' title="bbox 2157 1409 3755 1488; baseline 0.007 -24"><span class='ocrx_word' id='word_1_153' title='bbox 2157 1411 2271 1466; x_wconf 85' lang='lat' dir='ltr'><strong>visa</strong></span> <span class='ocrx_word' id='word_1_154' title='bbox 2303 1419 2445 1476; x_wconf 86' lang='lat' dir='ltr'><strong>sunt,</strong></span> <span class='ocrx_word' id='word_1_155' title='bbox 2478 1423 2532 1465; x_wconf 90' lang='lat' dir='ltr'><strong>et</strong></span> <span class='ocrx_word' id='word_1_156' title='bbox 2553 1409 2864 1467; x_wconf 82' lang='lat' dir='ltr'><strong>Graecorum</strong></span> <span class='ocrx_word' id='word_1_157' title='bbox 2894 1413 3370 1484; x_wconf 84' lang='lat' dir='ltr'><strong>Romanorumque</strong></span> <span class='ocrx_word' id='word_1_158' title='bbox 3392 1417 3755 1488; x_wconf 86' lang='lat' dir='ltr'><strong>principibus,</strong></span> 
     </span>
    </p>
   </div>
   <div class='ocr_carea' id='block_1_28' title="bbox 2157 1505 3753 1577">
    <p class='ocr_par' dir='ltr' id='par_1_28' title="bbox 2157 1505 3753 1577">
     <span class='ocr_line' id='line_1_28' title="bbox 2157 1505 3753 1577; baseline 0.005 -19"><span class='ocrx_word' id='word_1_159' title='bbox 2157 1519 2294 1574; x_wconf 84' lang='lat' dir='ltr'><strong>quos</strong></span> <span class='ocrx_word' id='word_1_160' title='bbox 2324 1505 2625 1561; x_wconf 88' lang='lat' dir='ltr'><strong>habuerunt</strong></span> <span class='ocrx_word' id='word_1_161' title='bbox 2651 1513 2920 1560; x_wconf 89' lang='lat' dir='ltr'><strong>transacta</strong></span> <span class='ocrx_word' id='word_1_162' title='bbox 2943 1506 3140 1562; x_wconf 75' lang='lat' dir='ltr'><strong>szecula</strong></span> <span class='ocrx_word' id='word_1_163' title='bbox 3163 1545 3179 1574; x_wconf 91' lang='lat'><strong>,</strong></span> <span class='ocrx_word' id='word_1_164' title='bbox 3202 1507 3564 1577; x_wconf 86' lang='lat' dir='ltr'><strong>placuerunt;</strong></span> <span class='ocrx_word' id='word_1_165' title='bbox 3595 1512 3753 1566; x_wconf 84' lang='lat' dir='ltr'><strong>vole-</strong></span> 
     </span>
    </p>
   </div>
   <div class='ocr_carea' id='block_1_29' title="bbox 2155 1599 3757 1676">
    <p class='ocr_par' dir='ltr' id='par_1_29' title="bbox 2155 1599 3757 1676">
     <span class='ocr_line' id='line_1_29' title="bbox 2155 1599 3757 1676; baseline 0.006 -24"><span class='ocrx_word' id='word_1_166' title='bbox 2155 1599 2394 1669; x_wconf 89' lang='lat' dir='ltr'><strong>bantque</strong></span> <span class='ocrx_word' id='word_1_167' title='bbox 2424 1614 2546 1653; x_wconf 89' lang='lat' dir='ltr'><strong>cum</strong></span> <span class='ocrx_word' id='word_1_168' title='bbox 2577 1599 2883 1654; x_wconf 79' lang='lat' dir='ltr'><strong>Alexandro</strong></span> <span class='ocrx_word' id='word_1_169' title='bbox 2908 1601 3166 1671; x_wconf 86' lang='lat' dir='ltr'><strong>episcopo</strong></span> <span class='ocrx_word' id='word_1_170' title='bbox 3206 1601 3486 1671; x_wconf 84' lang='lat' dir='ltr'><strong>disputare</strong></span> <span class='ocrx_word' id='word_1_171' title='bbox 3515 1604 3584 1660; x_wconf 87' lang='lat' dir='ltr'><strong>de</strong></span> <span class='ocrx_word' id='word_1_172' title='bbox 3612 1605 3757 1676; x_wconf 81' lang='lat' dir='ltr'><strong>dog—</strong></span> 
     </span>
    </p>
   </div>
   <div class='ocr_carea' id='block_1_30' title="bbox 2157 1690 3755 1760">
    <p class='ocr_par' dir='ltr' id='par_1_30' title="bbox 2157 1690 3755 1760">
     <span class='ocr_line' id='line_1_30' title="bbox 2157 1690 3755 1760; baseline 0.006 -16"><span class='ocrx_word' id='word_1_173' title='bbox 2157 1699 2324 1745; x_wconf 90' lang='lat' dir='ltr'><strong>mate.</strong></span> <span class='ocrx_word' id='word_1_174' title='bbox 2374 1690 2470 1746; x_wconf 90' lang='lat' dir='ltr'><strong>llle</strong></span> <span class='ocrx_word' id='word_1_175' title='bbox 2497 1706 2629 1746; x_wconf 86' lang='lat' dir='ltr'><strong>vero</strong></span> <span class='ocrx_word' id='word_1_176' title='bbox 2683 1691 2991 1760; x_wconf 85' lang='lat' dir='ltr'><strong>hujusmodi</strong></span> <span class='ocrx_word' id='word_1_177' title='bbox 3037 1693 3429 1752; x_wconf 82' lang='lat' dir='ltr'><strong>exercitatione</strong></span> <span class='ocrx_word' id='word_1_178' title='bbox 3457 1697 3755 1754; x_wconf 82' lang='lat' dir='ltr'><strong>verborum</strong></span> 
     </span>
    </p>
   </div>
   <div class='ocr_carea' id='block_1_31' title="bbox 531 1783 3751 1885">
    <p class='ocr_par' dir='ltr' id='par_1_31' title="bbox 531 1783 3751 1885">
     <span class='ocr_line' id='line_1_31' title="bbox 531 1783 3751 1885; baseline 0.007 -19"><span class='ocrx_word' id='word_1_179' title='bbox 531 1783 768 1881; x_wconf 66' lang='lat' dir='ltr'><strong>(irimque</strong></span> <span class='ocrx_word' id='word_1_180' title='bbox 815 1815 1026 1883; x_wconf 75' lang='lat' dir='ltr'><strong>plurimi</strong></span> <span class='ocrx_word' id='word_1_181' title='bbox 1055 1816 1434 1885; x_wconf 82' lang='lat' dir='ltr'><strong>disputationis</strong></span> <span class='ocrx_word' id='word_1_182' title='bbox 1469 1817 1829 1873; x_wconf 85' lang='lat' dir='ltr'><strong>delectatione</strong></span> <span class='ocrx_word' id='word_1_183' title='bbox 1862 1819 2046 1873; x_wconf 88' lang='lat' dir='ltr'><strong>trahe-</strong></span> <span class='ocrx_word' id='word_1_184' title='bbox 2082 1813 2133 1876; x_wconf 83' lang='lat' dir='ltr'><strong>B</strong></span> <span class='ocrx_word' id='word_1_185' title='bbox 2161 1784 2468 1885; x_wconf 51' lang='grc' dir='ltr'><strong>ίηίῗίρθιξωε</strong></span> <span class='ocrx_word' id='word_1_186' title='bbox 2515 1792 2668 1850; x_wconf 57' lang='lat' dir='ltr'><strong>emt’</strong></span> <span class='ocrx_word' id='word_1_187' title='bbox 2699 1783 2767 1840; x_wconf 71' lang='lat' dir='ltr'><strong>de</strong></span> <span class='ocrx_word' id='word_1_188' title='bbox 2805 1785 2929 1841; x_wconf 53' lang='lat' dir='ltr'><strong>Vim</strong></span> <span class='ocrx_word' id='word_1_189' title='bbox 2970 1786 3232 1885; x_wconf 67' lang='grc' dir='ltr'><strong>⁴¹“³¹ί,ί³“⁶</strong></span> <span class='ocrx_word' id='word_1_190' title='bbox 3271 1787 3571 1885; x_wconf 43' lang='grc' dir='ltr'><strong>σφ’ῧᾶῗηι</strong></span> <span class='ocrx_word' id='word_1_191' title='bbox 3593 1790 3751 1885; x_wconf 47' lang='lat' dir='ltr'><strong>Fu“</strong></span> 
     </span>
    </p>
   </div>
   <div class='ocr_carea' id='block_1_32' title="bbox 469 1907 2050 1980">
    <p class='ocr_par' dir='ltr' id='par_1_32' title="bbox 469 1907 2050 1980">
     <span class='ocr_line' id='line_1_32' title="bbox 469 1907 2050 1980; baseline 0.003 -21"><span class='ocrx_word' id='word_1_192' title='bbox 469 1921 644 1959; x_wconf 80' lang='lat' dir='ltr'><strong>remur</strong></span> <span class='ocrx_word' id='word_1_193' title='bbox 668 1947 681 1968; x_wconf 93' lang='lat'><strong>,</strong></span> <span class='ocrx_word' id='word_1_194' title='bbox 716 1923 850 1959; x_wconf 83' lang='lat' dir='ltr'><strong>unus</strong></span> <span class='ocrx_word' id='word_1_195' title='bbox 882 1907 1098 1976; x_wconf 85' lang='lat' dir='ltr'><strong>quidam</strong></span> <span class='ocrx_word' id='word_1_196' title='bbox 1147 1924 1211 1961; x_wconf 76' lang='lat' dir='ltr'><strong>ex</strong></span> <span class='ocrx_word' id='word_1_197' title='bbox 1245 1910 1645 1964; x_wconf 85' lang='lat' dir='ltr'><strong>coni&#39;essoribus</strong></span> <span class='ocrx_word' id='word_1_198' title='bbox 1677 1910 1824 1964; x_wconf 91' lang='lat' dir='ltr'><strong>laicis</strong></span> <span class='ocrx_word' id='word_1_199' title='bbox 1852 1911 2050 1980; x_wconf 83' lang='lat' dir='ltr'><strong>simpli—</strong></span> 
     </span>
    </p>
   </div>
   <div class='ocr_carea' id='block_1_33' title="bbox 461 1996 2046 2066">
    <p class='ocr_par' dir='ltr' id='par_1_33' title="bbox 461 1996 2046 2066">
     <span class='ocr_line' id='line_1_33' title="bbox 461 1996 2046 2066; baseline 0.006 -19"><span class='ocrx_word' id='word_1_200' title='bbox 461 2010 578 2047; x_wconf 91' lang='lat' dir='ltr'><strong>cem</strong></span> <span class='ocrx_word' id='word_1_201' title='bbox 636 1996 838 2049; x_wconf 85' lang='lat' dir='ltr'><strong>habens</strong></span> <span class='ocrx_word' id='word_1_202' title='bbox 885 2013 1120 2062; x_wconf 80' lang='lat' dir='ltr'><strong>sensum,</strong></span> <span class='ocrx_word' id='word_1_203' title='bbox 1175 1999 1470 2054; x_wconf 81' lang='lat' dir='ltr'><strong>dialecticis</strong></span> <span class='ocrx_word' id='word_1_204' title='bbox 1517 2001 1778 2066; x_wconf 90' lang='lat' dir='ltr'><strong>obviavit,</strong></span> <span class='ocrx_word' id='word_1_205' title='bbox 1811 2001 2046 2056; x_wconf 89' lang='lat' dir='ltr'><strong>dicens:</strong></span> 
     </span>
    </p>
   </div>
   <div class='ocr_carea' id='block_1_34' title="bbox 460 2085 2048 2160">
    <p class='ocr_par' dir='ltr' id='par_1_34' title="bbox 460 2085 2048 2160">
     <span class='ocr_line' id='line_1_34' title="bbox 460 2085 2048 2160; baseline 0.005 -22"><span class='ocrx_word' id='word_1_206' title='bbox 460 2085 653 2139; x_wconf 82' lang='lat' dir='ltr'><strong>Audite</strong></span> <span class='ocrx_word' id='word_1_207' title='bbox 687 2087 877 2154; x_wconf 78' lang='lat' dir='ltr'><strong>igitur,</strong></span> <span class='ocrx_word' id='word_1_208' title='bbox 909 2087 1151 2142; x_wconf 87' lang='lat' dir='ltr'><strong>Christus</strong></span> <span class='ocrx_word' id='word_1_209' title='bbox 1181 2100 1234 2143; x_wconf 86' lang='lat' dir='ltr'><strong>et</strong></span> <span class='ocrx_word' id='word_1_210' title='bbox 1278 2093 1507 2160; x_wconf 83' lang='lat' dir='ltr'><strong>apostoli</strong></span> <span class='ocrx_word' id='word_1_211' title='bbox 1538 2108 1645 2146; x_wconf 92' lang='lat' dir='ltr'><strong>non</strong></span> <span class='ocrx_word' id='word_1_212' title='bbox 1677 2094 1831 2147; x_wconf 91' lang='lat' dir='ltr'><strong>nobis</strong></span> <span class='ocrx_word' id='word_1_213' title='bbox 1875 2102 2048 2148; x_wconf 86' lang='lat' dir='ltr'><strong>artem</strong></span> 
     </span>
    </p>
   </div>
   <div class='ocr_carea' id='block_1_35' title="bbox 457 2179 2046 2255">
    <p class='ocr_par' dir='ltr' id='par_1_35' title="bbox 457 2179 2046 2255">
     <span class='ocr_line' id='line_1_35' title="bbox 457 2179 2046 2255; baseline 0.006 -22"><span class='ocrx_word' id='word_1_214' title='bbox 457 2179 793 2234; x_wconf 81' lang='lat' dir='ltr'><strong>dialecticam</strong></span> <span class='ocrx_word' id='word_1_215' title='bbox 847 2183 1209 2247; x_wconf 86' lang='lat' dir='ltr'><strong>tradiderunt,</strong></span> <span class='ocrx_word' id='word_1_216' title='bbox 1242 2201 1543 2255; x_wconf 87' lang='lat' dir='ltr'><strong>vanamque</strong></span> <span class='ocrx_word' id='word_1_217' title='bbox 1575 2190 1859 2242; x_wconf 83' lang='lat' dir='ltr'><strong>verborum</strong></span> <span class='ocrx_word' id='word_1_218' title='bbox 1893 2189 2046 2243; x_wconf 74' lang='lat' dir='ltr'><strong>falla-</strong></span> 
     </span>
    </p>
   </div>
   <div class='ocr_carea' id='block_1_36' title="bbox 458 2272 2049 2352">
    <p class='ocr_par' dir='ltr' id='par_1_36' title="bbox 458 2272 2049 2352">
     <span class='ocr_line' id='line_1_36' title="bbox 458 2272 2049 2352; baseline 0.009 -28"><span class='ocrx_word' id='word_1_219' title='bbox 458 2272 612 2334; x_wconf 85' lang='lat' dir='ltr'><strong>ciam,</strong></span> <span class='ocrx_word' id='word_1_220' title='bbox 629 2273 721 2326; x_wconf 90' lang='lat' dir='ltr'><strong>sed</strong></span> <span class='ocrx_word' id='word_1_221' title='bbox 747 2290 930 2341; x_wconf 85' lang='lat' dir='ltr'><strong>puram</strong></span> <span class='ocrx_word' id='word_1_222' title='bbox 947 2277 1223 2329; x_wconf 82' lang='lat' dir='ltr'><strong>scientiam</strong></span> <span class='ocrx_word' id='word_1_223' title='bbox 1239 2277 1929 2352; x_wconf 77' lang='lat' dir='ltr'><strong>[ms.Lyr.,conscientiam]</strong></span> <span class='ocrx_word' id='word_1_224' title='bbox 1947 2283 2049 2338; x_wconf 89' lang='lat' dir='ltr'><strong>tide</strong></span> 
     </span>
    </p>
   </div>
   <div class='ocr_carea' id='block_1_37' title="bbox 462 2365 2050 2438">
    <p class='ocr_par' dir='ltr' id='par_1_37' title="bbox 462 2365 2050 2438">
     <span class='ocr_line' id='line_1_37' title="bbox 462 2365 2050 2438; baseline 0.008 -22"><span class='ocrx_word' id='word_1_225' title='bbox 462 2371 518 2416; x_wconf 91' lang='lat' dir='ltr'><strong>et</strong></span> <span class='ocrx_word' id='word_1_226' title='bbox 543 2365 794 2432; x_wconf 79' lang='lat' dir='ltr'><strong>operibus</strong></span> <span class='ocrx_word' id='word_1_227' title='bbox 827 2366 978 2420; x_wconf 86' lang='lat' dir='ltr'><strong>bonis</strong></span> <span class='ocrx_word' id='word_1_228' title='bbox 1009 2369 1416 2422; x_wconf 86' lang='lat' dir='ltr'><strong>observandam.</strong></span> <span class='ocrx_word' id='word_1_229' title='bbox 1455 2370 1578 2424; x_wconf 71' lang='lat' dir='ltr'><strong>[huc</strong></span> <span class='ocrx_word' id='word_1_230' title='bbox 1612 2371 1824 2427; x_wconf 70' lang='lat' dir='ltr'><strong>dicente</strong></span> <span class='ocrx_word' id='word_1_231' title='bbox 1847 2372 2050 2438; x_wconf 82' lang='lat' dir='ltr'><strong>juvene</strong></span> 
     </span>
    </p>
   </div>
   <div class='ocr_carea' id='block_1_38' title="bbox 459 2458 2047 2530">
    <p class='ocr_par' dir='ltr' id='par_1_38' title="bbox 459 2458 2047 2530">
     <span class='ocr_line' id='line_1_38' title="bbox 459 2458 2047 2530; baseline 0.008 -22"><span class='ocrx_word' id='word_1_232' title='bbox 459 2463 508 2509; x_wconf 86' lang='lat' dir='ltr'><strong>et</strong></span> <span class='ocrx_word' id='word_1_233' title='bbox 537 2458 717 2510; x_wconf 88' lang='lat' dir='ltr'><strong>animo</strong></span> <span class='ocrx_word' id='word_1_234' title='bbox 739 2473 886 2522; x_wconf 87' lang='lat' dir='ltr'><strong>sene,</strong></span> <span class='ocrx_word' id='word_1_235' title='bbox 911 2469 1201 2528; x_wconf 62' lang='lat' dir='ltr'><strong>praesentes</strong></span> <span class='ocrx_word' id='word_1_236' title='bbox 1221 2460 1433 2528; x_wconf 84' lang='lat' dir='ltr'><strong>quidem</strong></span> <span class='ocrx_word' id='word_1_237' title='bbox 1457 2463 1632 2516; x_wconf 84' lang='lat' dir='ltr'><strong>mirati</strong></span> <span class='ocrx_word' id='word_1_238' title='bbox 1654 2475 1794 2530; x_wconf 88' lang='lat' dir='ltr'><strong>sunt,</strong></span> <span class='ocrx_word' id='word_1_239' title='bbox 1814 2465 2047 2521; x_wconf 86' lang='lat' dir='ltr'><strong>dictum-</strong></span> 
     </span>
    </p>
   </div>
   <div class='ocr_carea' id='block_1_39' title="bbox 459 2551 2047 2618">
    <p class='ocr_par' dir='ltr' id='par_1_39' title="bbox 459 2551 2047 2618">
     <span class='ocr_line' id='line_1_39' title="bbox 459 2551 2047 2618; baseline 0.008 -18"><span class='ocrx_word' id='word_1_240' title='bbox 459 2563 562 2615; x_wconf 89' lang='lat' dir='ltr'><strong>que</strong></span> <span class='ocrx_word' id='word_1_241' title='bbox 607 2551 990 2618; x_wconf 86' lang='lat' dir='ltr'><strong>probaverunt.</strong></span> <span class='ocrx_word' id='word_1_242' title='bbox 1028 2553 1296 2607; x_wconf 80' lang='lat' dir='ltr'><strong>Dialectici</strong></span> <span class='ocrx_word' id='word_1_243' title='bbox 1338 2569 1470 2608; x_wconf 89' lang='lat' dir='ltr'><strong>vero</strong></span> <span class='ocrx_word' id='word_1_244' title='bbox 1510 2555 1880 2610; x_wconf 68' lang='lat' dir='ltr'><strong>satisfactione</strong></span> <span class='ocrx_word' id='word_1_245' title='bbox 1930 2573 2047 2612; x_wconf 88' lang='lat' dir='ltr'><strong>sus-</strong></span> 
     </span>
    </p>
   </div>
   <div class='ocr_carea' id='block_1_40' title="bbox 459 2645 2048 2715">
    <p class='ocr_par' dir='ltr' id='par_1_40' title="bbox 459 2645 2048 2715">
     <span class='ocr_line' id='line_1_40' title="bbox 459 2645 2048 2715; baseline 0.009 -26"><span class='ocrx_word' id='word_1_246' title='bbox 459 2647 612 2707; x_wconf 79' lang='lat' dir='ltr'><strong>cepta</strong></span> <span class='ocrx_word' id='word_1_247' title='bbox 638 2652 936 2708; x_wconf 70' lang='lat' dir='ltr'><strong>cessarunt,</strong></span> <span class='ocrx_word' id='word_1_248' title='bbox 971 2645 1231 2698; x_wconf 89' lang='lat' dir='ltr'><strong>rationem</strong></span> <span class='ocrx_word' id='word_1_249' title='bbox 1256 2647 1453 2714; x_wconf 81' lang='lat' dir='ltr'><strong>quippe</strong></span> <span class='ocrx_word' id='word_1_250' title='bbox 1480 2647 1775 2715; x_wconf 85' lang='lat' dir='ltr'><strong>simplicem</strong></span> <span class='ocrx_word' id='word_1_251' title='bbox 1806 2650 2048 2705; x_wconf 82' lang='lat' dir='ltr'><strong>veritatis</strong></span> 
     </span>
    </p>
   </div>
   <div class='ocr_carea' id='block_1_41' title="bbox 459 2729 2041 2808">
    <p class='ocr_par' dir='ltr' id='par_1_41' title="bbox 459 2729 2041 2808">
     <span class='ocr_line' id='line_1_41' title="bbox 459 2729 2041 2808; baseline 0.009 -27"><span class='ocrx_word' id='word_1_252' title='bbox 459 2729 758 2785; x_wconf 81' lang='lat' dir='ltr'><strong>audientes.</strong></span> <span class='ocrx_word' id='word_1_253' title='bbox 820 2732 1127 2800; x_wconf 72' lang='lat' dir='ltr'><strong>SOCRA&#39;I&#39;ES,</strong></span> <span class='ocrx_word' id='word_1_254' title='bbox 1185 2735 1273 2789; x_wconf 84' lang='lat' dir='ltr'><strong>lib.</strong></span> <span class='ocrx_word' id='word_1_255' title='bbox 1313 2753 1350 2802; x_wconf 86' lang='grc' dir='ltr'><strong>ι,</strong></span> <span class='ocrx_word' id='word_1_256' title='bbox 1399 2747 1515 2808; x_wconf 80' lang='lat' dir='ltr'><strong>cap.</strong></span> <span class='ocrx_word' id='word_1_257' title='bbox 1571 2735 1621 2791; x_wconf 84' lang='grc'><strong>5.</strong></span> <span class='ocrx_word' id='word_1_258' title='bbox 1653 2735 1797 2792; x_wconf 70' lang='grc' dir='ltr'><strong>Εάῖῖ.</strong></span> <span class='ocrx_word' id='word_1_259' title='bbox 1850 2740 2041 2795; x_wconf 83' lang='lat' dir='ltr'><strong>Christ.</strong></span> 
     </span>
    </p>
   </div>
   <div class='ocr_carea' id='block_1_42' title="bbox 467 2820 1083 2894">
    <p class='ocr_par' dir='ltr' id='par_1_42' title="bbox 467 2820 1083 2894">
     <span class='ocr_line' id='line_1_42' title="bbox 467 2820 1083 2894; baseline 0.011 -21"><span class='ocrx_word' id='word_1_260' title='bbox 467 2820 643 2876; x_wconf 79' lang='lat' dir='ltr'><strong>Vales.</strong></span> <span class='ocrx_word' id='word_1_261' title='bbox 677 2837 792 2892; x_wconf 87' lang='lat' dir='ltr'><strong>cap.</strong></span> <span class='ocrx_word' id='word_1_262' title='bbox 822 2823 883 2887; x_wconf 83' lang='lat'><strong>8,</strong></span> <span class='ocrx_word' id='word_1_263' title='bbox 911 2841 962 2894; x_wconf 91' lang='lat' dir='ltr'><strong>p.</strong></span> <span class='ocrx_word' id='word_1_264' title='bbox 997 2824 1083 2880; x_wconf 72' lang='grc'><strong>20.</strong></span> 
     </span>
    </p>
   </div>
   <div class='ocr_carea' id='block_1_43' title="bbox 529 2914 2045 2992">
    <p class='ocr_par' dir='ltr' id='par_1_43' title="bbox 529 2914 2045 2992">
     <span class='ocr_line' id='line_1_43' title="bbox 529 2914 2045 2992; baseline 0.007 -25"><span class='ocrx_word' id='word_1_265' title='bbox 529 2914 717 2968; x_wconf 81' lang='lat' dir='ltr'><strong>Fertur</strong></span> <span class='ocrx_word' id='word_1_266' title='bbox 747 2915 890 2970; x_wconf 85' lang='lat' dir='ltr'><strong>enim</strong></span> <span class='ocrx_word' id='word_1_267' title='bbox 921 2927 974 2971; x_wconf 93' lang='lat' dir='ltr'><strong>et</strong></span> <span class='ocrx_word' id='word_1_268' title='bbox 1006 2919 1148 2974; x_wconf 83' lang='lat' dir='ltr'><strong>aliud</strong></span> <span class='ocrx_word' id='word_1_269' title='bbox 1175 2938 1186 2972; x_wconf 95' lang='lat'><strong>:</strong></span> <span class='ocrx_word' id='word_1_270' title='bbox 1215 2919 1340 2974; x_wconf 91' lang='lat' dir='ltr'><strong>dum</strong></span> <span class='ocrx_word' id='word_1_271' title='bbox 1369 2920 1588 2989; x_wconf 87' lang='lat' dir='ltr'><strong>quidam</strong></span> <span class='ocrx_word' id='word_1_272' title='bbox 1611 2937 1805 2976; x_wconf 90' lang='lat' dir='ltr'><strong>eorum</strong></span> <span class='ocrx_word' id='word_1_273' title='bbox 1835 2924 2045 2992; x_wconf 86' lang='lat' dir='ltr'><strong>magni-</strong></span> 
     </span>
    </p>
   </div>
   <div class='ocr_carea' id='block_1_44' title="bbox 457 3006 2047 3080">
    <p class='ocr_par' dir='ltr' id='par_1_44' title="bbox 457 3006 2047 3080">
     <span class='ocr_line' id='line_1_44' title="bbox 457 3006 2047 3080; baseline 0.008 -21"><span class='ocrx_word' id='word_1_274' title='bbox 457 3006 668 3063; x_wconf 78' lang='lat' dir='ltr'><strong>ﬁcentia</strong></span> <span class='ocrx_word' id='word_1_275' title='bbox 697 3025 1008 3065; x_wconf 90' lang='lat' dir='ltr'><strong>sermonum</strong></span> <span class='ocrx_word' id='word_1_276' title='bbox 1058 3013 1409 3068; x_wconf 80' lang='lat' dir='ltr'><strong>extolleretur</strong></span> <span class='ocrx_word' id='word_1_277' title='bbox 1434 3057 1447 3080; x_wconf 93' lang='lat'><strong>,</strong></span> <span class='ocrx_word' id='word_1_278' title='bbox 1495 3024 1549 3069; x_wconf 90' lang='lat' dir='ltr'><strong>et</strong></span> <span class='ocrx_word' id='word_1_279' title='bbox 1591 3015 1842 3070; x_wconf 88' lang='lat' dir='ltr'><strong>illuderet</strong></span> <span class='ocrx_word' id='word_1_280' title='bbox 1873 3032 2047 3072; x_wconf 87' lang='lat' dir='ltr'><strong>sacer-</strong></span> 
     </span>
    </p>
   </div>
   <div class='ocr_carea' id='block_1_45' title="bbox 455 3103 2041 3187">
    <p class='ocr_par' dir='ltr' id='par_1_45' title="bbox 455 3103 2041 3187">
     <span class='ocr_line' id='line_1_45' title="bbox 455 3103 2041 3187; baseline 0.007 -31"><span class='ocrx_word' id='word_1_281' title='bbox 455 3103 669 3157; x_wconf 90' lang='lat' dir='ltr'><strong>dotibus</strong></span> <span class='ocrx_word' id='word_1_282' title='bbox 696 3147 710 3168; x_wconf 89' lang='lat'><strong>,</strong></span> <span class='ocrx_word' id='word_1_283' title='bbox 744 3121 850 3159; x_wconf 92' lang='lat' dir='ltr'><strong>non</strong></span> <span class='ocrx_word' id='word_1_284' title='bbox 881 3109 1100 3177; x_wconf 87' lang='lat' dir='ltr'><strong>pertulit</strong></span> <span class='ocrx_word' id='word_1_285' title='bbox 1124 3109 1240 3178; x_wconf 86' lang='lat' dir='ltr'><strong>ejus</strong></span> <span class='ocrx_word' id='word_1_286' title='bbox 1269 3109 1461 3165; x_wconf 84' lang='lat' dir='ltr'><strong>fastum</strong></span> <span class='ocrx_word' id='word_1_287' title='bbox 1492 3110 1608 3184; x_wconf 67' lang='grc' dir='ltr'><strong>[ηις.</strong></span> <span class='ocrx_word' id='word_1_288' title='bbox 1639 3113 1792 3184; x_wconf 87' lang='lat' dir='ltr'><strong>Lyr.,</strong></span> <span class='ocrx_word' id='word_1_289' title='bbox 1819 3113 2041 3187; x_wconf 80' lang='lat' dir='ltr'><strong>factum]</strong></span> 
     </span>
    </p>
   </div>
   <div class='ocr_carea' id='block_1_46' title="bbox 454 3194 2116 3275">
    <p class='ocr_par' dir='ltr' id='par_1_46' title="bbox 454 3194 2116 3275">
     <span class='ocr_line' id='line_1_46' title="bbox 454 3194 2116 3275; baseline 0.012 -30"><span class='ocrx_word' id='word_1_290' title='bbox 454 3194 668 3261; x_wconf 88' lang='lat' dir='ltr'><strong>quidam</strong></span> <span class='ocrx_word' id='word_1_291' title='bbox 699 3211 862 3251; x_wconf 85' lang='lat' dir='ltr'><strong>senex</strong></span> <span class='ocrx_word' id='word_1_292' title='bbox 909 3197 1139 3268; x_wconf 84' lang='lat' dir='ltr'><strong>simplex</strong></span> <span class='ocrx_word' id='word_1_293' title='bbox 1168 3210 1221 3254; x_wconf 90' lang='lat' dir='ltr'><strong>et</strong></span> <span class='ocrx_word' id='word_1_294' title='bbox 1260 3202 1519 3257; x_wconf 87' lang='lat' dir='ltr'><strong>innocens</strong></span> <span class='ocrx_word' id='word_1_295' title='bbox 1550 3220 1611 3260; x_wconf 89' lang='lat' dir='ltr'><strong>ac</strong></span> <span class='ocrx_word' id='word_1_296' title='bbox 1639 3207 2044 3275; x_wconf 89' lang='lat' dir='ltr'><strong>probatissimns</strong></span> <span class='ocrx_word' id='word_1_297' title='bbox 2071 3201 2116 3264; x_wconf 71' lang='grc' dir='ltr'><strong>(Ξ</strong></span> 
     </span>
    </p>
   </div>
   <div class='ocr_carea' id='block_1_47' title="bbox 453 3283 2044 3367">
    <p class='ocr_par' dir='ltr' id='par_1_47' title="bbox 453 3283 2044 3367">
     <span class='ocr_line' id='line_1_47' title="bbox 453 3283 2044 3367; baseline 0.011 -31"><span class='ocrx_word' id='word_1_298' title='bbox 453 3283 854 3352; x_wconf 83' lang='lat' dir='ltr'><strong>confessorum;</strong></span> <span class='ocrx_word' id='word_1_299' title='bbox 908 3290 1001 3343; x_wconf 88' lang='lat' dir='ltr'><strong>sed</strong></span> <span class='ocrx_word' id='word_1_300' title='bbox 1055 3291 1283 3345; x_wconf 85' lang='lat' dir='ltr'><strong>accessit</strong></span> <span class='ocrx_word' id='word_1_301' title='bbox 1332 3292 1590 3348; x_wconf 87' lang='lat' dir='ltr'><strong>adversus</strong></span> <span class='ocrx_word' id='word_1_302' title='bbox 1631 3311 1752 3348; x_wconf 89' lang='lat' dir='ltr'><strong>eum</strong></span> <span class='ocrx_word' id='word_1_303' title='bbox 1801 3297 2044 3367; x_wconf 83' lang='lat' dir='ltr'><strong>proferre</strong></span> 
     </span>
    </p>
   </div>
   <div class='ocr_carea' id='block_1_48' title="bbox 454 3377 2043 3458">
    <p class='ocr_par' dir='ltr' id='par_1_48' title="bbox 454 3377 2043 3458">
     <span class='ocr_line' id='line_1_48' title="bbox 454 3377 2043 3458; baseline 0.011 -31"><span class='ocrx_word' id='word_1_304' title='bbox 454 3387 780 3430; x_wconf 84' lang='lat' dir='ltr'><strong>sermonem.</strong></span> <span class='ocrx_word' id='word_1_305' title='bbox 813 3377 928 3433; x_wconf 83' lang='lat' dir='ltr'><strong>Hoc</strong></span> <span class='ocrx_word' id='word_1_306' title='bbox 959 3380 1138 3448; x_wconf 81' lang='lat' dir='ltr'><strong>itaque</strong></span> <span class='ocrx_word' id='word_1_307' title='bbox 1181 3382 1376 3437; x_wconf 81' lang='lat' dir='ltr'><strong>factum</strong></span> <span class='ocrx_word' id='word_1_308' title='bbox 1413 3379 1776 3454; x_wconf 84' lang='lat' dir='ltr'><strong>petulantibus</strong></span> <span class='ocrx_word' id='word_1_309' title='bbox 1825 3390 2043 3458; x_wconf 88' lang='lat' dir='ltr'><strong>quidem</strong></span> 
     </span>
    </p>
   </div>
   <div class='ocr_carea' id='block_1_49' title="bbox 457 3463 2040 3548">
    <p class='ocr_par' dir='ltr' id='par_1_49' title="bbox 457 3463 2040 3548">
     <span class='ocr_line' id='line_1_49' title="bbox 457 3463 2040 3548; baseline 0.011 -31"><span class='ocrx_word' id='word_1_310' title='bbox 457 3474 512 3517; x_wconf 88' lang='lat' dir='ltr'><strong>et</strong></span> <span class='ocrx_word' id='word_1_311' title='bbox 541 3463 837 3545; x_wconf 73' lang='lat' dir='ltr'><strong>simplicem</strong></span> <span class='ocrx_word' id='word_1_312' title='bbox 895 3469 1190 3525; x_wconf 85' lang='lat' dir='ltr'><strong>scientibus</strong></span> <span class='ocrx_word' id='word_1_313' title='bbox 1238 3469 1601 3529; x_wconf 76' lang='lat' dir='ltr'><strong>confessorem</strong></span> <span class='ocrx_word' id='word_1_314' title='bbox 1643 3474 1806 3532; x_wconf 67' lang='lat' dir='ltr'><strong>riSum</strong></span> <span class='ocrx_word' id='word_1_315' title='bbox 1853 3479 2040 3548; x_wconf 81' lang='lat' dir='ltr'><strong>movit,</strong></span> 
     </span>
    </p>
   </div>
   <div class='ocr_carea' id='block_1_50' title="bbox 455 3553 2044 3642">
    <p class='ocr_par' dir='ltr' id='par_1_50' title="bbox 455 3553 2044 3642">
     <span class='ocr_line' id='line_1_50' title="bbox 455 3553 2044 3642; baseline 0.013 -31"><span class='ocrx_word' id='word_1_316' title='bbox 455 3553 840 3615; x_wconf 80' lang='lat' dir='ltr'><strong>ttiaturioribus</strong></span> <span class='ocrx_word' id='word_1_317' title='bbox 885 3578 1013 3619; x_wconf 87' lang='lat' dir='ltr'><strong>vero</strong></span> <span class='ocrx_word' id='word_1_318' title='bbox 1060 3564 1400 3623; x_wconf 77' lang='lat' dir='ltr'><strong>formidinem</strong></span> <span class='ocrx_word' id='word_1_319' title='bbox 1434 3587 1448 3623; x_wconf 87' lang='lat'><strong>:</strong></span> <span class='ocrx_word' id='word_1_320' title='bbox 1484 3573 1890 3642; x_wconf 86' lang='lat' dir='ltr'><strong>providentibus</strong></span> <span class='ocrx_word' id='word_1_321' title='bbox 1915 3590 1983 3630; x_wconf 91' lang='lat' dir='ltr'><strong>ne</strong></span> <span class='ocrx_word' id='word_1_322' title='bbox 2012 3574 2044 3631; x_wconf 64' lang='grc' dir='ltr'>ὰ</span> 
     </span>
    </p>
   </div>
   <div class='ocr_carea' id='block_1_51' title="bbox 455 3645 2041 3730">
    <p class='ocr_par' dir='ltr' id='par_1_51' title="bbox 455 3645 2041 3730">
     <span class='ocr_line' id='line_1_51' title="bbox 455 3645 2041 3730; baseline 0.012 -28"><span class='ocrx_word' id='word_1_323' title='bbox 455 3645 573 3703; x_wconf 87' lang='lat' dir='ltr'><strong>viro</strong></span> <span class='ocrx_word' id='word_1_324' title='bbox 601 3652 778 3704; x_wconf 80' lang='lat' dir='ltr'><strong>verbis</strong></span> <span class='ocrx_word' id='word_1_325' title='bbox 807 3651 1015 3708; x_wconf 83' lang='lat' dir='ltr'><strong>artiﬁce</strong></span> <span class='ocrx_word' id='word_1_326' title='bbox 1053 3656 1410 3714; x_wconf 87' lang='lat' dir='ltr'><strong>deduceretur</strong></span> <span class='ocrx_word' id='word_1_327' title='bbox 1438 3661 1506 3716; x_wconf 90' lang='lat' dir='ltr'><strong>ad</strong></span> <span class='ocrx_word' id='word_1_328' title='bbox 1533 3663 1735 3730; x_wconf 90' lang='lat' dir='ltr'><strong>risum;</strong></span> <span class='ocrx_word' id='word_1_329' title='bbox 1764 3671 2041 3722; x_wconf 71' lang='lat' dir='ltr'><strong>verumta-</strong></span> 
     </span>
    </p>
   </div>
   <div class='ocr_carea' id='block_1_52' title="bbox 454 3743 2044 3824">
    <p class='ocr_par' dir='ltr' id='par_1_52' title="bbox 454 3743 2044 3824">
     <span class='ocr_line' id='line_1_52' title="bbox 454 3743 2044 3824; baseline 0.013 -28"><span class='ocrx_word' id='word_1_330' title='bbox 454 3754 577 3797; x_wconf 88' lang='lat' dir='ltr'><strong>men</strong></span> <span class='ocrx_word' id='word_1_331' title='bbox 609 3743 922 3802; x_wconf 88' lang='lat' dir='ltr'><strong>cedentibus</strong></span> <span class='ocrx_word' id='word_1_332' title='bbox 945 3789 960 3816; x_wconf 97' lang='lat'><strong>,</strong></span> <span class='ocrx_word' id='word_1_333' title='bbox 993 3755 1052 3804; x_wconf 86' lang='lat' dir='ltr'><strong>ut</strong></span> <span class='ocrx_word' id='word_1_334' title='bbox 1097 3752 1240 3819; x_wconf 89' lang='lat' dir='ltr'><strong>quod</strong></span> <span class='ocrx_word' id='word_1_335' title='bbox 1271 3753 1433 3808; x_wconf 85' lang='lat' dir='ltr'><strong>vellet</strong></span> <span class='ocrx_word' id='word_1_336' title='bbox 1475 3757 1743 3824; x_wconf 86' lang='lat' dir='ltr'><strong>ediceret;</strong></span> <span class='ocrx_word' id='word_1_337' title='bbox 1789 3759 2044 3816; x_wconf 85' lang='lat' dir='ltr'><strong>resistere</strong></span> 
     </span>
    </p>
   </div>
   <div class='ocr_carea' id='block_1_53' title="bbox 453 3839 2042 3910">
    <p class='ocr_par' dir='ltr' id='par_1_53' title="bbox 453 3839 2042 3910">
     <span class='ocr_line' id='line_1_53' title="bbox 453 3839 2042 3910; baseline 0.013 -23"><span class='ocrx_word' id='word_1_338' title='bbox 453 3849 688 3904; x_wconf 86' lang='lat' dir='ltr'><strong>namque</strong></span> <span class='ocrx_word' id='word_1_339' title='bbox 727 3839 777 3893; x_wconf 89' lang='lat' dir='ltr'><strong>ei</strong></span> <span class='ocrx_word' id='word_1_340' title='bbox 805 3853 927 3894; x_wconf 90' lang='lat' dir='ltr'><strong>cum</strong></span> <span class='ocrx_word' id='word_1_341' title='bbox 978 3842 1098 3897; x_wconf 85' lang='lat' dir='ltr'><strong>talis</strong></span> <span class='ocrx_word' id='word_1_342' title='bbox 1127 3852 1300 3910; x_wconf 90' lang='lat' dir='ltr'><strong>esset,</strong></span> <span class='ocrx_word' id='word_1_343' title='bbox 1332 3845 1553 3901; x_wconf 89' lang='lat' dir='ltr'><strong>nimium</strong></span> <span class='ocrx_word' id='word_1_344' title='bbox 1608 3852 1951 3906; x_wconf 78' lang='lat' dir='ltr'><strong>verebantur;</strong></span> <span class='ocrx_word' id='word_1_345' title='bbox 1982 3845 2042 3907; x_wconf 82' lang='lat' dir='ltr'><strong>1h</strong></span> 
     </span>
    </p>
   </div>
   <div class='ocr_carea' id='block_1_54' title="bbox 451 3930 2042 4010">
    <p class='ocr_par' dir='ltr' id='par_1_54' title="bbox 451 3930 2042 4010">
     <span class='ocr_line' id='line_1_54' title="bbox 451 3930 2042 4010; baseline 0.01 -28"><span class='ocrx_word' id='word_1_346' title='bbox 451 3930 692 3998; x_wconf 89' lang='lat' dir='ltr'><strong>nomine,</strong></span> <span class='ocrx_word' id='word_1_347' title='bbox 753 3931 947 4002; x_wconf 89' lang='lat' dir='ltr'><strong>inquit,</strong></span> <span class='ocrx_word' id='word_1_348' title='bbox 993 3933 1119 3990; x_wconf 87' lang='lat' dir='ltr'><strong>Jesu</strong></span> <span class='ocrx_word' id='word_1_349' title='bbox 1149 3935 1392 4002; x_wconf 84' lang='lat' dir='ltr'><strong>Christi,</strong></span> <span class='ocrx_word' id='word_1_350' title='bbox 1439 3951 1472 3993; x_wconf 87' lang='grc' dir='ltr'>ο</span> <span class='ocrx_word' id='word_1_351' title='bbox 1521 3939 1862 4010; x_wconf 85' lang='lat' dir='ltr'><strong>philosophe,</strong></span> <span class='ocrx_word' id='word_1_352' title='bbox 1917 3933 2042 3998; x_wconf 88' lang='lat' dir='ltr'><strong>audi</strong></span> 
     </span>
    </p>
   </div>
   <div class='ocr_carea' id='block_1_55' title="bbox 451 4023 2042 4096">
    <p class='ocr_par' dir='ltr' id='par_1_55' title="bbox 451 4023 2042 4096">
     <span class='ocr_line' id='line_1_55' title="bbox 451 4023 2042 4096; baseline 0.008 -21"><span class='ocrx_word' id='word_1_353' title='bbox 451 4023 704 4090; x_wconf 80' lang='lat' dir='ltr'><strong>dogmata</strong></span> <span class='ocrx_word' id='word_1_354' title='bbox 732 4026 978 4080; x_wconf 84' lang='lat' dir='ltr'><strong>veritatis</strong></span> <span class='ocrx_word' id='word_1_355' title='bbox 1001 4045 1011 4078; x_wconf 91' lang='lat'>:</span> <span class='ocrx_word' id='word_1_356' title='bbox 1040 4025 1190 4082; x_wconf 81' lang='lat' dir='ltr'><strong>Unus</strong></span> <span class='ocrx_word' id='word_1_357' title='bbox 1213 4039 1294 4083; x_wconf 88' lang='lat' dir='ltr'><strong>est</strong></span> <span class='ocrx_word' id='word_1_358' title='bbox 1322 4029 1460 4084; x_wconf 87' lang='lat' dir='ltr'><strong>Deus</strong></span> <span class='ocrx_word' id='word_1_359' title='bbox 1485 4031 1604 4085; x_wconf 82' lang='lat' dir='ltr'><strong>c’mli</strong></span> <span class='ocrx_word' id='word_1_360' title='bbox 1634 4035 1688 4085; x_wconf 83' lang='lat' dir='ltr'><strong>et</strong></span> <span class='ocrx_word' id='word_1_361' title='bbox 1717 4039 1892 4096; x_wconf 75' lang='lat' dir='ltr'><strong>teme,</strong></span> <span class='ocrx_word' id='word_1_362' title='bbox 1919 4049 2042 4087; x_wconf 91' lang='lat' dir='ltr'><strong>om-</strong></span> 
     </span>
    </p>
   </div>
   <div class='ocr_carea' id='block_1_56' title="bbox 451 4119 2044 4194">
    <p class='ocr_par' dir='ltr' id='par_1_56' title="bbox 451 4119 2044 4194">
     <span class='ocr_line' id='line_1_56' title="bbox 451 4119 2044 4194; baseline 0.008 -25"><span class='ocrx_word' id='word_1_363' title='bbox 451 4119 708 4186; x_wconf 88' lang='lat' dir='ltr'><strong>niumque</strong></span> <span class='ocrx_word' id='word_1_364' title='bbox 741 4119 1026 4174; x_wconf 87' lang='lat' dir='ltr'><strong>visibilium</strong></span> <span class='ocrx_word' id='word_1_365' title='bbox 1057 4129 1110 4174; x_wconf 91' lang='lat' dir='ltr'><strong>et</strong></span> <span class='ocrx_word' id='word_1_366' title='bbox 1140 4121 1483 4176; x_wconf 80' lang='lat' dir='ltr'><strong>invisibilium</strong></span> <span class='ocrx_word' id='word_1_367' title='bbox 1536 4123 1780 4188; x_wconf 89' lang='lat' dir='ltr'><strong>Creator,</strong></span> <span class='ocrx_word' id='word_1_368' title='bbox 1811 4121 1900 4194; x_wconf 82' lang='lat' dir='ltr'><strong>qui</strong></span> <span class='ocrx_word' id='word_1_369' title='bbox 1928 4125 2044 4181; x_wconf 68' lang='lat' dir='ltr'><strong>htec</strong></span> 
     </span>
    </p>
   </div>
   <div class='ocr_carea' id='block_1_57' title="bbox 449 4210 2042 4285">
    <p class='ocr_par' dir='ltr' id='par_1_57' title="bbox 449 4210 2042 4285">
     <span class='ocr_line' id='line_1_57' title="bbox 449 4210 2042 4285; baseline 0.005 -21"><span class='ocrx_word' id='word_1_370' title='bbox 449 4210 629 4264; x_wconf 88' lang='lat' dir='ltr'><strong>omnia</strong></span> <span class='ocrx_word' id='word_1_371' title='bbox 651 4211 814 4265; x_wconf 82' lang='lat' dir='ltr'><strong>Verbi</strong></span> <span class='ocrx_word' id='word_1_372' title='bbox 858 4213 937 4266; x_wconf 89' lang='lat' dir='ltr'><strong>sui</strong></span> <span class='ocrx_word' id='word_1_373' title='bbox 962 4211 1160 4267; x_wconf 85' lang='lat' dir='ltr'><strong>virtute</strong></span> <span class='ocrx_word' id='word_1_374' title='bbox 1190 4213 1345 4282; x_wconf 80' lang='lat' dir='ltr'><strong>fecit,</strong></span> <span class='ocrx_word' id='word_1_375' title='bbox 1377 4222 1434 4270; x_wconf 92' lang='lat' dir='ltr'><strong>et</strong></span> <span class='ocrx_word' id='word_1_376' title='bbox 1464 4215 1695 4285; x_wconf 84' lang='lat' dir='ltr'><strong>Spiritus</strong></span> <span class='ocrx_word' id='word_1_377' title='bbox 1723 4217 1805 4270; x_wconf 88' lang='lat' dir='ltr'><strong>sui</strong></span> <span class='ocrx_word' id='word_1_378' title='bbox 1841 4217 2042 4272; x_wconf 88' lang='lat' dir='ltr'><strong>sancti-</strong></span> 
     </span>
    </p>
   </div>
   <div class='ocr_carea' id='block_1_58' title="bbox 449 4303 2040 4380">
    <p class='ocr_par' dir='ltr' id='par_1_58' title="bbox 449 4303 2040 4380">
     <span class='ocr_line' id='line_1_58' title="bbox 449 4303 2040 4380; baseline 0.006 -24"><span class='ocrx_word' id='word_1_379' title='bbox 449 4311 562 4356; x_wconf 90' lang='lat' dir='ltr'><strong>tate</strong></span> <span class='ocrx_word' id='word_1_380' title='bbox 593 4303 842 4359; x_wconf 88' lang='lat' dir='ltr'><strong>llrmavit.</strong></span> <span class='ocrx_word' id='word_1_381' title='bbox 876 4305 991 4362; x_wconf 88' lang='lat' dir='ltr'><strong>Hoc</strong></span> <span class='ocrx_word' id='word_1_382' title='bbox 1022 4307 1202 4376; x_wconf 88' lang='lat' dir='ltr'><strong>itaque</strong></span> <span class='ocrx_word' id='word_1_383' title='bbox 1231 4308 1470 4364; x_wconf 85' lang='lat' dir='ltr'><strong>V&#39;e&#39;rbum</strong></span> <span class='ocrx_word' id='word_1_384' title='bbox 1521 4309 1669 4380; x_wconf 89' lang='lat' dir='ltr'><strong>quod</strong></span> <span class='ocrx_word' id='word_1_385' title='bbox 1717 4328 1815 4366; x_wconf 92' lang='lat' dir='ltr'><strong>nos</strong></span> <span class='ocrx_word' id='word_1_386' title='bbox 1845 4311 2040 4367; x_wconf 85' lang='lat' dir='ltr'><strong>Filium</strong></span> 
     </span>
    </p>
   </div>
   <div class='ocr_carea' id='block_1_59' title="bbox 451 4387 2034 4472">
    <p class='ocr_par' dir='ltr' id='par_1_59' title="bbox 451 4387 2034 4472">
     <span class='ocr_line' id='line_1_59' title="bbox 451 4387 2034 4472; baseline 0.008 -26"><span class='ocrx_word' id='word_1_387' title='bbox 451 4387 546 4448; x_wconf 86' lang='lat' dir='ltr'><strong>Dei</strong></span> <span class='ocrx_word' id='word_1_388' title='bbox 579 4396 937 4464; x_wconf 88' lang='lat' dir='ltr'><strong>nominamus,</strong></span> <span class='ocrx_word' id='word_1_389' title='bbox 970 4398 1152 4454; x_wconf 81' lang='lat' dir='ltr'><strong>habita</strong></span> <span class='ocrx_word' id='word_1_390' title='bbox 1184 4396 1550 4456; x_wconf 74' lang='lat' dir='ltr'><strong>misericordia</strong></span> <span class='ocrx_word' id='word_1_391' title='bbox 1573 4399 1734 4472; x_wconf 84' lang='lat' dir='ltr'><strong>super</strong></span> <span class='ocrx_word' id='word_1_392' title='bbox 1761 4395 2034 4472; x_wconf 72' lang='lat' dir='ltr'><strong>homines,</strong></span> 
     </span>
    </p>
   </div>
   <div class='ocr_carea' id='block_1_60' title="bbox 452 4485 2039 4565">
    <p class='ocr_par' dir='ltr' id='par_1_60' title="bbox 452 4485 2039 4565">
     <span class='ocr_line' id='line_1_60' title="bbox 452 4485 2039 4565; baseline 0.008 -27"><span class='ocrx_word' id='word_1_393' title='bbox 452 4485 520 4538; x_wconf 86' lang='lat' dir='ltr'><strong>ab</strong></span> <span class='ocrx_word' id='word_1_394' title='bbox 551 4500 733 4541; x_wconf 90' lang='lat' dir='ltr'><strong>errore</strong></span> <span class='ocrx_word' id='word_1_395' title='bbox 758 4503 850 4543; x_wconf 89' lang='lat' dir='ltr'><strong>eos</strong></span> <span class='ocrx_word' id='word_1_396' title='bbox 873 4497 926 4544; x_wconf 91' lang='lat' dir='ltr'><strong>et</strong></span> <span class='ocrx_word' id='word_1_397' title='bbox 947 4490 1097 4546; x_wconf 76' lang='lat' dir='ltr'><strong>ferali</strong></span> <span class='ocrx_word' id='word_1_398' title='bbox 1137 4493 1397 4561; x_wconf 83' lang='lat' dir='ltr'><strong>religione</strong></span> <span class='ocrx_word' id='word_1_399' title='bbox 1438 4493 1717 4560; x_wconf 85' lang='lat' dir='ltr'><strong>liberavit,</strong></span> <span class='ocrx_word' id='word_1_400' title='bbox 1749 4497 1939 4565; x_wconf 86' lang='lat' dir='ltr'><strong>passus</strong></span> <span class='ocrx_word' id='word_1_401' title='bbox 1972 4512 2039 4551; x_wconf 84' lang='lat' dir='ltr'><strong>ex</strong></span> 
     </span>
    </p>
   </div>
   <div class='ocr_carea' id='block_1_61' title="bbox 2157 1875 3755 1945">
    <p class='ocr_par' dir='ltr' id='par_1_61' title="bbox 2157 1875 3755 1945">
     <span class='ocr_line' id='line_1_61' title="bbox 2157 1875 3755 1945; baseline 0.005 -15"><span class='ocrx_word' id='word_1_402' title='bbox 2157 1875 2301 1930; x_wconf 89' lang='lat' dir='ltr'><strong>enirn</strong></span> <span class='ocrx_word' id='word_1_403' title='bbox 2329 1875 2412 1930; x_wconf 88' lang='lat' dir='ltr'><strong>vir</strong></span> <span class='ocrx_word' id='word_1_404' title='bbox 2455 1890 2712 1945; x_wconf 88' lang='lat' dir='ltr'><strong>magnus,</strong></span> <span class='ocrx_word' id='word_1_405' title='bbox 2742 1885 2797 1932; x_wconf 91' lang='lat' dir='ltr'><strong>et</strong></span> <span class='ocrx_word' id='word_1_406' title='bbox 2823 1879 3235 1935; x_wconf 86' lang='lat' dir='ltr'><strong>conversatione</strong></span> <span class='ocrx_word' id='word_1_407' title='bbox 3261 1881 3559 1937; x_wconf 87' lang='lat' dir='ltr'><strong>mirandus.</strong></span> <span class='ocrx_word' id='word_1_408' title='bbox 3582 1881 3755 1938; x_wconf 82' lang='lat' dir='ltr'><strong>Cum-</strong></span> 
     </span>
    </p>
   </div>
   <div class='ocr_carea' id='block_1_62' title="bbox 2155 1969 3754 2043">
    <p class='ocr_par' dir='ltr' id='par_1_62' title="bbox 2155 1969 3754 2043">
     <span class='ocr_line' id='line_1_62' title="bbox 2155 1969 3754 2043; baseline 0.007 -23"><span class='ocrx_word' id='word_1_409' title='bbox 2155 1981 2262 2036; x_wconf 85' lang='lat' dir='ltr'><strong>que</strong></span> <span class='ocrx_word' id='word_1_410' title='bbox 2275 1975 2547 2023; x_wconf 89' lang='lat' dir='ltr'><strong>certamen</strong></span> <span class='ocrx_word' id='word_1_411' title='bbox 2565 1969 2889 2038; x_wconf 89' lang='lat' dir='ltr'><strong>imperatore</strong></span> <span class='ocrx_word' id='word_1_412' title='bbox 2900 1970 3244 2040; x_wconf 65' lang='lat' dir='ltr'><strong>praecipiente</strong></span> <span class='ocrx_word' id='word_1_413' title='bbox 3258 1973 3606 2043; x_wconf 80' lang='lat' dir='ltr'><strong>suscepisset,</strong></span> <span class='ocrx_word' id='word_1_414' title='bbox 3621 1991 3754 2030; x_wconf 90' lang='lat' dir='ltr'><strong>con-</strong></span> 
     </span>
    </p>
   </div>
   <div class='ocr_carea' id='block_1_63' title="bbox 2154 2059 3746 2131">
    <p class='ocr_par' dir='ltr' id='par_1_63' title="bbox 2154 2059 3746 2131">
     <span class='ocr_line' id='line_1_63' title="bbox 2154 2059 3746 2131; baseline 0.004 -18"><span class='ocrx_word' id='word_1_415' title='bbox 2154 2060 2533 2130; x_wconf 87' lang='lat' dir='ltr'><strong>venissentque</strong></span> <span class='ocrx_word' id='word_1_416' title='bbox 2561 2059 2906 2130; x_wconf 87' lang='lat' dir='ltr'><strong>philosophi,</strong></span> <span class='ocrx_word' id='word_1_417' title='bbox 2938 2061 3186 2117; x_wconf 90' lang='lat' dir='ltr'><strong>omnibus</strong></span> <span class='ocrx_word' id='word_1_418' title='bbox 3213 2062 3364 2131; x_wconf 84' lang='lat' dir='ltr'><strong>loqui</strong></span> <span class='ocrx_word' id='word_1_419' title='bbox 3409 2063 3746 2130; x_wconf 81' lang='lat' dir='ltr'><strong>volentibus,</strong></span> 
     </span>
    </p>
   </div>
   <div class='ocr_carea' id='block_1_64' title="bbox 2156 2151 3750 2225">
    <p class='ocr_par' dir='ltr' id='par_1_64' title="bbox 2156 2151 3750 2225">
     <span class='ocr_line' id='line_1_64' title="bbox 2156 2151 3750 2225; baseline 0.004 -21"><span class='ocrx_word' id='word_1_420' title='bbox 2156 2158 2217 2204; x_wconf 89' lang='lat' dir='ltr'><strong>ut</strong></span> <span class='ocrx_word' id='word_1_421' title='bbox 2264 2166 2426 2205; x_wconf 81' lang='lat' dir='ltr'><strong>unum</strong></span> <span class='ocrx_word' id='word_1_422' title='bbox 2473 2165 2540 2205; x_wconf 84' lang='lat' dir='ltr'><strong>ex</strong></span> <span class='ocrx_word' id='word_1_423' title='bbox 2569 2165 2628 2206; x_wconf 91' lang='lat' dir='ltr'><strong>se</strong></span> <span class='ocrx_word' id='word_1_424' title='bbox 2673 2166 2834 2220; x_wconf 89' lang='lat' dir='ltr'><strong>quem</strong></span> <span class='ocrx_word' id='word_1_425' title='bbox 2881 2151 3085 2208; x_wconf 84' lang='lat' dir='ltr'><strong>vellent</strong></span> <span class='ocrx_word' id='word_1_426' title='bbox 3129 2153 3422 2222; x_wconf 72' lang='lat' dir='ltr'><strong>eligerent,</strong></span> <span class='ocrx_word' id='word_1_427' title='bbox 3452 2157 3750 2225; x_wconf 74' lang='lat' dir='ltr'><strong>postulavit</strong></span> 
     </span>
    </p>
   </div>
   <div class='ocr_carea' id='block_1_65' title="bbox 2155 2243 3747 2314">
    <p class='ocr_par' dir='ltr' id='par_1_65' title="bbox 2155 2243 3747 2314">
     <span class='ocr_line' id='line_1_65' title="bbox 2155 2243 3747 2314; baseline 0.006 -18"><span class='ocrx_word' id='word_1_428' title='bbox 2155 2250 2355 2298; x_wconf 65' lang='lat' dir='ltr'><strong>sancta:</strong></span> <span class='ocrx_word' id='word_1_429' title='bbox 2401 2243 2679 2298; x_wconf 70' lang='lat' dir='ltr'><strong>memoriae</strong></span> <span class='ocrx_word' id='word_1_430' title='bbox 2707 2252 2863 2314; x_wconf 89' lang='lat' dir='ltr'><strong>pater</strong></span> <span class='ocrx_word' id='word_1_431' title='bbox 2909 2253 3097 2300; x_wconf 89' lang='lat' dir='ltr'><strong>noster</strong></span> <span class='ocrx_word' id='word_1_432' title='bbox 3122 2246 3476 2302; x_wconf 81' lang='lat' dir='ltr'><strong>Alexander:</strong></span> <span class='ocrx_word' id='word_1_433' title='bbox 3523 2258 3747 2305; x_wconf 63' lang='lat' dir='ltr'><strong>caeteros</strong></span> 
     </span>
    </p>
   </div>
   <div class='ocr_carea' id='block_1_66' title="bbox 2153 2334 3749 2410">
    <p class='ocr_par' dir='ltr' id='par_1_66' title="bbox 2153 2334 3749 2410">
     <span class='ocr_line' id='line_1_66' title="bbox 2153 2334 3749 2410; baseline 0.004 -22"><span class='ocrx_word' id='word_1_434' title='bbox 2153 2348 2305 2400; x_wconf 90' lang='lat' dir='ltr'><strong>vero,</strong></span> <span class='ocrx_word' id='word_1_435' title='bbox 2338 2334 2646 2404; x_wconf 89' lang='lat' dir='ltr'><strong>quicunque</strong></span> <span class='ocrx_word' id='word_1_436' title='bbox 2667 2343 2851 2390; x_wconf 90' lang='lat' dir='ltr'><strong>essent</strong></span> <span class='ocrx_word' id='word_1_437' title='bbox 2875 2375 2890 2402; x_wconf 96' lang='lat'><strong>,</strong></span> <span class='ocrx_word' id='word_1_438' title='bbox 2916 2337 3188 2392; x_wconf 90' lang='lat' dir='ltr'><strong>silentium</strong></span> <span class='ocrx_word' id='word_1_439' title='bbox 3211 2345 3428 2405; x_wconf 89' lang='lat' dir='ltr'><strong>tenere;</strong></span> <span class='ocrx_word' id='word_1_440' title='bbox 3459 2340 3749 2410; x_wconf 64' lang='lat' dir='ltr'><strong>praecpit-</strong></span> 
     </span>
    </p>
   </div>
   <div class='ocr_carea' id='block_1_67' title="bbox 2154 2425 3749 2503">
    <p class='ocr_par' dir='ltr' id='par_1_67' title="bbox 2154 2425 3749 2503">
     <span class='ocr_line' id='line_1_67' title="bbox 2154 2425 3749 2503; baseline 0.005 -24"><span class='ocrx_word' id='word_1_441' title='bbox 2154 2440 2261 2493; x_wconf 90' lang='lat' dir='ltr'><strong>que</strong></span> <span class='ocrx_word' id='word_1_442' title='bbox 2291 2434 2348 2479; x_wconf 92' lang='lat' dir='ltr'><strong>ut</strong></span> <span class='ocrx_word' id='word_1_443' title='bbox 2373 2425 2745 2481; x_wconf 88' lang='lat' dir='ltr'><strong>tantummodo</strong></span> <span class='ocrx_word' id='word_1_444' title='bbox 2787 2427 2870 2481; x_wconf 92' lang='lat' dir='ltr'><strong>his</strong></span> <span class='ocrx_word' id='word_1_445' title='bbox 2899 2442 3018 2496; x_wconf 69' lang='lat' dir='ltr'><strong>qua:</strong></span> <span class='ocrx_word' id='word_1_446' title='bbox 3057 2428 3124 2484; x_wconf 90' lang='lat' dir='ltr'><strong>ab</strong></span> <span class='ocrx_word' id='word_1_447' title='bbox 3149 2435 3382 2499; x_wconf 89' lang='lat' dir='ltr'><strong>utroque</strong></span> <span class='ocrx_word' id='word_1_448' title='bbox 3409 2431 3749 2503; x_wconf 86' lang='lat' dir='ltr'><strong>dicerentur,</strong></span> 
     </span>
    </p>
   </div>
   <div class='ocr_carea' id='block_1_68' title="bbox 2155 2516 3754 2594">
    <p class='ocr_par' dir='ltr' id='par_1_68' title="bbox 2155 2516 3754 2594">
     <span class='ocr_line' id='line_1_68' title="bbox 2155 2516 3754 2594; baseline 0.005 -24"><span class='ocrx_word' id='word_1_449' title='bbox 2155 2517 2516 2572; x_wconf 89' lang='lat' dir='ltr'><strong>intenderent.</strong></span> <span class='ocrx_word' id='word_1_450' title='bbox 2550 2516 2888 2588; x_wconf 89' lang='lat' dir='ltr'><strong>Suscipiente</strong></span> <span class='ocrx_word' id='word_1_451' title='bbox 2913 2519 3175 2588; x_wconf 89' lang='lat' dir='ltr'><strong>siquidem</strong></span> <span class='ocrx_word' id='word_1_452' title='bbox 3205 2536 3314 2576; x_wconf 92' lang='lat' dir='ltr'><strong>uno</strong></span> <span class='ocrx_word' id='word_1_453' title='bbox 3344 2536 3524 2576; x_wconf 88' lang='lat' dir='ltr'><strong>eorum</strong></span> <span class='ocrx_word' id='word_1_454' title='bbox 3554 2522 3754 2594; x_wconf 87' lang='lat' dir='ltr'><strong>dispu-</strong></span> 
     </span>
    </p>
   </div>
   <div class='ocr_carea' id='block_1_69' title="bbox 2157 2608 3750 2684">
    <p class='ocr_par' dir='ltr' id='par_1_69' title="bbox 2157 2608 3750 2684">
     <span class='ocr_line' id='line_1_69' title="bbox 2157 2608 3750 2684; baseline 0.006 -23"><span class='ocrx_word' id='word_1_455' title='bbox 2157 2608 2376 2662; x_wconf 85' lang='lat' dir='ltr'><strong>tationis</strong></span> <span class='ocrx_word' id='word_1_456' title='bbox 2402 2609 2666 2664; x_wconf 78' lang='lat' dir='ltr'><strong>universa:</strong></span> <span class='ocrx_word' id='word_1_457' title='bbox 2690 2611 2964 2679; x_wconf 82' lang='lat' dir='ltr'><strong>negotium</strong></span> <span class='ocrx_word' id='word_1_458' title='bbox 2980 2651 2996 2676; x_wconf 91' lang='lat'><strong>,</strong></span> <span class='ocrx_word' id='word_1_459' title='bbox 3025 2610 3093 2665; x_wconf 91' lang='lat' dir='ltr'><strong>ad</strong></span> <span class='ocrx_word' id='word_1_460' title='bbox 3119 2611 3498 2684; x_wconf 83' lang='lat' dir='ltr'><strong>philosophum</strong></span> <span class='ocrx_word' id='word_1_461' title='bbox 3523 2623 3750 2671; x_wconf 86' lang='lat' dir='ltr'><strong>sanctus</strong></span> 
     </span>
    </p>
   </div>
   <div class='ocr_carea' id='block_1_70' title="bbox 2155 2702 3748 2779">
    <p class='ocr_par' dir='ltr' id='par_1_70' title="bbox 2155 2702 3748 2779">
     <span class='ocr_line' id='line_1_70' title="bbox 2155 2702 3748 2779; baseline 0.004 -23"><span class='ocrx_word' id='word_1_462' title='bbox 2155 2702 2496 2758; x_wconf 84' lang='lat' dir='ltr'><strong>Alexander:</strong></span> <span class='ocrx_word' id='word_1_463' title='bbox 2525 2703 2584 2757; x_wconf 87' lang='lat' dir='ltr'><strong>In</strong></span> <span class='ocrx_word' id='word_1_464' title='bbox 2617 2705 2850 2770; x_wconf 88' lang='lat' dir='ltr'><strong>nomine,</strong></span> <span class='ocrx_word' id='word_1_465' title='bbox 2884 2705 3097 2774; x_wconf 91' lang='lat' dir='ltr'><strong>inquit,</strong></span> <span class='ocrx_word' id='word_1_466' title='bbox 3127 2705 3256 2762; x_wconf 82' lang='lat' dir='ltr'><strong>Jesu</strong></span> <span class='ocrx_word' id='word_1_467' title='bbox 3303 2704 3508 2762; x_wconf 84' lang='lat' dir='ltr'><strong>Christi</strong></span> <span class='ocrx_word' id='word_1_468' title='bbox 3537 2708 3748 2779; x_wconf 86' lang='lat' dir='ltr'><strong>impero</strong></span> 
     </span>
    </p>
   </div>
   <div class='ocr_carea' id='block_1_71' title="bbox 2152 2793 3747 2869">
    <p class='ocr_par' dir='ltr' id='par_1_71' title="bbox 2152 2793 3747 2869">
     <span class='ocr_line' id='line_1_71' title="bbox 2152 2793 3747 2869; baseline 0.008 -23"><span class='ocrx_word' id='word_1_469' title='bbox 2152 2793 2248 2846; x_wconf 86' lang='lat' dir='ltr'><strong>tibi</strong></span> <span class='ocrx_word' id='word_1_470' title='bbox 2277 2794 2538 2862; x_wconf 86' lang='lat' dir='ltr'><strong>imprimis</strong></span> <span class='ocrx_word' id='word_1_471' title='bbox 2567 2809 2635 2849; x_wconf 91' lang='lat' dir='ltr'><strong>ne</strong></span> <span class='ocrx_word' id='word_1_472' title='bbox 2675 2794 2933 2864; x_wconf 89' lang='lat' dir='ltr'><strong>loquaris.</strong></span> <span class='ocrx_word' id='word_1_473' title='bbox 2967 2795 3035 2850; x_wconf 86' lang='lat' dir='ltr'><strong>Et</strong></span> <span class='ocrx_word' id='word_1_474' title='bbox 3064 2813 3168 2852; x_wconf 89' lang='lat' dir='ltr'><strong>una</strong></span> <span class='ocrx_word' id='word_1_475' title='bbox 3196 2814 3320 2853; x_wconf 89' lang='lat' dir='ltr'><strong>cum</strong></span> <span class='ocrx_word' id='word_1_476' title='bbox 3347 2800 3466 2869; x_wconf 88' lang='lat' dir='ltr'><strong>ejus</strong></span> <span class='ocrx_word' id='word_1_477' title='bbox 3495 2815 3747 2858; x_wconf 81' lang='lat' dir='ltr'><strong>sermone</strong></span> 
     </span>
    </p>
   </div>
   <div class='ocr_carea' id='block_1_72' title="bbox 2152 2885 3746 2960">
    <p class='ocr_par' dir='ltr' id='par_1_72' title="bbox 2152 2885 3746 2960">
     <span class='ocr_line' id='line_1_72' title="bbox 2152 2885 3746 2960; baseline 0.006 -20"><span class='ocrx_word' id='word_1_478' title='bbox 2152 2901 2291 2954; x_wconf 91' lang='lat' dir='ltr'><strong>opus</strong></span> <span class='ocrx_word' id='word_1_479' title='bbox 2318 2885 2600 2955; x_wconf 88' lang='lat' dir='ltr'><strong>impletum</strong></span> <span class='ocrx_word' id='word_1_480' title='bbox 2650 2896 2752 2941; x_wconf 89' lang='lat' dir='ltr'><strong>est.</strong></span> <span class='ocrx_word' id='word_1_481' title='bbox 2797 2886 3042 2958; x_wconf 82' lang='lat' dir='ltr'><strong>Repente</strong></span> <span class='ocrx_word' id='word_1_482' title='bbox 3065 2905 3300 2960; x_wconf 87' lang='lat' dir='ltr'><strong>namque</strong></span> <span class='ocrx_word' id='word_1_483' title='bbox 3333 2890 3423 2947; x_wconf 90' lang='lat' dir='ltr'><strong>ille</strong></span> <span class='ocrx_word' id='word_1_484' title='bbox 3452 2892 3621 2948; x_wconf 88' lang='lat' dir='ltr'><strong>homo</strong></span> <span class='ocrx_word' id='word_1_485' title='bbox 3641 2933 3660 2960; x_wconf 90' lang='lat'><strong>,</strong></span> <span class='ocrx_word' id='word_1_486' title='bbox 3685 2903 3746 2950; x_wconf 89' lang='lat' dir='ltr'><strong>ut</strong></span> 
     </span>
    </p>
   </div>
   <div class='ocr_carea' id='block_1_73' title="bbox 2151 2977 3746 3048">
    <p class='ocr_par' dir='ltr' id='par_1_73' title="bbox 2151 2977 3746 3048">
     <span class='ocr_line' id='line_1_73' title="bbox 2151 2977 3746 3048; baseline 0.007 -19"><span class='ocrx_word' id='word_1_487' title='bbox 2151 2991 2458 3032; x_wconf 90' lang='lat' dir='ltr'><strong>sermonem</strong></span> <span class='ocrx_word' id='word_1_488' title='bbox 2512 2977 2731 3040; x_wconf 79' lang='lat' dir='ltr'><strong>audivit,</strong></span> <span class='ocrx_word' id='word_1_489' title='bbox 2781 2978 3017 3048; x_wconf 74' lang='lat' dir='ltr'><strong>obligato</strong></span> <span class='ocrx_word' id='word_1_490' title='bbox 3060 2996 3156 3035; x_wconf 88' lang='lat' dir='ltr'><strong>ore</strong></span> <span class='ocrx_word' id='word_1_491' title='bbox 3194 2983 3476 3038; x_wconf 88' lang='lat' dir='ltr'><strong>conticuit.</strong></span> <span class='ocrx_word' id='word_1_492' title='bbox 3507 2982 3746 3040; x_wconf 85' lang='lat' dir='ltr'><strong>Putasne</strong></span> 
     </span>
    </p>
   </div>
   <div class='ocr_carea' id='block_1_74' title="bbox 2147 3069 3741 3145">
    <p class='ocr_par' dir='ltr' id='par_1_74' title="bbox 2147 3069 3741 3145">
     <span class='ocr_line' id='line_1_74' title="bbox 2147 3069 3741 3145; baseline 0.006 -23"><span class='ocrx_word' id='word_1_493' title='bbox 2147 3069 2351 3139; x_wconf 88' lang='lat' dir='ltr'><strong>justum</strong></span> <span class='ocrx_word' id='word_1_494' title='bbox 2374 3070 2474 3125; x_wconf 79' lang='lat' dir='ltr'><strong>fuit</strong></span> <span class='ocrx_word' id='word_1_495' title='bbox 2497 3072 2842 3127; x_wconf 88' lang='lat' dir='ltr'><strong>considerare</strong></span> <span class='ocrx_word' id='word_1_496' title='bbox 2870 3081 3048 3128; x_wconf 90' lang='lat' dir='ltr'><strong>utrum</strong></span> <span class='ocrx_word' id='word_1_497' title='bbox 3094 3074 3265 3145; x_wconf 89' lang='lat' dir='ltr'><strong>majus</strong></span> <span class='ocrx_word' id='word_1_498' title='bbox 3290 3076 3394 3132; x_wconf 90' lang='lat' dir='ltr'><strong>hoc</strong></span> <span class='ocrx_word' id='word_1_499' title='bbox 3415 3077 3741 3132; x_wconf 88' lang='lat' dir='ltr'><strong>miraculum</strong></span> 
     </span>
    </p>
   </div>
   <div class='ocr_carea' id='block_1_75' title="bbox 2150 3162 3745 3239">
    <p class='ocr_par' dir='ltr' id='par_1_75' title="bbox 2150 3162 3745 3239">
     <span class='ocr_line' id='line_1_75' title="bbox 2150 3162 3745 3239; baseline 0.006 -24"><span class='ocrx_word' id='word_1_500' title='bbox 2150 3162 2446 3234; x_wconf 89' lang='lat' dir='ltr'><strong>videretur,</strong></span> <span class='ocrx_word' id='word_1_501' title='bbox 2477 3173 2534 3218; x_wconf 92' lang='lat' dir='ltr'><strong>ut</strong></span> <span class='ocrx_word' id='word_1_502' title='bbox 2561 3165 2746 3231; x_wconf 91' lang='lat' dir='ltr'><strong>homo,</strong></span> <span class='ocrx_word' id='word_1_503' title='bbox 2770 3175 2824 3220; x_wconf 90' lang='lat' dir='ltr'><strong>et</strong></span> <span class='ocrx_word' id='word_1_504' title='bbox 2849 3166 3067 3230; x_wconf 86' lang='lat' dir='ltr'><strong>quidem</strong></span> <span class='ocrx_word' id='word_1_505' title='bbox 3089 3168 3463 3239; x_wconf 77' lang='lat' dir='ltr'><strong>pbi1050phus,</strong></span> <span class='ocrx_word' id='word_1_506' title='bbox 3489 3170 3568 3224; x_wconf 90' lang='lat' dir='ltr'><strong>sic</strong></span> <span class='ocrx_word' id='word_1_507' title='bbox 3589 3169 3745 3225; x_wconf 80' lang='lat' dir='ltr'><strong>facile</strong></span> 
     </span>
    </p>
   </div>
   <div class='ocr_carea' id='block_1_76' title="bbox 2151 3255 3745 3329">
    <p class='ocr_par' dir='ltr' id='par_1_76' title="bbox 2151 3255 3745 3329">
     <span class='ocr_line' id='line_1_76' title="bbox 2151 3255 3745 3329; baseline 0.003 -19"><span class='ocrx_word' id='word_1_508' title='bbox 2151 3255 2388 3312; x_wconf 81' lang='lat' dir='ltr'><strong>oﬂicium</strong></span> <span class='ocrx_word' id='word_1_509' title='bbox 2439 3256 2725 3312; x_wconf 88' lang='lat' dir='ltr'><strong>locutionis</strong></span> <span class='ocrx_word' id='word_1_510' title='bbox 2770 3258 3075 3327; x_wconf 82' lang='lat' dir='ltr'><strong>amitteret,</strong></span> <span class='ocrx_word' id='word_1_511' title='bbox 3099 3273 3168 3312; x_wconf 87' lang='lat' dir='ltr'><strong>an</strong></span> <span class='ocrx_word' id='word_1_512' title='bbox 3197 3268 3348 3314; x_wconf 89' lang='lat' dir='ltr'><strong>certe</strong></span> <span class='ocrx_word' id='word_1_513' title='bbox 3378 3268 3437 3313; x_wconf 91' lang='lat' dir='ltr'><strong>ut</strong></span> <span class='ocrx_word' id='word_1_514' title='bbox 3462 3258 3599 3329; x_wconf 88' lang='lat' dir='ltr'><strong>lapis</strong></span> <span class='ocrx_word' id='word_1_515' title='bbox 3627 3259 3745 3314; x_wconf 85' lang='lat' dir='ltr'><strong>vio-</strong></span> 
     </span>
    </p>
   </div>
   <div class='ocr_carea' id='block_1_77' title="bbox 2148 3349 3744 3424">
    <p class='ocr_par' dir='ltr' id='par_1_77' title="bbox 2148 3349 3744 3424">
     <span class='ocr_line' id='line_1_77' title="bbox 2148 3349 3744 3424; baseline 0.003 -22"><span class='ocrx_word' id='word_1_516' title='bbox 2148 3349 2310 3403; x_wconf 87' lang='lat' dir='ltr'><strong>lentia</strong></span> <span class='ocrx_word' id='word_1_517' title='bbox 2364 3350 2506 3404; x_wconf 89' lang='lat' dir='ltr'><strong>verbi</strong></span> <span class='ocrx_word' id='word_1_518' title='bbox 2538 3366 2697 3405; x_wconf 87' lang='lat' dir='ltr'><strong>manu</strong></span> <span class='ocrx_word' id='word_1_519' title='bbox 2727 3351 3086 3420; x_wconf 86' lang='lat' dir='ltr'><strong>divideretur,</strong></span> <span class='ocrx_word' id='word_1_520' title='bbox 3125 3351 3272 3421; x_wconf 88' lang='lat' dir='ltr'><strong>quod</strong></span> <span class='ocrx_word' id='word_1_521' title='bbox 3319 3353 3537 3424; x_wconf 85' lang='lat' dir='ltr'><strong>quidam</strong></span> <span class='ocrx_word' id='word_1_522' title='bbox 3590 3353 3744 3406; x_wconf 79' lang='lat' dir='ltr'><strong>aiunt</strong></span> 
     </span>
    </p>
   </div>
   <div class='ocr_carea' id='block_1_78' title="bbox 2147 3440 3742 3514">
    <p class='ocr_par' dir='ltr' id='par_1_78' title="bbox 2147 3440 3742 3514">
     <span class='ocr_line' id='line_1_78' title="bbox 2147 3440 3742 3514; baseline 0.003 -19"><span class='ocrx_word' id='word_1_523' title='bbox 2147 3440 2414 3496; x_wconf 82' lang='lat' dir='ltr'><strong>Julianqu</strong></span> <span class='ocrx_word' id='word_1_524' title='bbox 2448 3441 2635 3498; x_wconf 83' lang='lat' dir='ltr'><strong>fecisse</strong></span> <span class='ocrx_word' id='word_1_525' title='bbox 2658 3442 3006 3498; x_wconf 77' lang='lat' dir='ltr'><strong>Chaldaeum?</strong></span> <span class='ocrx_word' id='word_1_526' title='bbox 3030 3443 3096 3498; x_wconf 87' lang='lat' dir='ltr'><strong>Et</strong></span> <span class='ocrx_word' id='word_1_527' title='bbox 3124 3444 3238 3499; x_wconf 66' lang='lat' dir='ltr'><strong>haec</strong></span> <span class='ocrx_word' id='word_1_528' title='bbox 3266 3445 3482 3514; x_wconf 89' lang='lat' dir='ltr'><strong>quidem</strong></span> <span class='ocrx_word' id='word_1_529' title='bbox 3511 3445 3590 3500; x_wconf 89' lang='lat' dir='ltr'><strong>sic</strong></span> <span class='ocrx_word' id='word_1_530' title='bbox 3619 3452 3742 3500; x_wconf 78' lang='lat' dir='ltr'><strong>acta</strong></span> 
     </span>
    </p>
   </div>
   <div class='ocr_carea' id='block_1_79' title="bbox 2146 3534 3740 3611">
    <p class='ocr_par' dir='ltr' id='par_1_79' title="bbox 2146 3534 3740 3611">
     <span class='ocr_line' id='line_1_79' title="bbox 2146 3534 3740 3611; baseline 0.003 -20"><span class='ocrx_word' id='word_1_531' title='bbox 2146 3544 2271 3592; x_wconf 89' lang='lat' dir='ltr'><strong>sunt</strong></span> <span class='ocrx_word' id='word_1_532' title='bbox 2299 3543 2358 3590; x_wconf 90' lang='lat' dir='ltr'><strong>ut</strong></span> <span class='ocrx_word' id='word_1_533' title='bbox 2398 3534 2725 3591; x_wconf 79' lang='lat' dir='ltr'><strong>referuntur.</strong></span> <span class='ocrx_word' id='word_1_534' title='bbox 2755 3537 3029 3593; x_wconf 73' lang='lat' dir='ltr'><strong>Sozousa.</strong></span> <span class='ocrx_word' id='word_1_535' title='bbox 3055 3580 3071 3606; x_wconf 91' lang='lat'><strong>,</strong></span> <span class='ocrx_word' id='word_1_536' title='bbox 3095 3539 3186 3594; x_wconf 86' lang='lat' dir='ltr'><strong>tib.</strong></span> <span class='ocrx_word' id='word_1_537' title='bbox 3218 3556 3256 3607; x_wconf 78' lang='grc' dir='ltr'><strong>ι,</strong></span> <span class='ocrx_word' id='word_1_538' title='bbox 3306 3555 3423 3611; x_wconf 84' lang='lat' dir='ltr'><strong>cap.</strong></span> <span class='ocrx_word' id='word_1_539' title='bbox 3451 3540 3540 3595; x_wconf 81' lang='grc'><strong>17.</strong></span> <span class='ocrx_word' id='word_1_540' title='bbox 3591 3538 3740 3596; x_wconf 76' lang='lat' dir='ltr'><strong>Edit.</strong></span> 
     </span>
    </p>
   </div>
   <div class='ocr_carea' id='block_1_80' title="bbox 2147 3627 3068 3702">
    <p class='ocr_par' dir='ltr' id='par_1_80' title="bbox 2147 3627 3068 3702">
     <span class='ocr_line' id='line_1_80' title="bbox 2147 3627 3068 3702; baseline 0.002 -18"><span class='ocrx_word' id='word_1_541' title='bbox 2147 3627 2340 3684; x_wconf 79' lang='lat' dir='ltr'><strong>Christ.</strong></span> <span class='ocrx_word' id='word_1_542' title='bbox 2381 3629 2556 3685; x_wconf 80' lang='lat' dir='ltr'><strong>Vates.</strong></span> <span class='ocrx_word' id='word_1_543' title='bbox 2586 3647 2704 3701; x_wconf 87' lang='lat' dir='ltr'><strong>cap.</strong></span> <span class='ocrx_word' id='word_1_544' title='bbox 2734 3630 2822 3698; x_wconf 75' lang='lat' dir='ltr'><strong>i8,</strong></span> <span class='ocrx_word' id='word_1_545' title='bbox 2855 3647 2910 3702; x_wconf 92' lang='lat' dir='ltr'><strong>p.</strong></span> <span class='ocrx_word' id='word_1_546' title='bbox 2941 3631 3068 3687; x_wconf 69' lang='grc'><strong>452.</strong></span> 
     </span>
    </p>
   </div>
   <div class='ocr_carea' id='block_1_81' title="bbox 2771 3763 3106 3823">
    <p class='ocr_par' dir='ltr' id='par_1_81' title="bbox 2771 3763 3106 3823">
     <span class='ocr_line' id='line_1_81' title="bbox 2771 3763 3106 3823; baseline 0.003 -3"><span class='ocrx_word' id='word_1_547' title='bbox 2771 3763 3003 3822; x_wconf 79' lang='lat' dir='ltr'><strong>CAPUT</strong></span> <span class='ocrx_word' id='word_1_548' title='bbox 3041 3763 3106 3823; x_wconf 68' lang='grc' dir='ltr'><strong>γ.</strong></span> 
     </span>
    </p>
   </div>
   <div class='ocr_carea' id='block_1_82' title="bbox 2145 3843 3737 3931">
    <p class='ocr_par' dir='ltr' id='par_1_82' title="bbox 2145 3843 3737 3931">
     <span class='ocr_line' id='line_1_82' title="bbox 2145 3843 3737 3931; baseline 0.001 -18"><span class='ocrx_word' id='word_1_549' title='bbox 2145 3857 2226 3914; x_wconf 81' lang='lat' dir='ltr'><strong>De</strong></span> <span class='ocrx_word' id='word_1_550' title='bbox 2245 3853 2414 3931; x_wconf 81' lang='lat' dir='ltr'><strong>prima</strong></span> <span class='ocrx_word' id='word_1_551' title='bbox 2450 3861 2676 3914; x_wconf 78' lang='lat' dir='ltr'><strong>sessiune</strong></span> <span class='ocrx_word' id='word_1_552' title='bbox 2702 3860 3056 3930; x_wconf 82' lang='lat' dir='ltr'><strong>episcoporum</strong></span> <span class='ocrx_word' id='word_1_553' title='bbox 3088 3860 3143 3913; x_wconf 83' lang='lat' dir='ltr'><strong>in</strong></span> <span class='ocrx_word' id='word_1_554' title='bbox 3173 3849 3227 3913; x_wconf 85' lang='grc' dir='ltr'><em>Ν</em></span> <span class='ocrx_word' id='word_1_555' title='bbox 3232 3860 3395 3914; x_wconf 74' lang='grc' dir='ltr'><strong>ἰσωηο</strong></span> <span class='ocrx_word' id='word_1_556' title='bbox 3435 3851 3663 3931; x_wconf 69' lang='lat' dir='ltr'><strong>palatii),</strong></span> <span class='ocrx_word' id='word_1_557' title='bbox 3683 3843 3737 3915; x_wconf 62' lang='grc' dir='ltr'><strong>ἃ</strong></span> 
     </span>
    </p>
   </div>
   <div class='ocr_carea' id='block_1_83' title="bbox 2506 3931 3086 3986">
    <p class='ocr_par' dir='ltr' id='par_1_83' title="bbox 2506 3931 3086 3986">
     <span class='ocr_line' id='line_1_83' title="bbox 2506 3931 3086 3986; baseline 0 -2"><span class='ocrx_word' id='word_1_558' title='bbox 2506 3932 2570 3985; x_wconf 86' lang='lat' dir='ltr'><strong>de</strong></span> <span class='ocrx_word' id='word_1_559' title='bbox 2599 3931 2928 3985; x_wconf 80' lang='lat' dir='ltr'><strong>abdicatione</strong></span> <span class='ocrx_word' id='word_1_560' title='bbox 2954 3931 3086 3986; x_wconf 83' lang='lat' dir='ltr'><strong>Arii.</strong></span> 
     </span>
    </p>
   </div>
   <div class='ocr_carea' id='block_1_84' title="bbox 2215 4039 3738 4111">
    <p class='ocr_par' dir='ltr' id='par_1_84' title="bbox 2215 4039 3738 4111">
     <span class='ocr_line' id='line_1_84' title="bbox 2215 4039 3738 4111; baseline 0.003 -17"><span class='ocrx_word' id='word_1_561' title='bbox 2215 4043 2421 4095; x_wconf 76' lang='lat' dir='ltr'><strong>Interea</strong></span> <span class='ocrx_word' id='word_1_562' title='bbox 2454 4040 2762 4096; x_wconf 89' lang='lat' dir='ltr'><strong>sacerdotes</strong></span> <span class='ocrx_word' id='word_1_563' title='bbox 2786 4056 2929 4111; x_wconf 86' lang='lat' dir='ltr'><strong>s:epe</strong></span> <span class='ocrx_word' id='word_1_564' title='bbox 2981 4039 3399 4106; x_wconf 86' lang='lat' dir='ltr'><strong>convenientes,</strong></span> <span class='ocrx_word' id='word_1_565' title='bbox 3434 4039 3622 4098; x_wconf 72' lang='lat' dir='ltr'><strong>Arium</strong></span> <span class='ocrx_word' id='word_1_566' title='bbox 3669 4043 3738 4098; x_wconf 73' lang='lat' dir='ltr'><strong>ad</strong></span> 
     </span>
    </p>
   </div>
   <div class='ocr_carea' id='block_1_85' title="bbox 2144 4131 3738 4203">
    <p class='ocr_par' dir='ltr' id='par_1_85' title="bbox 2144 4131 3738 4203">
     <span class='ocr_line' id='line_1_85' title="bbox 2144 4131 3738 4203; baseline 0.003 -17"><span class='ocrx_word' id='word_1_567' title='bbox 2144 4132 2377 4186; x_wconf 90' lang='lat' dir='ltr'><strong>medium</strong></span> <span class='ocrx_word' id='word_1_568' title='bbox 2403 4131 2759 4198; x_wconf 87' lang='lat' dir='ltr'><strong>deducebant,</strong></span> <span class='ocrx_word' id='word_1_569' title='bbox 2793 4132 3154 4203; x_wconf 86' lang='lat' dir='ltr'><strong>subtilemque</strong></span> <span class='ocrx_word' id='word_1_570' title='bbox 3183 4134 3642 4189; x_wconf 82' lang='lat' dir='ltr'><strong>examination&#39;em</strong></span> <span class='ocrx_word' id='word_1_571' title='bbox 3670 4134 3738 4189; x_wconf 89' lang='lat' dir='ltr'><strong>de</strong></span> 
     </span>
    </p>
   </div>
   <div class='ocr_carea' id='block_1_86' title="bbox 2144 4217 3738 4290">
    <p class='ocr_par' dir='ltr' id='par_1_86' title="bbox 2144 4217 3738 4290">
     <span class='ocr_line' id='line_1_86' title="bbox 2144 4217 3738 4290; baseline 0.004 -16"><span class='ocrx_word' id='word_1_572' title='bbox 2144 4219 2260 4290; x_wconf 86' lang='lat' dir='ltr'><strong>ej&#39;ds</strong></span> <span class='ocrx_word' id='word_1_573' title='bbox 2299 4222 2756 4290; x_wconf 79' lang='lat' dir='ltr'><strong>propesitionibus</strong></span> <span class='ocrx_word' id='word_1_574' title='bbox 2798 4221 3096 4290; x_wconf 88' lang='lat' dir='ltr'><strong>agitabant.</strong></span> <span class='ocrx_word' id='word_1_575' title='bbox 3130 4217 3442 4278; x_wconf 80' lang='lat' dir='ltr'><strong>Petulanter</strong></span> <span class='ocrx_word' id='word_1_576' title='bbox 3472 4225 3654 4280; x_wconf 83' lang='lat' dir='ltr'><strong>autem</strong></span> <span class='ocrx_word' id='word_1_577' title='bbox 3683 4227 3738 4283; x_wconf 88' lang='lat' dir='ltr'><strong>in</strong></span> 
     </span>
    </p>
   </div>
   <div class='ocr_carea' id='block_1_87' title="bbox 2142 4311 3734 4389">
    <p class='ocr_par' dir='ltr' id='par_1_87' title="bbox 2142 4311 3734 4389">
     <span class='ocr_line' id='line_1_87' title="bbox 2142 4311 3734 4389; baseline 0.004 -20"><span class='ocrx_word' id='word_1_578' title='bbox 2142 4317 2440 4384; x_wconf 88' lang='lat' dir='ltr'><strong>quamlibet</strong></span> <span class='ocrx_word' id='word_1_579' title='bbox 2487 4327 2693 4387; x_wconf 90' lang='lat' dir='ltr'><strong>partem</strong></span> <span class='ocrx_word' id='word_1_580' title='bbox 2747 4319 3060 4373; x_wconf 89' lang='lat' dir='ltr'><strong>metuebant</strong></span> <span class='ocrx_word' id='word_1_581' title='bbox 3106 4317 3350 4389; x_wconf 79' lang='lat' dir='ltr'><strong>proferre</strong></span> <span class='ocrx_word' id='word_1_582' title='bbox 3389 4311 3734 4376; x_wconf 86' lang='lat' dir='ltr'><strong>sententiam.</strong></span> 
     </span>
    </p>
   </div>
   <div class='ocr_carea' id='block_1_88' title="bbox 2143 4403 3736 4482">
    <p class='ocr_par' dir='ltr' id='par_1_88' title="bbox 2143 4403 3736 4482">
     <span class='ocr_line' id='line_1_88' title="bbox 2143 4403 3736 4482; baseline 0.003 -20"><span class='ocrx_word' id='word_1_583' title='bbox 2143 4407 2272 4464; x_wconf 64' lang='lat' dir='ltr'><strong>Huic</strong></span> <span class='ocrx_word' id='word_1_584' title='bbox 2297 4409 2480 4478; x_wconf 87' lang='lat' dir='ltr'><strong>itaque</strong></span> <span class='ocrx_word' id='word_1_585' title='bbox 2508 4413 2660 4464; x_wconf 83' lang='lat' dir='ltr'><strong>sacra</strong></span> <span class='ocrx_word' id='word_1_586' title='bbox 2705 4417 2761 4466; x_wconf 89' lang='lat' dir='ltr'><strong>&#39;et</strong></span> <span class='ocrx_word' id='word_1_587' title='bbox 2786 4409 3106 4466; x_wconf 86' lang='lat' dir='ltr'><strong>venerabilis</strong></span> <span class='ocrx_word' id='word_1_588' title='bbox 3133 4409 3288 4466; x_wconf 85' lang='lat' dir='ltr'><strong>turba</strong></span> <span class='ocrx_word' id='word_1_589' title='bbox 3319 4411 3350 4465; x_wconf 68' lang='grc' dir='ltr'><strong>εἰ</strong></span> <span class='ocrx_word' id='word_1_590' title='bbox 3375 4403 3736 4482; x_wconf 76' lang='lat' dir='ltr'><strong>perinixtione</strong></span> 
     </span>
    </p>
   </div>
   <div class='ocr_carea' id='block_1_89' title="bbox 2144 4501 3736 4558">
    <p class='ocr_par' dir='ltr' id='par_1_89' title="bbox 2144 4501 3736 4558">
     <span class='ocr_line' id='line_1_89' title="bbox 2144 4501 3736 4558; baseline 0.002 -3"><span class='ocrx_word' id='word_1_591' title='bbox 2144 4501 2576 4557; x_wconf 85' lang='lat' dir='ltr'><strong>adversariorum</strong></span> <span class='ocrx_word' id='word_1_592' title='bbox 2606 4517 2714 4558; x_wconf 91' lang='lat' dir='ltr'><strong>non</strong></span> <span class='ocrx_word' id='word_1_593' title='bbox 2748 4501 3032 4557; x_wconf 82' lang='lat' dir='ltr'><strong>videbathr</strong></span> <span class='ocrx_word' id='word_1_594' title='bbox 3061 4501 3255 4558; x_wconf 77' lang='lat' dir='ltr'><strong>aliena.</strong></span> <span class='ocrx_word' id='word_1_595' title='bbox 3288 4501 3457 4558; x_wconf 88' lang='lat' dir='ltr'><strong>Erant</strong></span> <span class='ocrx_word' id='word_1_596' title='bbox 3488 4503 3635 4558; x_wconf 85' lang='lat' dir='ltr'><strong>enim</strong></span> <span class='ocrx_word' id='word_1_597' title='bbox 3660 4503 3736 4558; x_wconf 89' lang='lat' dir='ltr'><strong>in-</strong></span> 
     </span>
    </p>
   </div>
   <div class='ocr_carea' id='block_1_90' title="bbox 451 4579 3734 4664">
    <p class='ocr_par' dir='ltr' id='par_1_90' title="bbox 451 4579 3734 4664">
     <span class='ocr_line' id='line_1_90' title="bbox 451 4579 3734 4664; baseline 0.005 -32"><span class='ocrx_word' id='word_1_598' title='bbox 451 4579 677 4636; x_wconf 84' lang='lat' dir='ltr'><strong>tnuiiere</strong></span> <span class='ocrx_word' id='word_1_599' title='bbox 699 4584 867 4652; x_wconf 89' lang='lat' dir='ltr'><strong>‘nasci,</strong></span> <span class='ocrx_word' id='word_1_600' title='bbox 901 4593 955 4639; x_wconf 90' lang='lat' dir='ltr'><strong>&#39;et</strong></span> <span class='ocrx_word' id='word_1_601' title='bbox 982 4601 1103 4642; x_wconf 90' lang='lat' dir='ltr'><strong>cum</strong></span> <span class='ocrx_word' id='word_1_602' title='bbox 1129 4589 1431 4645; x_wconf 76' lang='lat' dir='ltr'><strong>hbminibus</strong></span> <span class='ocrx_word' id='word_1_603' title='bbox 1453 4591 1758 4645; x_wconf 81' lang='lat' dir='ltr'><strong>conversari</strong></span> <span class='ocrx_word' id='word_1_604' title='bbox 1780 4632 1795 4657; x_wconf 94' lang='lat'><strong>,</strong></span> <span class='ocrx_word' id='word_1_605' title='bbox 1822 4599 1878 4645; x_wconf 89' lang='lat' dir='ltr'><strong>et</strong></span> <span class='ocrx_word' id='word_1_606' title='bbox 1899 4591 2037 4646; x_wconf 88' lang='lat' dir='ltr'><strong>mori</strong></span> <span class='ocrx_word' id='word_1_607' title='bbox 2066 4595 2118 4657; x_wconf 89' lang='lat' dir='ltr'><strong>D</strong></span> <span class='ocrx_word' id='word_1_608' title='bbox 2143 4601 2226 4649; x_wconf 91' lang='lat' dir='ltr'><strong>ter</strong></span> <span class='ocrx_word' id='word_1_609' title='bbox 2248 4597 2341 4649; x_wconf 79' lang='lat' dir='ltr'><strong>eds</strong></span> <span class='ocrx_word' id='word_1_610' title='bbox 2362 4593 2575 4664; x_wconf 90' lang='lat' dir='ltr'><strong>quidam</strong></span> <span class='ocrx_word' id='word_1_611' title='bbox 2601 4636 2614 4659; x_wconf 94' lang='lat'><strong>,</strong></span> <span class='ocrx_word' id='word_1_612' title='bbox 2662 4592 2818 4664; x_wconf 91' lang='lat' dir='ltr'><strong>pauci</strong></span> <span class='ocrx_word' id='word_1_613' title='bbox 2848 4593 3088 4664; x_wconf 75' lang='lat' dir='ltr'><strong>quidem,</strong></span> <span class='ocrx_word' id='word_1_614' title='bbox 3121 4593 3217 4650; x_wconf 90' lang='lat' dir='ltr'><strong>sed</strong></span> <span class='ocrx_word' id='word_1_615' title='bbox 3239 4583 3438 4662; x_wconf 81' lang='lat' dir='ltr'><strong>callidi,</strong></span> <span class='ocrx_word' id='word_1_616' title='bbox 3470 4593 3526 4651; x_wconf 85' lang='lat' dir='ltr'><strong>et</strong></span> <span class='ocrx_word' id='word_1_617' title='bbox 3553 4595 3734 4651; x_wconf 84' lang='lat' dir='ltr'><strong>brevia</strong></span> 
     </span>
    </p>
   </div>
   <div class='ocr_carea' id='block_1_91' title="bbox 451 4675 2033 4755">
    <p class='ocr_par' dir='ltr' id='par_1_91' title="bbox 451 4675 2033 4755">
     <span class='ocr_line' id='line_1_91' title="bbox 451 4675 2033 4755; baseline 0.009 -28"><span class='ocrx_word' id='word_1_618' title='bbox 451 4689 550 4744; x_wconf 90' lang='lat' dir='ltr'><strong>pro</strong></span> <span class='ocrx_word' id='word_1_619' title='bbox 595 4675 692 4741; x_wconf 88' lang='lat' dir='ltr'><strong>eis,</strong></span> <span class='ocrx_word' id='word_1_620' title='bbox 740 4681 1026 4750; x_wconf 86' lang='lat' dir='ltr'><strong>venietque</strong></span> <span class='ocrx_word' id='word_1_621' title='bbox 1083 4683 1262 4739; x_wconf 92' lang='lat' dir='ltr'><strong>denuo</strong></span> <span class='ocrx_word' id='word_1_622' title='bbox 1313 4681 1650 4752; x_wconf 77' lang='lat' dir='ltr'><strong>iudicaturus</strong></span> <span class='ocrx_word' id='word_1_623' title='bbox 1701 4685 2033 4755; x_wconf 88' lang='lat' dir='ltr'><strong>singulorum</strong></span> 
     </span>
    </p>
   </div>
   <div class='ocr_carea' id='block_1_92' title="bbox 451 4767 2035 4844">
    <p class='ocr_par' dir='ltr' id='par_1_92' title="bbox 451 4767 2035 4844">
     <span class='ocr_line' id='line_1_92' title="bbox 451 4767 2035 4844; baseline 0.007 -22"><span class='ocrx_word' id='word_1_624' title='bbox 451 4767 636 4822; x_wconf 87' lang='lat' dir='ltr'><strong>vitam.</strong></span> <span class='ocrx_word' id='word_1_625' title='bbox 682 4768 808 4824; x_wconf 67' lang='lat' dir='ltr'><strong>Hmc</strong></span> <span class='ocrx_word' id='word_1_626' title='bbox 837 4769 910 4826; x_wconf 86' lang='lat' dir='ltr'><strong>ita</strong></span> <span class='ocrx_word' id='word_1_627' title='bbox 939 4789 996 4827; x_wconf 88' lang='lat' dir='ltr'><strong>se</strong></span> <span class='ocrx_word' id='word_1_628' title='bbox 1026 4773 1224 4830; x_wconf 87' lang='lat' dir='ltr'><strong>habere</strong></span> <span class='ocrx_word' id='word_1_629' title='bbox 1259 4776 1376 4829; x_wconf 87' lang='lat' dir='ltr'><strong>sine</strong></span> <span class='ocrx_word' id='word_1_630' title='bbox 1405 4777 1834 4844; x_wconf 72' lang='lat' dir='ltr'><strong>perscrutatio’h&#39;e</strong></span> <span class='ocrx_word' id='word_1_631' title='bbox 1861 4779 2035 4832; x_wconf 85' lang='lat' dir='ltr'><strong>credi-</strong></span> 
     </span>
    </p>
   </div>
   <div class='ocr_carea' id='block_1_93' title="bbox 450 4861 2036 4944">
    <p class='ocr_par' dir='ltr' id='par_1_93' title="bbox 450 4861 2036 4944">
     <span class='ocr_line' id='line_1_93' title="bbox 450 4861 2036 4944; baseline 0.009 -29"><span class='ocrx_word' id='word_1_632' title='bbox 450 4875 588 4917; x_wconf 89' lang='lat' dir='ltr'><strong>mus.</strong></span> <span class='ocrx_word' id='word_1_633' title='bbox 622 4861 739 4944; x_wconf 81' lang='lat' dir='ltr'><strong>Noli</strong></span> <span class='ocrx_word' id='word_1_634' title='bbox 767 4865 926 4934; x_wconf 81' lang='lat' dir='ltr'><strong>igitur</strong></span> <span class='ocrx_word' id='word_1_635' title='bbox 954 4867 1186 4924; x_wconf 89' lang='lat' dir='ltr'><strong>inaniter</strong></span> <span class='ocrx_word' id='word_1_636' title='bbox 1207 4871 1474 4938; x_wconf 87' lang='lat' dir='ltr'><strong>laborare,</strong></span> <span class='ocrx_word' id='word_1_637' title='bbox 1495 4873 2036 4940; x_wconf 71' lang='lat' dir='ltr'><strong>qurerensdestruerc</strong></span> 
     </span>
    </p>
   </div>
   <div class='ocr_carea' id='block_1_94' title="bbox 451 4953 2036 5034">
    <p class='ocr_par' dir='ltr' id='par_1_94' title="bbox 451 4953 2036 5034">
     <span class='ocr_line' id='line_1_94' title="bbox 451 4953 2036 5034; baseline 0.009 -26"><span class='ocrx_word' id='word_1_638' title='bbox 451 4967 512 5008; x_wconf 89' lang='lat' dir='ltr'><strong>ea</strong></span> <span class='ocrx_word' id='word_1_639' title='bbox 541 4955 660 5025; x_wconf 82' lang='lat' dir='ltr'><strong>quae</strong></span> <span class='ocrx_word' id='word_1_640' title='bbox 700 4955 802 5012; x_wconf 82' lang='lat' dir='ltr'><strong>ﬁde</strong></span> <span class='ocrx_word' id='word_1_641' title='bbox 852 4953 1204 5030; x_wconf 83' lang='lat' dir='ltr'><strong>percepimus.</strong></span> <span class='ocrx_word' id='word_1_642' title='bbox 1265 4962 1384 5017; x_wconf 86' lang='lat' dir='ltr'><strong>Noli</strong></span> <span class='ocrx_word' id='word_1_643' title='bbox 1439 4964 1759 5034; x_wconf 86' lang='lat' dir='ltr'><strong>investigare</strong></span> <span class='ocrx_word' id='word_1_644' title='bbox 1815 4959 2036 5023; x_wconf 75' lang='lat' dir='ltr'><strong>inodum</strong></span> 
     </span>
    </p>
   </div>
   <div class='ocr_carea' id='block_1_95' title="bbox 449 5048 2037 5124">
    <p class='ocr_par' dir='ltr' id='par_1_95' title="bbox 449 5048 2037 5124">
     <span class='ocr_line' id='line_1_95' title="bbox 449 5048 2037 5124; baseline 0.008 -22"><span class='ocrx_word' id='word_1_645' title='bbox 449 5049 557 5116; x_wconf 86' lang='lat' dir='ltr'><strong>quo</strong></span> <span class='ocrx_word' id='word_1_646' title='bbox 589 5048 705 5104; x_wconf 84' lang='lat' dir='ltr'><strong>ﬂeri</strong></span> <span class='ocrx_word' id='word_1_647' title='bbox 761 5051 874 5106; x_wconf 69' lang='lat' dir='ltr'><strong>hinc</strong></span> <span class='ocrx_word' id='word_1_648' title='bbox 911 5062 1002 5106; x_wconf 91' lang='lat' dir='ltr'><strong>aut</strong></span> <span class='ocrx_word' id='word_1_649' title='bbox 1041 5065 1148 5108; x_wconf 91' lang='lat' dir='ltr'><strong>non</strong></span> <span class='ocrx_word' id='word_1_650' title='bbox 1181 5052 1294 5109; x_wconf 80' lang='lat' dir='ltr'><strong>fieri</strong></span> <span class='ocrx_word' id='word_1_651' title='bbox 1327 5057 1634 5124; x_wconf 79' lang='lat' dir='ltr'><strong>potuerunt.</strong></span> <span class='ocrx_word' id='word_1_652' title='bbox 1661 5057 1719 5112; x_wconf 90' lang='lat' dir='ltr'><strong>Si</strong></span> <span class='ocrx_word' id='word_1_653' title='bbox 1749 5059 1894 5113; x_wconf 91' lang='lat' dir='ltr'><strong>enim</strong></span> <span class='ocrx_word' id='word_1_654' title='bbox 1924 5075 2037 5115; x_wconf 92' lang='lat' dir='ltr'><strong>cre-</strong></span> 
     </span>
    </p>
   </div>
   <div class='ocr_carea' id='block_1_96' title="bbox 449 5141 2033 5223">
    <p class='ocr_par' dir='ltr' id='par_1_96' title="bbox 449 5141 2033 5223">
     <span class='ocr_line' id='line_1_96' title="bbox 449 5141 2033 5223; baseline 0.009 -27"><span class='ocrx_word' id='word_1_655' title='bbox 449 5141 531 5196; x_wconf 88' lang='lat' dir='ltr'><strong>dis</strong></span> <span class='ocrx_word' id='word_1_656' title='bbox 559 5143 857 5198; x_wconf 89' lang='lat' dir='ltr'><strong>consulenti</strong></span> <span class='ocrx_word' id='word_1_657' title='bbox 890 5147 1039 5214; x_wconf 90' lang='lat' dir='ltr'><strong>mihi,</strong></span> <span class='ocrx_word' id='word_1_658' title='bbox 1075 5147 1138 5200; x_wconf 88' lang='lat' dir='ltr'><strong>ad</strong></span> <span class='ocrx_word' id='word_1_659' title='bbox 1170 5148 1270 5201; x_wconf 89' lang='lat' dir='ltr'><strong>ista</strong></span> <span class='ocrx_word' id='word_1_660' title='bbox 1303 5150 1587 5220; x_wconf 90' lang='lat' dir='ltr'><strong>responde.</strong></span> <span class='ocrx_word' id='word_1_661' title='bbox 1619 5145 2033 5223; x_wconf 50' lang='lat' dir='ltr'><strong>Oiﬁtupefaclus</strong></span> 
     </span>
    </p>
   </div>
   <div class='ocr_carea' id='block_1_97' title="bbox 449 5235 2031 5316">
    <p class='ocr_par' dir='ltr' id='par_1_97' title="bbox 449 5235 2031 5316">
     <span class='ocr_line' id='line_1_97' title="bbox 449 5235 2031 5316; baseline 0.007 -26"><span class='ocrx_word' id='word_1_662' title='bbox 449 5245 578 5290; x_wconf 76' lang='lat' dir='ltr'><strong>Vero</strong></span> <span class='ocrx_word' id='word_1_663' title='bbox 623 5235 975 5307; x_wconf 83' lang='lat' dir='ltr'><strong>philosophus</strong></span> <span class='ocrx_word' id='word_1_664' title='bbox 999 5256 1011 5291; x_wconf 86' lang='lat'>:</span> <span class='ocrx_word' id='word_1_665' title='bbox 1037 5235 1239 5305; x_wconf 91' lang='lat' dir='ltr'><strong>Credo,</strong></span> <span class='ocrx_word' id='word_1_666' title='bbox 1301 5239 1491 5309; x_wconf 81' lang='lat' dir='ltr'><strong>inquit.</strong></span> <span class='ocrx_word' id='word_1_667' title='bbox 1525 5241 1675 5298; x_wconf 90' lang='lat' dir='ltr'><strong>Tunc</strong></span> <span class='ocrx_word' id='word_1_668' title='bbox 1702 5236 1903 5314; x_wconf 76' lang='lat' dir='ltr'><strong>gratias</strong></span> <span class='ocrx_word' id='word_1_669' title='bbox 1934 5261 2031 5316; x_wconf 90' lang='lat' dir='ltr'><strong>pro</strong></span> 
     </span>
    </p>
   </div>
   <div class='ocr_carea' id='block_1_98' title="bbox 447 5327 2035 5408">
    <p class='ocr_par' dir='ltr' id='par_1_98' title="bbox 447 5327 2035 5408">
     <span class='ocr_line' id='line_1_98' title="bbox 447 5327 2035 5408; baseline 0.007 -27"><span class='ocrx_word' id='word_1_670' title='bbox 447 5327 749 5384; x_wconf 87' lang='lat' dir='ltr'><strong>devictione</strong></span> <span class='ocrx_word' id='word_1_671' title='bbox 781 5331 1128 5400; x_wconf 83' lang='lat' dir='ltr'><strong>persolvens,</strong></span> <span class='ocrx_word' id='word_1_672' title='bbox 1177 5331 1362 5386; x_wconf 89' lang='lat' dir='ltr'><strong>eadem</strong></span> <span class='ocrx_word' id='word_1_673' title='bbox 1393 5347 1511 5402; x_wconf 76' lang='lat' dir='ltr'><strong>qua:</strong></span> <span class='ocrx_word' id='word_1_674' title='bbox 1559 5337 1739 5391; x_wconf 78' lang='lat' dir='ltr'><strong>senidr</strong></span> <span class='ocrx_word' id='word_1_675' title='bbox 1766 5345 1921 5408; x_wconf 78' lang='lat' dir='ltr'><strong>ache</strong></span> <span class='ocrx_word' id='word_1_676' title='bbox 1951 5353 2035 5392; x_wconf 85' lang='lat' dir='ltr'><strong>se-</strong></span> 
     </span>
    </p>
   </div>
   <div class='ocr_carea' id='block_1_99' title="bbox 448 5418 2034 5499">
    <p class='ocr_par' dir='ltr' id='par_1_99' title="bbox 448 5418 2034 5499">
     <span class='ocr_line' id='line_1_99' title="bbox 448 5418 2034 5499; baseline 0.007 -26"><span class='ocrx_word' id='word_1_677' title='bbox 448 5429 621 5474; x_wconf 82' lang='lat' dir='ltr'><strong>ctatus</strong></span> <span class='ocrx_word' id='word_1_678' title='bbox 647 5418 766 5493; x_wconf 71' lang='lat' dir='ltr'><strong>[nis.</strong></span> <span class='ocrx_word' id='word_1_679' title='bbox 799 5421 926 5495; x_wconf 82' lang='lat' dir='ltr'><strong>Lyr.</strong></span> <span class='ocrx_word' id='word_1_680' title='bbox 961 5465 976 5493; x_wconf 88' lang='lat'><strong>,</strong></span> <span class='ocrx_word' id='word_1_681' title='bbox 1025 5425 1206 5479; x_wconf 88' lang='lat' dir='ltr'><strong>senior</strong></span> <span class='ocrx_word' id='word_1_682' title='bbox 1234 5427 1478 5483; x_wconf 74' lang='lat' dir='ltr'><strong>testatus]</strong></span> <span class='ocrx_word' id='word_1_683' title='bbox 1519 5436 1633 5497; x_wconf 89' lang='lat' dir='ltr'><strong>est,</strong></span> <span class='ocrx_word' id='word_1_684' title='bbox 1667 5437 1721 5484; x_wconf 91' lang='lat' dir='ltr'><strong>et</strong></span> <span class='ocrx_word' id='word_1_685' title='bbox 1761 5429 2034 5499; x_wconf 86' lang='lat' dir='ltr'><strong>prioribus</strong></span> 
     </span>
    </p>
   </div>
   <div class='ocr_carea' id='block_1_100' title="bbox 446 5515 2033 5589">
    <p class='ocr_par' dir='ltr' id='par_1_100' title="bbox 446 5515 2033 5589">
     <span class='ocr_line' id='line_1_100' title="bbox 446 5515 2033 5589; baseline 0.005 -23"><span class='ocrx_word' id='word_1_686' title='bbox 446 5515 928 5582; x_wconf 76' lang='lat' dir='ltr'><strong>consectatoribus,</strong></span> <span class='ocrx_word' id='word_1_687' title='bbox 959 5529 1014 5569; x_wconf 86' lang='lat' dir='ltr'><strong>ut</strong></span> <span class='ocrx_word' id='word_1_688' title='bbox 1035 5518 1311 5573; x_wconf 84' lang='lat' dir='ltr'><strong>unanimes</strong></span> <span class='ocrx_word' id='word_1_689' title='bbox 1338 5519 1547 5574; x_wconf 70' lang='lat' dir='ltr'><strong>&#39;sibimet</strong></span> <span class='ocrx_word' id='word_1_690' title='bbox 1570 5529 1770 5584; x_wconf 87' lang='lat' dir='ltr'><strong>essent,</strong></span> <span class='ocrx_word' id='word_1_691' title='bbox 1803 5536 2033 5589; x_wconf 86' lang='lat' dir='ltr'><strong>persua-</strong></span> 
     </span>
    </p>
   </div>
   <div class='ocr_carea' id='block_1_101' title="bbox 448 5604 2034 5681">
    <p class='ocr_par' dir='ltr' id='par_1_101' title="bbox 448 5604 2034 5681">
     <span class='ocr_line' id='line_1_101' title="bbox 448 5604 2034 5681; baseline 0.006 -25"><span class='ocrx_word' id='word_1_692' title='bbox 448 5607 606 5661; x_wconf 81' lang='lat' dir='ltr'><strong>debat</strong></span> <span class='ocrx_word' id='word_1_693' title='bbox 635 5628 646 5663; x_wconf 92' lang='lat'>:</span> <span class='ocrx_word' id='word_1_694' title='bbox 680 5625 788 5663; x_wconf 88' lang='lat' dir='ltr'><strong>non</strong></span> <span class='ocrx_word' id='word_1_695' title='bbox 819 5609 1117 5678; x_wconf 79' lang='lat' dir='ltr'><strong>improvide</strong></span> <span class='ocrx_word' id='word_1_696' title='bbox 1146 5611 1407 5665; x_wconf 79' lang='lat' dir='ltr'><strong>mutatum</strong></span> <span class='ocrx_word' id='word_1_697' title='bbox 1438 5613 1720 5680; x_wconf 87' lang='lat' dir='ltr'><strong>sejuraus,</strong></span> <span class='ocrx_word' id='word_1_698' title='bbox 1749 5604 1841 5664; x_wconf 89' lang='lat' dir='ltr'><strong>sed</strong></span> <span class='ocrx_word' id='word_1_699' title='bbox 1875 5609 2034 5681; x_wconf 68' lang='grc'><strong>226</strong></span> 
     </span>
    </p>
   </div>
   <div class='ocr_carea' id='block_1_102' title="bbox 447 5699 2034 5770">
    <p class='ocr_par' dir='ltr' id='par_1_102' title="bbox 447 5699 2034 5770">
     <span class='ocr_line' id='line_1_102' title="bbox 447 5699 2034 5770; baseline 0 -14"><span class='ocrx_word' id='word_1_700' title='bbox 447 5699 695 5756; x_wconf 67' lang='lat' dir='ltr'><strong>inei&#39;ihbiii</strong></span> <span class='ocrx_word' id='word_1_701' title='bbox 719 5701 947 5769; x_wconf 90' lang='lat' dir='ltr'><strong>quadam</strong></span> <span class='ocrx_word' id='word_1_702' title='bbox 978 5703 1172 5757; x_wconf 87' lang='lat' dir='ltr'><strong>virtute</strong></span> <span class='ocrx_word' id='word_1_703' title='bbox 1205 5703 1269 5756; x_wconf 90' lang='lat' dir='ltr'><strong>ad</strong></span> <span class='ocrx_word' id='word_1_704' title='bbox 1295 5701 1754 5758; x_wconf 81' lang='lat' dir='ltr'><strong>Cbristianitatem</strong></span> <span class='ocrx_word' id='word_1_705' title='bbox 1789 5702 2034 5770; x_wconf 88' lang='lat' dir='ltr'><strong>protinus</strong></span> 
     </span>
    </p>
   </div>
   <div class='ocr_carea' id='block_1_103' title="bbox 450 5790 2028 5863">
    <p class='ocr_par' dir='ltr' id='par_1_103' title="bbox 450 5790 2028 5863">
     <span class='ocr_line' id='line_1_103' title="bbox 450 5790 2028 5863; baseline 0.003 -20"><span class='ocrx_word' id='word_1_706' title='bbox 450 5792 748 5844; x_wconf 79' lang='lat' dir='ltr'><strong>invitatum.</strong></span> <span class='ocrx_word' id='word_1_707' title='bbox 799 5791 1095 5858; x_wconf 49' lang='lat' dir='ltr'><strong>Sozouex,</strong></span> <span class='ocrx_word' id='word_1_708' title='bbox 1132 5793 1222 5848; x_wconf 80' lang='lat' dir='ltr'><strong>tib.</strong></span> <span class='ocrx_word' id='word_1_709' title='bbox 1273 5791 1312 5860; x_wconf 67' lang='grc' dir='ltr'><strong>ἰ,</strong></span> <span class='ocrx_word' id='word_1_710' title='bbox 1370 5810 1486 5863; x_wconf 85' lang='lat' dir='ltr'><strong>cap.</strong></span> <span class='ocrx_word' id='word_1_711' title='bbox 1523 5791 1608 5846; x_wconf 79' lang='grc' dir='ltr'><strong>Π.</strong></span> <span class='ocrx_word' id='word_1_712' title='bbox 1661 5790 1806 5847; x_wconf 79' lang='lat' dir='ltr'><strong>Edit.</strong></span> <span class='ocrx_word' id='word_1_713' title='bbox 1842 5793 2028 5848; x_wconf 82' lang='lat' dir='ltr'><strong>Christ.</strong></span> 
     </span>
    </p>
   </div>
   <div class='ocr_carea' id='block_1_104' title="bbox 458 5873 1118 5955">
    <p class='ocr_par' dir='ltr' id='par_1_104' title="bbox 458 5873 1118 5955">
     <span class='ocr_line' id='line_1_104' title="bbox 458 5873 1118 5955; baseline 0.005 -20"><span class='ocrx_word' id='word_1_714' title='bbox 458 5879 632 5935; x_wconf 83' lang='lat' dir='ltr'><strong>Vates.</strong></span> <span class='ocrx_word' id='word_1_715' title='bbox 657 5899 771 5952; x_wconf 86' lang='lat' dir='ltr'><strong>cap.</strong></span> <span class='ocrx_word' id='word_1_716' title='bbox 808 5883 973 5955; x_wconf 57' lang='lat'><strong>18,1).</strong></span> <span class='ocrx_word' id='word_1_717' title='bbox 1003 5873 1118 5941; x_wconf 60' lang='lat' dir='ltr'><strong>55L</strong></span> 
     </span>
    </p>
   </div>
   <div class='ocr_carea' id='block_1_105' title="bbox 2139 4675 3732 4757">
    <p class='ocr_par' dir='ltr' id='par_1_105' title="bbox 2139 4675 3732 4757">
     <span class='ocr_line' id='line_1_105' title="bbox 2139 4675 3732 4757; baseline 0.003 -19"><span class='ocrx_word' id='word_1_718' title='bbox 2139 4684 2432 4752; x_wconf 88' lang='lat' dir='ltr'><strong>imitantes,</strong></span> <span class='ocrx_word' id='word_1_719' title='bbox 2465 4685 2814 4755; x_wconf 77' lang='lat' dir='ltr'><strong>colentesque</strong></span> <span class='ocrx_word' id='word_1_720' title='bbox 2843 4685 3193 4741; x_wconf 81' lang='lat' dir='ltr'><strong>calliditatem</strong></span> <span class='ocrx_word' id='word_1_721' title='bbox 3215 4728 3230 4754; x_wconf 95' lang='lat'><strong>,</strong></span> <span class='ocrx_word' id='word_1_722' title='bbox 3261 4694 3316 4740; x_wconf 90' lang='lat' dir='ltr'><strong>et</strong></span> <span class='ocrx_word' id='word_1_723' title='bbox 3337 4675 3451 4740; x_wconf 67' lang='lat' dir='ltr'><strong>lli-ii</strong></span> <span class='ocrx_word' id='word_1_724' title='bbox 3479 4682 3732 4757; x_wconf 81' lang='lat' dir='ltr'><strong>blasphe-</strong></span> 
     </span>
    </p>
   </div>
   <div class='ocr_carea' id='block_1_106' title="bbox 2141 4775 3732 4847">
    <p class='ocr_par' dir='ltr' id='par_1_106' title="bbox 2141 4775 3732 4847">
     <span class='ocr_line' id='line_1_106' title="bbox 2141 4775 3732 4847; baseline 0.001 -17"><span class='ocrx_word' id='word_1_725' title='bbox 2141 4776 2305 4830; x_wconf 89' lang='lat' dir='ltr'><strong>miam</strong></span> <span class='ocrx_word' id='word_1_726' title='bbox 2335 4791 2440 4831; x_wconf 94' lang='lat' dir='ltr'><strong>non</strong></span> <span class='ocrx_word' id='word_1_727' title='bbox 2471 4775 2819 4832; x_wconf 82' lang='lat' dir='ltr'><strong>defendentes</strong></span> <span class='ocrx_word' id='word_1_728' title='bbox 2850 4785 3058 4847; x_wconf 89' lang='lat' dir='ltr'><strong>aperte.</strong></span> <span class='ocrx_word' id='word_1_729' title='bbox 3086 4775 3552 4833; x_wconf 71' lang='lat' dir='ltr'><strong>Conirenientibh‘s</strong></span> <span class='ocrx_word' id='word_1_730' title='bbox 3577 4779 3732 4847; x_wconf 83' lang='lat' dir='ltr'><strong>igitur</strong></span> 
     </span>
    </p>
   </div>
   <div class='ocr_carea' id='block_1_107' title="bbox 2143 4867 3730 4939">
    <p class='ocr_par' dir='ltr' id='par_1_107' title="bbox 2143 4867 3730 4939">
     <span class='ocr_line' id='line_1_107' title="bbox 2143 4867 3730 4939; baseline 0.001 -19"><span class='ocrx_word' id='word_1_731' title='bbox 2143 4867 2437 4933; x_wconf 89' lang='lat' dir='ltr'><strong>universis,</strong></span> <span class='ocrx_word' id='word_1_732' title='bbox 2468 4868 2758 4922; x_wconf 80' lang='lat' dir='ltr'><strong>maximam</strong></span> <span class='ocrx_word' id='word_1_733' title='bbox 2783 4867 3002 4922; x_wconf 91' lang='lat' dir='ltr'><strong>domum</strong></span> <span class='ocrx_word' id='word_1_734' title='bbox 3031 4869 3351 4939; x_wconf 61' lang='lat' dir='ltr'><strong>praeparavit</strong></span> <span class='ocrx_word' id='word_1_735' title='bbox 3380 4869 3436 4924; x_wconf 90' lang='lat' dir='ltr'><strong>in</strong></span> <span class='ocrx_word' id='word_1_736' title='bbox 3465 4869 3730 4938; x_wconf 82' lang='lat' dir='ltr'><strong>regalibus</strong></span> 
     </span>
    </p>
   </div>
   <div class='ocr_carea' id='block_1_108' title="bbox 2146 4959 3729 5034">
    <p class='ocr_par' dir='ltr' id='par_1_108' title="bbox 2146 4959 3729 5034">
     <span class='ocr_line' id='line_1_108' title="bbox 2146 4959 3729 5034; baseline 0.002 -21"><span class='ocrx_word' id='word_1_737' title='bbox 2146 4959 2459 5029; x_wconf 86' lang='lat' dir='ltr'><strong>imperator,</strong></span> <span class='ocrx_word' id='word_1_738' title='bbox 2515 4959 2670 5015; x_wconf 89' lang='lat' dir='ltr'><strong>sedes</strong></span> <span class='ocrx_word' id='word_1_739' title='bbox 2698 4968 2751 5015; x_wconf 89' lang='lat' dir='ltr'><strong>et</strong></span> <span class='ocrx_word' id='word_1_740' title='bbox 2780 4959 3030 5016; x_wconf 82' lang='lat' dir='ltr'><strong>subsellia</strong></span> <span class='ocrx_word' id='word_1_741' title='bbox 3087 4961 3139 5016; x_wconf 91' lang='lat' dir='ltr'><strong>in</strong></span> <span class='ocrx_word' id='word_1_742' title='bbox 3171 4977 3234 5017; x_wconf 85' lang='lat' dir='ltr'><strong>ea</strong></span> <span class='ocrx_word' id='word_1_743' title='bbox 3259 4961 3389 5034; x_wconf 87' lang='lat' dir='ltr'><strong>poni</strong></span> <span class='ocrx_word' id='word_1_744' title='bbox 3417 4963 3729 5034; x_wconf 71' lang='lat' dir='ltr'><strong>praecipiens</strong></span> 
     </span>
    </p>
   </div>
   <div class='ocr_carea' id='block_1_109' title="bbox 2142 5039 3727 5123">
    <p class='ocr_par' dir='ltr' id='par_1_109' title="bbox 2142 5039 3727 5123">
     <span class='ocr_line' id='line_1_109' title="bbox 2142 5039 3727 5123; baseline 0.001 -16"><span class='ocrx_word' id='word_1_745' title='bbox 2142 5067 2261 5123; x_wconf 65' lang='lat' dir='ltr'><strong>quae</strong></span> <span class='ocrx_word' id='word_1_746' title='bbox 2304 5053 2615 5110; x_wconf 80' lang='lat' dir='ltr'><strong>sumcerent</strong></span> <span class='ocrx_word' id='word_1_747' title='bbox 2663 5052 2839 5108; x_wconf 89' lang='lat' dir='ltr'><strong>ordini</strong></span> <span class='ocrx_word' id='word_1_748' title='bbox 2891 5052 3234 5110; x_wconf 85' lang='lat' dir='ltr'><strong>sacerdotum</strong></span> <span class='ocrx_word' id='word_1_749' title='bbox 3281 5073 3294 5108; x_wconf 93' lang='lat'><strong>:</strong></span> <span class='ocrx_word' id='word_1_750' title='bbox 3339 5049 3413 5109; x_wconf 81' lang='lat' dir='ltr'><strong>ita</strong></span> <span class='ocrx_word' id='word_1_751' title='bbox 3454 5039 3727 5111; x_wconf 72' lang='lat' dir='ltr'><strong>decentem</strong></span> 
     </span>
    </p>
   </div>
   <div class='ocr_carea' id='block_1_110' title="bbox 2139 5137 3725 5218">
    <p class='ocr_par' dir='ltr' id='par_1_110' title="bbox 2139 5137 3725 5218">
     <span class='ocr_line' id='line_1_110' title="bbox 2139 5137 3725 5218; baseline 0.001 -18"><span class='ocrx_word' id='word_1_752' title='bbox 2139 5157 2453 5216; x_wconf 70' lang='lat' dir='ltr'><strong>prmparans</strong></span> <span class='ocrx_word' id='word_1_753' title='bbox 2474 5144 2551 5200; x_wconf 89' lang='lat' dir='ltr'><strong>eis</strong></span> <span class='ocrx_word' id='word_1_754' title='bbox 2579 5144 2868 5212; x_wconf 88' lang='lat' dir='ltr'><strong>honorem,</strong></span> <span class='ocrx_word' id='word_1_755' title='bbox 2901 5141 3151 5200; x_wconf 89' lang='lat' dir='ltr'><strong>invitavit</strong></span> <span class='ocrx_word' id='word_1_756' title='bbox 3181 5145 3404 5215; x_wconf 75' lang='lat' dir='ltr'><strong>ingredi,</strong></span> <span class='ocrx_word' id='word_1_757' title='bbox 3439 5139 3495 5202; x_wconf 83' lang='lat' dir='ltr'><strong>&#39;et</strong></span> <span class='ocrx_word' id='word_1_758' title='bbox 3525 5137 3595 5202; x_wconf 83' lang='lat' dir='ltr'><strong>de</strong></span> <span class='ocrx_word' id='word_1_759' title='bbox 3617 5161 3725 5218; x_wconf 76' lang='lat' dir='ltr'><strong>pne</strong></span> 
     </span>
    </p>
   </div>
   <div class='ocr_carea' id='block_1_111' title="bbox 2140 5233 3724 5310">
    <p class='ocr_par' dir='ltr' id='par_1_111' title="bbox 2140 5233 3724 5310">
     <span class='ocr_line' id='line_1_111' title="bbox 2140 5233 3724 5310; baseline 0.001 -19"><span class='ocrx_word' id='word_1_760' title='bbox 2140 5236 2380 5291; x_wconf 90' lang='lat' dir='ltr'><strong>sentibus</strong></span> <span class='ocrx_word' id='word_1_761' title='bbox 2400 5236 2601 5292; x_wconf 89' lang='lat' dir='ltr'><strong>habere</strong></span> <span class='ocrx_word' id='word_1_762' title='bbox 2631 5237 2917 5292; x_wconf 88' lang='lat' dir='ltr'><strong>consilium</strong></span> <span class='ocrx_word' id='word_1_763' title='bbox 2943 5236 3046 5310; x_wconf 83' lang='lat' dir='ltr'><strong>[ed.</strong></span> <span class='ocrx_word' id='word_1_764' title='bbox 3083 5237 3205 5293; x_wconf 84' lang='lat' dir='ltr'><strong>Niv.</strong></span> <span class='ocrx_word' id='word_1_765' title='bbox 3234 5248 3281 5292; x_wconf 88' lang='lat' dir='ltr'><strong>et</strong></span> <span class='ocrx_word' id='word_1_766' title='bbox 3310 5233 3477 5294; x_wconf 79' lang='lat' dir='ltr'><strong>Fro‘b.</strong></span> <span class='ocrx_word' id='word_1_767' title='bbox 3505 5280 3521 5304; x_wconf 89' lang='lat'><strong>,</strong></span> <span class='ocrx_word' id='word_1_768' title='bbox 3554 5237 3724 5294; x_wconf 88' lang='lat' dir='ltr'><strong>conci-</strong></span> 
     </span>
    </p>
   </div>
   <div class='ocr_carea' id='block_1_112' title="bbox 2137 5328 3722 5403">
    <p class='ocr_par' dir='ltr' id='par_1_112' title="bbox 2137 5328 3722 5403">
     <span class='ocr_line' id='line_1_112' title="bbox 2137 5328 3722 5403; baseline 0.003 -21"><span class='ocrx_word' id='word_1_769' title='bbox 2137 5329 2312 5401; x_wconf 90' lang='lat' dir='ltr'><strong>lium].</strong></span> <span class='ocrx_word' id='word_1_770' title='bbox 2344 5328 2569 5385; x_wconf 86' lang='lat' dir='ltr'><strong>Intravit</strong></span> <span class='ocrx_word' id='word_1_771' title='bbox 2614 5338 2795 5385; x_wconf 87' lang='lat' dir='ltr'><strong>autem</strong></span> <span class='ocrx_word' id='word_1_772' title='bbox 2836 5339 2890 5386; x_wconf 88' lang='lat' dir='ltr'><strong>et</strong></span> <span class='ocrx_word' id='word_1_773' title='bbox 2936 5331 3052 5401; x_wconf 91' lang='lat' dir='ltr'><strong>ipse</strong></span> <span class='ocrx_word' id='word_1_774' title='bbox 3081 5333 3333 5403; x_wconf 90' lang='lat' dir='ltr'><strong>princeps</strong></span> <span class='ocrx_word' id='word_1_775' title='bbox 3358 5331 3583 5388; x_wconf 77' lang='lat' dir='ltr'><strong>‘ultitnhs</strong></span> <span class='ocrx_word' id='word_1_776' title='bbox 3613 5348 3722 5387; x_wconf 86' lang='lat' dir='ltr'><strong>cum</strong></span> 
     </span>
    </p>
   </div>
   <div class='ocr_carea' id='block_1_113' title="bbox 2137 5417 3721 5496">
    <p class='ocr_par' dir='ltr' id='par_1_113' title="bbox 2137 5417 3721 5496">
     <span class='ocr_line' id='line_1_113' title="bbox 2137 5417 3721 5496; baseline 0.002 -19"><span class='ocrx_word' id='word_1_777' title='bbox 2137 5424 2321 5493; x_wconf 88' lang='lat' dir='ltr'><strong>paucis</strong></span> <span class='ocrx_word' id='word_1_778' title='bbox 2345 5464 2359 5490; x_wconf 94' lang='lat'><strong>,</strong></span> <span class='ocrx_word' id='word_1_779' title='bbox 2390 5423 2546 5479; x_wconf 87' lang='lat' dir='ltr'><strong>laude</strong></span> <span class='ocrx_word' id='word_1_780' title='bbox 2573 5424 2787 5494; x_wconf 82' lang='lat' dir='ltr'><strong>dignam</strong></span> <span class='ocrx_word' id='word_1_781' title='bbox 2834 5427 2916 5483; x_wconf 89' lang='lat' dir='ltr'><strong>sui</strong></span> <span class='ocrx_word' id='word_1_782' title='bbox 2945 5417 3371 5496; x_wconf 77' lang='lat' dir='ltr'><strong>magnitudinem</strong></span> <span class='ocrx_word' id='word_1_783' title='bbox 3399 5423 3606 5483; x_wconf 84' lang='lat' dir='ltr'><strong>habens</strong></span> <span class='ocrx_word' id='word_1_784' title='bbox 3632 5468 3646 5492; x_wconf 96' lang='lat'><strong>,</strong></span> <span class='ocrx_word' id='word_1_785' title='bbox 3676 5436 3721 5480; x_wconf 90' lang='lat' dir='ltr'><strong>et</strong></span> 
     </span>
    </p>
   </div>
   <div class='ocr_carea' id='block_1_114' title="bbox 2139 5519 3711 5591">
    <p class='ocr_par' dir='ltr' id='par_1_114' title="bbox 2139 5519 3711 5591">
     <span class='ocr_line' id='line_1_114' title="bbox 2139 5519 3711 5591; baseline 0.001 -19"><span class='ocrx_word' id='word_1_786' title='bbox 2139 5519 2440 5574; x_wconf 89' lang='lat' dir='ltr'><strong>mirabilem</strong></span> <span class='ocrx_word' id='word_1_787' title='bbox 2469 5520 2703 5590; x_wconf 89' lang='lat' dir='ltr'><strong>speciem</strong></span> <span class='ocrx_word' id='word_1_788' title='bbox 2727 5561 2742 5586; x_wconf 92' lang='lat'><strong>,</strong></span> <span class='ocrx_word' id='word_1_789' title='bbox 2775 5519 3268 5591; x_wconf 76' lang='lat' dir='ltr'><strong>rnirabilioremqu&#39;e</strong></span> <span class='ocrx_word' id='word_1_790' title='bbox 3289 5521 3484 5590; x_wconf 84' lang='lat' dir='ltr'><strong>gerens</strong></span> <span class='ocrx_word' id='word_1_791' title='bbox 3505 5521 3711 5590; x_wconf 84' lang='lat' dir='ltr'><strong>dignita-</strong></span> 
     </span>
    </p>
   </div>
   <div class='ocr_carea' id='block_1_115' title="bbox 2138 5609 3716 5683">
    <p class='ocr_par' dir='ltr' id='par_1_115' title="bbox 2138 5609 3716 5683">
     <span class='ocr_line' id='line_1_115' title="bbox 2138 5609 3716 5683; baseline 0.002 -21"><span class='ocrx_word' id='word_1_792' title='bbox 2138 5615 2246 5664; x_wconf 88' lang='lat' dir='ltr'><strong>tem</strong></span> <span class='ocrx_word' id='word_1_793' title='bbox 2278 5609 2498 5678; x_wconf 90' lang='lat' dir='ltr'><strong>pudoris</strong></span> <span class='ocrx_word' id='word_1_794' title='bbox 2525 5613 2578 5665; x_wconf 91' lang='lat' dir='ltr'><strong>in</strong></span> <span class='ocrx_word' id='word_1_795' title='bbox 2610 5611 2807 5668; x_wconf 83' lang='lat' dir='ltr'><strong>fronte.</strong></span> <span class='ocrx_word' id='word_1_796' title='bbox 2843 5612 3048 5668; x_wconf 83' lang='lat' dir='ltr'><strong>Minore</strong></span> <span class='ocrx_word' id='word_1_797' title='bbox 3075 5629 3205 5669; x_wconf 88' lang='lat' dir='ltr'><strong>vero</strong></span> <span class='ocrx_word' id='word_1_798' title='bbox 3231 5615 3358 5669; x_wconf 90' lang='lat' dir='ltr'><strong>sede</strong></span> <span class='ocrx_word' id='word_1_799' title='bbox 3387 5631 3550 5683; x_wconf 89' lang='lat' dir='ltr'><strong>quam</strong></span> <span class='ocrx_word' id='word_1_800' title='bbox 3580 5614 3716 5678; x_wconf 89' lang='lat' dir='ltr'><strong>aliis,</strong></span> 
     </span>
    </p>
   </div>
   <div class='ocr_carea' id='block_1_116' title="bbox 2141 5699 3714 5776">
    <p class='ocr_par' dir='ltr' id='par_1_116' title="bbox 2141 5699 3714 5776">
     <span class='ocr_line' id='line_1_116' title="bbox 2141 5699 3714 5776; baseline 0.003 -21"><span class='ocrx_word' id='word_1_801' title='bbox 2141 5703 2337 5771; x_wconf 90' lang='lat' dir='ltr'><strong>posita,</strong></span> <span class='ocrx_word' id='word_1_802' title='bbox 2383 5703 2433 5756; x_wconf 93' lang='lat' dir='ltr'><strong>in</strong></span> <span class='ocrx_word' id='word_1_803' title='bbox 2466 5703 2644 5758; x_wconf 84' lang='lat' dir='ltr'><strong>medio</strong></span> <span class='ocrx_word' id='word_1_804' title='bbox 2676 5721 2863 5760; x_wconf 90' lang='lat' dir='ltr'><strong>eorum</strong></span> <span class='ocrx_word' id='word_1_805' title='bbox 2912 5707 3050 5761; x_wconf 89' lang='lat' dir='ltr'><strong>sedit</strong></span> <span class='ocrx_word' id='word_1_806' title='bbox 3083 5724 3095 5758; x_wconf 91' lang='lat'><strong>:</strong></span> <span class='ocrx_word' id='word_1_807' title='bbox 3128 5707 3305 5776; x_wconf 88' lang='lat' dir='ltr'><strong>primo</strong></span> <span class='ocrx_word' id='word_1_808' title='bbox 3337 5699 3518 5762; x_wconf 82' lang='lat' dir='ltr'><strong>tamen</strong></span> <span class='ocrx_word' id='word_1_809' title='bbox 3543 5717 3714 5776; x_wconf 84' lang='lat' dir='ltr'><strong>petens</strong></span> 
     </span>
    </p>
   </div>
   <div class='ocr_carea' id='block_1_117' title="bbox 2138 5791 3712 5867">
    <p class='ocr_par' dir='ltr' id='par_1_117' title="bbox 2138 5791 3712 5867">
     <span class='ocr_line' id='line_1_117' title="bbox 2138 5791 3712 5867; baseline 0.001 -18"><span class='ocrx_word' id='word_1_810' title='bbox 2138 5797 2241 5849; x_wconf 87' lang='lat' dir='ltr'><strong>hoc</strong></span> <span class='ocrx_word' id='word_1_811' title='bbox 2265 5796 2363 5851; x_wconf 88' lang='lat' dir='ltr'><strong>sibi</strong></span> <span class='ocrx_word' id='word_1_812' title='bbox 2394 5798 2767 5866; x_wconf 84' lang='lat' dir='ltr'><strong>episcoporum</strong></span> <span class='ocrx_word' id='word_1_813' title='bbox 2795 5796 3038 5867; x_wconf 84' lang='lat' dir='ltr'><strong>jussione</strong></span> <span class='ocrx_word' id='word_1_814' title='bbox 3061 5797 3309 5855; x_wconf 79' lang='lat' dir='ltr'><strong>eorteedi.</strong></span> <span class='ocrx_word' id='word_1_815' title='bbox 3344 5791 3479 5854; x_wconf 83' lang='lat' dir='ltr'><strong>Tum</strong></span> <span class='ocrx_word' id='word_1_816' title='bbox 3511 5815 3627 5854; x_wconf 86' lang='lat' dir='ltr'><strong>cum</strong></span> <span class='ocrx_word' id='word_1_817' title='bbox 3656 5811 3712 5850; x_wconf 89' lang='lat' dir='ltr'><strong>eo</strong></span> 
     </span>
    </p>
   </div>
   <div class='ocr_carea' id='block_1_118' title="bbox 2135 5879 3708 5965">
    <p class='ocr_par' dir='ltr' id='par_1_118' title="bbox 2135 5879 3708 5965">
     <span class='ocr_line' id='line_1_118' title="bbox 2135 5879 3708 5965; baseline 0.001 -21"><span class='ocrx_word' id='word_1_818' title='bbox 2135 5881 2336 5946; x_wconf 74' lang='lat' dir='ltr'><strong>resedit</strong></span> <span class='ocrx_word' id='word_1_819' title='bbox 2382 5879 2748 5949; x_wconf 78' lang='lat' dir='ltr'><strong>sanctissimus</strong></span> <span class='ocrx_word' id='word_1_820' title='bbox 2791 5891 2881 5949; x_wconf 91' lang='lat' dir='ltr'><strong>ille</strong></span> <span class='ocrx_word' id='word_1_821' title='bbox 2899 5885 3122 5951; x_wconf 81' lang='lat' dir='ltr'><strong>&#39;cho&#39;r&#39;us.</strong></span> <span class='ocrx_word' id='word_1_822' title='bbox 3164 5887 3375 5951; x_wconf 79' lang='lat' dir='ltr'><strong>Primus</strong></span> <span class='ocrx_word' id='word_1_823' title='bbox 3399 5894 3582 5965; x_wconf 85' lang='lat' dir='ltr'><strong>itaque</strong></span> <span class='ocrx_word' id='word_1_824' title='bbox 3606 5905 3708 5946; x_wconf 82' lang='lat' dir='ltr'><strong>ma-</strong></span> 
     </span>
    </p>
   </div>
  </div>
