4006 6444
239 360 356 416 9‘25

1362 335 1684 409 msromA
1720 319 2156 405 nimim.
2202 319 2400 403 Liuiae
2436 346 2505 403 ιι.

3442 330 3546 399 9a;

237 491 388 548 gnus
413 473 724 531 Eustathius
746 447 1095 528 Antiocheam
1118 470 1341 554 sortitus
1357 469 1615 525 Ecclesiae
1643 484 1846 539 prtesu-
1876 469 1918 528 A
1950 461 2038 554 ubi
2070 461 2201 517 illud
2230 464 2391 552 etiam
2418 453 2760 533 proverbiale
2805 440 3192 534 interpretiiiiii'
3211 453 3489 532 nequitia:
3524 478 3540 517 :

239 572 460 638 latum;
494 583 617 625 nam
660 566 1012 636 Philogonius
1037 608 1054 636 ,
1083 565 1236 635 cujus
1263 563 1466 638 dudum,
1486 563 1847 632 meminimus,

240 665 314 720 ad
345 664 634 718 meliorem
660 661 774 729 jam
819 659 1106 715 transierat
1132 659 1328 722 vitam;
1368 666 1422 712 et
1460 633 1602 712 hunc
1633 656 1850 711 mirabi-

241 758 359 813 lem
385 757 587 819 virum,
621 755 786 810 etiam
818 753 1089 807 nolentem
1117 793 1131 816 ,
1163 751 1231 806 ad
1254 751 1494 820 regimen
1519 749 1634 819 ejus
1657 748 1841 805 Eccle-

241 851 343 906 sire
374 849 601 905 decreto
631 847 904 902 communi
925 845 1206 915 pontiﬁces
1230 860 1293 900 ac
1320 843 1631 898 sacerdotes
1661 851 1716 897 et
1738 858 1846 896 om-

245 943 337 997 nis
371 941 608 1012 populus
651 939 987 994 Christianus
1029 938 1215 992 venire
1243 936 1599 1006 compulerat.
1630 935 1680 989 ls
1722 949 1850 1002 ergo

239 1035 650 1104 przeeoniorum
683 1032 902 1088 ﬂoribus
941 1039 1107 1102 caput
1138 1030 1393 1101 principis
1442 1028 1728 1102 exornavit
1750 1070 1763 1096 ,
1797 1036 1853 1082 et

241 1129 438 1184 studio
466 1127 603 1197 ejus,
634 1126 776 1198 quod
805 1126 1038 1180 habebat
1068 1125 1210 1180 circa
1251 1139 1424 1188 sacra,
1448 1111 1853 1177 benedictiones

241 1219 521 1274 exhibuit.
551 1217 683 1294 IPost
710 1218 853 1272 hunc
878 1226 1060 1270 autem
1081 1214 1340 1270 Eusebius
1367 1213 1687 1282 cognomine
1708 1209 1855 1264 Pam-

240 1308 406 1378 phili.
443 1307 651 1374 Quibus
676 1306 786 1377 jam
818 1308 1183 1363 residentibus
1207 1345 1224 1372 ,
1257 1305 1650 1361 famosissimas
1679 1304 1854 1373 impe-

240 1408 407 1454 rator
453 1399 680 1468 protulit
726 1398 794 1454 de
840 1399 1192 1454 unanimitate
1220 1397 1619 1468 concordiaque
1647 1411 1856 1451 sermo-

241 1507 370 1560 nes,
424 1499 781 1562 tyrannorum
831 1491 1210 1546 crudelitatem
1255 1491 1333 1544 eis
1361 1502 1768 1553 rememorans,
1800 1493 1856 1540 et

241 1583 636 1640 honorabilem
662 1599 868 1654 pacem,
894 1599 1014 1654 quae
1037 1584 1136 1638 sub
1163 1598 1228 1637 eo
1241 1582 1436 1637 collata
1466 1591 1552 1636 est
1580 1577 1854 1643 divinitus;

207 1675 414 1754 xsimul
465 1683 523 1731 et
549 1675 673 1744 quia
704 1677 994 1745 pessimum
1024 1683 1078 1730 et
1108 1673 1262 1730 valde
1302 1672 1518 1728 crudele
1546 1671 1852 1738 videretur,

243 1776 307 1823 ut
334 1768 634 1823 destructis
651 1769 914 1837 hostibus,
933 1768 1188 1836 nulloque
1209 1772 1569 1836 praesumente
1583 1763 1854 1826 resistere,

1961 553 2213 608 Dominus
2232 549 2673 610 ereattitntciniti'o
2691 551 2826 628 led”
2841 543 3170 627 priitciiiiiini]
3199 551 3397 610 ricr‘nm
3421 553 3546 608 saa-

1960 665 2070 701 rum
2086 648 2138 701 in
2155 666 2308 720 opera
2324 667 2417 703 sua
2442 637 2856 721 (Prov.vm,?.2).
2878 649 3046 718 Pergo
3070 637 3248 719 itaque
3269 640 3373 718 iam
3395 645 3540 713 liinc,

1957 751 2011 798 et
2027 743 2091 795 ad
2109 758 2171 796 ea
2199 759 2316 811 quae
2345 751 2491 814 gesta
2520 743 2811 797 suut.Cum
2835 744 2989 811 igitur
3010 733 3355 811 prdp'terltzec
3386 739 3546 813 syno-

1957 837 2055 916 dus
2071 838 2300 892 maxima
2318 839 2369 892 in
2390 837 2618 893 Niczeam
2647 838 2884 893 venisset
2902 821 3082 891 urbem
3103 880 3115 901 ,
3140 846 3546 905 Cl.(]ll:1‘,l‘(‘l't'illl’

1957 927 2078 984 lidei
2132 928 2362 996 modus,
2421 938 2607 998 aperta
2656 923 2872 997 quidem
2923 925 3252 995 impudentia
3285 926 3544 978 Eusebius

1957 1024 2274 1093 scripturam
2305 1025 2524 1095 protulit
2551 1022 2921 1092 blasphemia},
2950 1033 3066 1088 qua:
3091 1015 3271 1073 eorum
3300 1017 3545 1071 (numinis

1958 1116 2094 1171 lecta
2114 1159 2128 1183 ,
2158 1126 2380 1186 repente
2421 1113 2625 1170 cladem
2656 1113 3050 1181 importabilem
3081 1126 3241 1165 causa
3272 1103 3546 1162 divisionis

1958 1208 2297 1263 audientibus
2326 1208 2583 1275 irrogavit
2616 1225 2627 1259 :
2661 1201 3029 1261 confusionem
3063 1209 3241 1255 tamen
3280 1197 3546 1253 incuralil-

1957 1301 2063 1358 lem
2093 1317 2190 1356 suo
2213 1299 2448 1371 providit
2475 1299 2703 1354 auctori.
2737 1299 2978 1365 Cumque
3010 1289 3225 1349 ol'liciixa
3247 1305 3403 1362 capta
3429 1289 3548 1345 fuis-

1958 1402 2060 1459 set,
2084 1391 2445 1446 indubitanter
2461 1389 2691 1454 Eusebii,
2717 1385 2954 1456 disrupta
2975 1385 3269 1455 iniquitatis
3286 1383 3546 1452 scriptura

1958 1483 2012 1538 in
2057 1491 2346 1552 conspectu
2379 1480 2652 1547 omnium,
2691 1478 2911 1547 quidam
2952 1481 3020 1530 ex
3069 1463 3298 1530 tractatu
3352 1487 3546 1527 nomen

1958 1571 2291 1644 exponentes
2347 1571 2494 1642 pacis
2541 1569 3040 1639 compescuerunt,
3103 1561 3292 1620 omnes
3347 1563 3546 1632 justam

1958 1663 2349 1736 querimoniam
2396 1663 2674 1718 facientes.
2723 1659 2906 1714 Ariani
2941 1666 3120 1713 autem
3153 1649 3453 1711 metuentes
3483 1670 3548 1708 ne

1959 1763 2284 1827 congregato
2327 1755 2524 1810 ibidem
2566 1745 2714 1807 tanto
2747 1750 2974 1808 concilio
3005 1747 3331 1819 pellerentur
3354 1787 3366 1811 ,
3404 1744 3548 1798 exsi-

242 1860 582 1916 sacerdot'es
614 1861 904 1915 alterutros
941 1858 1313 1928 iacularentur
1360 1865 1525 1925 atque
1555 1849 1854 1910 confunde-
1888 1870 1936 1928 Β
1962 1850 2153 1905 lientes
2180 1843 2765 1902 anathematizaverunt
2803 1841 3144 1897 interdictum
3177 1839 3285 1892 Arii
3315 1835 3504 1905 dogma
3531 1877 3546 1901 ,

241 1943 376 2008 rent
405 1993 423 2020 ,
456 1960 511 2008 et
541 1953 718 2023 impiis
749 1959 912 2021 atque
959 1949 1076 2004 sine
1105 1947 1216 2004 Deo
1257 1947 1502 2019 personis
1531 1941 1851 1999 delectatio-

242 2060 382 2102 nem
431 2045 709 2116 risumque
762 2043 1109 2113 praeberent:
1144 2055 1266 2095 cum
1317 2039 1504 2108 utique
1546 2035 1612 2090 de
1664 2034 1855 2088 divinis

243 2144 564 2192 tractarent
615 2135 814 2200 rebus,
870 2142 926 2188 et
973 2132 1146 2188 sancti
1197 2130 1428 2200 Spiritus
1470 2127 1770 2182 doctrinam
1803 2127 1854 2179 in

242 2230 478 2300 scriptis
508 2229 792 2284 baberent.
827 2226 1134 2296 Evangelici
1163 2225 1306 2280 enim
1333 2222 1453 2278 libri
1483 2231 1627 2285 sunt,
1662 2219 1852 2290 inquit,

243 2331 308 2380 et
337 2322 628 2393 apostolici
655 2364 670 2389 ,
699 2321 1151 2389 antiquorumque
1194 2316 1585 2386 prophetarum
1617 2313 1852 2368 sanctio-

245 2428 354 2469 nes
374 2455 392 2481 ,
424 2428 546 2481 qua:
575 2427 674 2466 nos
704 2411 954 2466 erudiunt
980 2409 1106 2477 quid
1130 2407 1197 2462 de
1224 2422 1380 2462 saera
1413 2407 1530 2474 lege
1559 2405 1852 2474 sapiamus.

248 2503 609 2574 Expellentes
641 2503 800 2572 igitur
826 2501 1023 2557 hostile
1061 2508 1335 2554 certamen
1363 2513 1430 2552 ex
1459 2497 1638 2552 verbis
1666 2494 1857 2549 divini-

251 2606 343 2653 tus
377 2596 656 2668 inspiratis
683 2636 698 2664 ,
729 2591 1056 2652 solutionem
1084 2594 1440 2662 quaestionum
1472 2579 1650 2660 mente
1685 2587 1857 2660 perci-

252 2692 495 2764 piamus.
546 2689 671 2766 Hinc
719 2697 773 2742 et
815 2689 899 2742 his
928 2687 1118 2743 similia
1147 2726 1162 2751 ,
1196 2694 1450 2754 tanquam
1483 2681 1621 2736 ﬁlius
1651 2691 1860 2734 amator

252 2786 456 2858 patris,
487 2782 858 2839 sacerdotibus
883 2780 1046 2835 veluti
1068 2777 1306 2848 patribus
1329 2775 1609 2839 otierebal,
1640 2784 1859 2842 aposto-

255 2877 497 2946 licorum
551 2875 863 2947 dogmatum
918 2873 1139 2928 studens
1197 2868 1484 2946 proﬂigare
1537 2865 1858 2921 discordiam

254 2970 398 3045 [ed.,
447 2943 569 3046 Niv.
594 2943 648 3021 et
694 2964 878 3031 Frob.,
910 2961 1201 3019 conciliare
1222 2943 1611 3027 concordiam].
1638 2954 1862 3010 Concilii

255 3077 398 3118 vero
429 3060 659 3130 plurima
690 3074 814 3128 pars
843 3057 926 3112 bis
955 3072 1072 3126 qua:
1101 3055 1418 3110 dicebantur
1459 3050 1777 3128 obediebat;
1809 3055 1864 3103 ct

257 3155 410 3210 inter
432 3126 728 3206 alterutros
757 3148 1165 3203 unanimitatem
1187 3155 1242 3202 et
1285 3146 1596 3214 dogmatum
1630 3126 1862 3197 salubri-

258 3252 438 3301 tatem
470 3243 700 3297 libenter
724 3240 1206 3310 amplectebantur.
1257 3237 1420 3290 Pauci
1447 3250 1577 3290 vero
1608 3233 1857 3303 quidam,
1891 3268 1936 3331 Ο

260 3351 501 3408 quorum
527 3333 636 3404 jam
679 3333 1040 3399 meminimus,
1070 3340 1127 3386 et
1146 3345 1311 3400 super
1333 3329 1455 3384 illos
1482 3327 1861 3397 Minophantus

261 3427 536 3500 Ephesius
556 3466 572 3493 ,
600 3434 654 3480 et
680 3423 1081 3496 Scythopolites
1106 3422 1452 3492 Patrophilus
1473 3461 1489 3487 ,
1520 3417 1864 3487 Theogonius

263 3523 516 3580 Nicmnus
542 3520 854 3590 episcopus,
885 3526 941 3573 et
961 3517 1240 3572 Narcissus
1265 3513 1584 3570 Neroniadis
1601 3553 1613 3577 ,
1637 3527 1757 3580 quae
1780 3519 1863 3566 est

265 3613 522 3671 secundae
551 3611 748 3666 Ciliciae
773 3633 789 3679 ,
820 3624 983 3679 quam
1013 3624 1154 3664 nunc
1179 3607 1504 3677 lrenopolim
1533 3610 1777 3676 vocant,
1808 3610 1862 3658 et

265 3719 392 3761 eum
423 3705 508 3759 his
528 3703 774 3758 Theonas
794 3701 1232 3765 Marmaricenus,
1257 3706 1309 3752 et
1337 3696 1680 3752 Ptolemaidis
1706 3691 1866 3766 Egy-

267 3799 347 3870 pti
398 3797 684 3853 Secundus
745 3791 1058 3864 apostolicis
1107 3791 1421 3846 resistentes
1475 3790 1860 3858 dogmatibus,

271 3889 460 3944 Arium
513 3886 919 3942 defendebant:
967 3884 1236 3940 dictantes
1283 3884 1426 3938 enim
1475 3881 1598 3937 lidei
1649 3881 1866 3954 petitio-

271 3998 420 4051 nem,
448 3980 614 4036 coetui
636 3977 906 4036 communi
935 3976 1218 4032 dederunt.
1253 3974 1382 4041 Qua:
1413 3989 1532 4030 cum
1563 3974 1698 4028 lecta
1733 3962 1864 4042 l'uis-

273 4083 354 4130 set
383 4073 452 4128 ab
483 4071 748 4126 universis
773 4113 789 4138 ,
840 4077 1062 4140 repente
1110 4067 1350 4137 disrupta
1377 4073 1459 4121 est
1484 4107 1498 4131 ,
1529 4073 1583 4118 et
1623 4057 1864 4117 adultera

273 4164 726 4234 traudulentaque
782 4161 1148 4231 pronuntiata.
1204 4157 1382 4212 Turba
1413 4155 1676 4224 siquidem
1705 4162 1758 4208 et
1789 4162 1867 4207 tu-

275 4259 448 4314 multu
481 4263 666 4312 contra
689 4271 784 4310 eos
805 4255 871 4309 ab
897 4253 1146 4309 omnibus
1171 4251 1374 4316 habito,
1406 4249 1720 4315 cunctisque
1744 4261 1868 4315 pro-

275 4350 540 4408 ditionem
574 4347 642 4400 ab
664 4347 742 4401 eis
770 4345 966 4399 factam
995 4342 1372 4397 accusantibus
1394 4340 1610 4410 pietatis
1635 4380 1649 4405 ,
1684 4336 1868 4392 formi-

277 4443 473 4498 dantes
513 4444 898 4504 surrexerunt,
946 4445 1002 4490 et
1032 4435 1190 4504 primi
1229 4434 1413 4488 Arium
1443 4434 1868 4501 abdicaverunt,

276 4538 510 4603 excepto
539 4527 789 4585 Secundo
818 4535 875 4583 et
917 4527 1159 4581 Theona.
1193 4524 1331 4580 Cum
1378 4541 1506 4598 ergo
1539 4523 1729 4580 fuisset
1769 4524 1870 4578 im-

279 4628 400 4698 pius
424 4624 516 4679 ille
543 4622 848 4678 destructus
871 4663 885 4685 ,
919 4618 1266 4674 concorditer
1288 4617 1522 4672 universi
1555 4615 1712 4671 ﬁdem
1760 4615 1871 4682 glo-
1902 4659 1950 4718 υ

281 4721 526 4788 riamque
554 4715 838 4780 dietantes,
870 4726 988 4782 quze
1018 4711 1277 4765 hactenus
1297 4711 1351 4764 in
1379 4708 1636 4765 Ecclesiis
1657 4722 1872 4777 perma-

282 4815 375 4874 net
399 4849 414 4874 ,
447 4813 504 4862 et
548 4800 1033 4877 subscriptionibus
1060 4800 1382 4854 roborantes
1407 4837 1422 4861 ,
1456 4798 1668 4852 solvere
1689 4796 1870 4851 conci-

280 4902 430 4962 lium.
463 4899 660 4956 Dolose
684 4905 861 4952 tamen
895 4903 949 4950 et
977 4909 1084 4949 non
1113 4893 1402 4967 salubriter
1423 4891 1665 4964 praedicti
1695 4890 1794 4945 viri
1818 4890 1872 4944 in

283 4994 404 5051 lidei
457 4992 688 5049 termino
741 4995 1165 5054 consenserunt;
1214 4995 1275 5042 ut
1317 4991 1584 5041 testantur
1615 4992 1722 5038 tam
1751 4997 1871 5052 quae

285 5096 471 5158 postea
501 5086 566 5141 ab
595 5085 673 5141 eis
703 5083 1006 5138 machinata
1047 5090 1169 5136 sunt
1209 5088 1396 5136 contra
1427 5078 1642 5149 pietatis
1671 5091 1871 5146 propuo

286 5189 567 5248 gnatores,
614 5191 775 5246 quam
805 5190 924 5244 qua:
951 5173 1018 5229 ab
1048 5173 1176 5243 ipsis
1209 5172 1518 5242 conscripta
1547 5175 1867 5224 noscuntur.

287 5269 702 5335 Tueonone'rus,
732 5268 822 5322 lib.
849 5284 895 5333 1,
920 5285 1034 5336 cap.
1068 5267 1122 5332 7,
1151 5285 1204 5335 p.
1238 5265 1328 5319 24.

901 5419 1132 5483 CAPUT
1174 5410 1261 5481 vi.

363 5545 564 5601 Retatio
615 5541 878 5598 Eustatltii
913 5541 1200 5596 Antiochia!
1233 5541 1457 5610 episwpi
1489 5539 1550 5593 de
1579 5535 1802 5591 Nicamo

966 5611 1206 5667 concilio.

359 5726 667 5786 Eustathius
714 5731 895 5798 itaque
953 5727 1320 5782 Antiochenus
1369 5727 1676 5797 episcopus,
1727 5723 1878 5794 cujus

294 5825 535 5889 primitus
585 5803 803 5878 memini
829 5861 842 5886 ,
877 5821 991 5877 haec
1019 5820 1085 5875 de
1115 5821 1208 5890 eis,
1239 5819 1453 5883 retulit,
1481 5819 1686 5894 docens
1714 5820 1872 5890 227

298 5932 410 5984 qua:
439 5917 578 5975 facta
603 5924 769 5984 sunt,
798 5927 1094 5984 eorumque
1121 5911 1449 5983 redarguens
1478 5899 1838 5984 blasphemias
1861 5950 1878 5979 ,

1961 1939 2298 1998 concorditer
2329 1938 2729 1994 subscribentcs
2750 1938 2973 2004 litteris,
2998 1931 3201 2004 suaque
3233 1949 3388 1986 manu
3421 1946 3549 1984 con—

1961 2029 2276 2096 sentientes,
2312 2037 2365 2083 et
2407 2029 2653 2083 similiter
2676 2044 2755 2093 se,
2787 2023 2924 2083 sicut
2953 2019 3128 2080 omnis
3156 2016 3393 2094 synodus
3415 2062 3427 2084 ,
3461 2035 3548 2073 sa-

1959 2140 2089 2195 pere
2118 2115 2456 2192 prolitentes.
2504 2121 2746 2190 Cumque
2776 2118 3087 2191 przesulilius
3113 2157 3126 2178 ,
3158 2125 3217 2171 ut
3249 2116 3320 2168 ita
3351 2113 3543 2175 dicam,

1960 2216 2101 2271 mala
2135 2214 2437 2269 calliditatis
2486 2221 2602 2268 arte
2653 2201 3055 2282 przevaluisseiit
3079 2252 3092 2276 ,
3126 2207 3214 2278 qui
3257 2203 3424 2273 magis
3455 2203 3550 2257 de-

1959 2297 2188 2362 buerant
2216 2321 2377 2373 agere
2425 2306 2821 2376 ptenitentiam,
2854 2314 2983 2358 tunc
3032 2301 3245 2371 quidem
3300 2299 3550 2358 latenter,

1960 2406 2149 2467 postea
2176 2412 2304 2450 vero
2335 2397 2481 2450 clare
2525 2394 2806 2450 damnatas
2838 2399 3117 2464 Coeperunt
3148 2389 3385 2459 allegare
3433 2405 3551 2442 seu.

1963 2489 2156 2572 tentias
2189 2507 2199 2538 :
2255 2503 2398 2556 saepe
2427 2483 2694 2556 ponentes
2744 2472 2962 2540 insidias
2994 2486 3071 2539 eis
3127 2499 3155 2538 a
3189 2472 3381 2552 quibus
3413 2476 3552 2533 vide-

1960 2567 2156 2634 b‘anlur
2177 2594 2295 2634 esse
2317 2579 2572 2646 conricti,
2594 2579 2944 2647 volentesque
2967 2567 3292 2631 zizanioriun
3319 2573 3553 2641 germina

1961 2674 2222 2728 radicare.
2255 2672 2321 2725 Et
2364 2682 2491 2726 tunc
2527 2673 2778 2726 timentes
2807 2672 3247 2737 declinanlcsque
3278 2668 3409 2719 tanti
3437 2683 3552 2716 cnn-

1963 2767 2071 2822 cilii
2099 2765 2401 2840 cognitores
2427 2807 2440 2830 ,
2480 2766 2689 2820 occulte
2720 2773 2906 2834 postea
2939 2763 3153 2832 pit‘iiliis
3185 2759 3554 2829 pnedicatorcs

1965 2835 2236 2915 debellare
2267 2858 2569 2912 tentabant.
2604 2856 2708 2912 Sed
2739 2873 2846 2909 non
2871 2849 3140 2910 creditiius
3163 2837 3409 2905 lioiiiiiies
3441 2843 3554 2902 sine

1967 2941 2077 3004 Deo
2107 2964 2264 3020 posse
2312 2948 2602 3018 prtevalere
2643 2955 2835 3002 contra
2881 2939 3087 3000 sacram
3119 2931 3555 3008 adlisabdamque

1965 3041 2136 3109 legem
2194 3030 2667 3110 evangelicamque
2721 3037 3042 3091 doctrinam.
3100 3029 3232 3088 Naui
3279 3031 3405 3086 licet
3463 3021 3556 3082 ad-

1965 3129 2184 3186 modum
2246 3129 2603 3194 roborentur,
2666 3143 2850 3183 rursus
2918 3123 3125 3181 fortiter
3179 3113 3234 3178 et
3281 3119 3557 3190 inagnilicc

1965 3211 2334 3296 devincuntur,
2379 3219 2672 3275 secundum
2727 3218 3099 3290 propheticam
3125 3213 3344 3285 gloriosi
3372 3205 3557 3267 vocem

1969 3311 2134 3368 Isaize.
2199 3311 2324 3367 llaec
2387 3312 2568 3380 itaque
2620 3321 2844 3380 magnus
2900 3295 3231 3362 Eustathius.
3303 3304 3554 3359 TEEODO-

1966 3401 2156 3471 atrus,
2190 3407 2279 3460 lib.
2318 3422 2356 3470 ι,
2387 3422 2504 3475 cap.
2537 3389 2592 3458 8.
2622 3404 2764 3460 Edit.
2798 3395 3094 3473 Christopli.
3128 3399 3178 3455 et
3208 3385 3381 3454 Vales.
3435 3412 3552 3463 cap.

1971 3497 2022 3566 7,
2059 3493 2112 3568 'p.
2148 3497 2236 3554 26.

2575 3629 2801 3687 CAPUT
2840 3629 2949 3685 VII.

2366 3749 2570 3804 Relatio
2591 3749 2870 3803 Athanasii
2893 3747 2960 3800 ad
2988 3747 3167 3820 Afros.

2040 3888 2209 3959 Hujus
2232 3871 2412 3944 autem
2435 3893 2800 3950 concertator,
2827 3892 2881 3938 et
2905 3869 3148 3937 veritatis
3169 3861 3558 3948 propugnaculi

1968 3983 2131 4037 turris
2161 3979 2508 4048 Athanasius,
2560 3991 2838 4032 successor
2885 3970 3177 4026 Alexandri
3219 3961 3558 4042 famosissiini

1969 4072 2232 4144 praesulis,
2266 4069 2481 4140 quando
2509 4067 2724 4135 scripsit
2752 4065 2817 4118 ad
2854 4063 3033 4126 Afros,
3084 4059 3245 4113 etiam
3277 4055 3388 4108 hcce
3416 4052 3559 4120 adje-

1970 4143 2045 4216 cit
2089 4181 2100 4214 :
2149 4160 2545 4215 Convenientcs
2595 4157 2737 4211 enim
2781 4151 3018 4222 episcopi
3050 4148 3369 4204 studuerunt
3401 4143 3559 4197 verba

1971 4251 2184 4322 quidem
2215 4247 2508 4319 impietatis
2538 4247 2606 4300 ab
2637 4243 2850 4298 Ariauis
2883 4243 3100 4294 inventa
3145 4237 3426 4306 perimere.
3460 4233 3560 4322 hoc

1971 4352 2074 4410 est,
2106 4357 2173 4398 ex
2199 4358 2311 4422 non
2356 4338 2729 4402 existentibus,
2766 4344 2821 4390 et
2869 4331 3014 4404 quod
3046 4329 3314 4390 dicebant,
3345 4309 3557 4381 eiu-aiu-

1971 4427 2086 4492 ram
2114 4445 2166 4516 et
2196 4418 2460 4489 iacturam
2498 4433 2744 4505 Filiutnp
2775 4438 2848 4492 et,
2883 4427 2979 4480 fuit
3031 4422 3316 4493 aliquando
3347 4418 3561 4490 quando

1972 4543 2081 4582 non
2114 4513 2240 4593 fuit;
2265 4535 2339 4604 et,
2372 4525 2497 4593 quia
2527 4519 2894 4577 mutabilisest
2921 4526 3144 4571 naturze.
3165 4513 3562 4584 Scripturarum

1973 4634 2104 4698 vero
2130 4600 2442 4671 manifestas
2483 4627 2716 4684 posuere
2745 4610 3010 4665 dictiones
3043 4627 3054 4660 :
3089 4607 3210 4676 quia
3245 4604 3452 4692 ex'Deo
3478 4600 3562 4654 Fi-

1977 4687 2079 4765 lius
2103 4708 2418 4762 naturaliter
2446 4704 2754 4784 unigenitus
2793 4711 2895 4765 est,
2933 4700 3188 4765 Verbum,
3220 4681 3401 4751 Virtus
3424 4736 3436 4759 ,
3467 4693 3563 4745 Sa-

1978 4803 2176 4875 pientia
2201 4799 2314 4854 sola
2347 4797 2541 4884 Patris,
2565 4795 2911 4874 Deus'verus,
2946 4791 3083 4845 sicut
3112 4787 3347 4842 Joannes
3379 4783 3480 4847 ait;
3511 4789 3564 4836 et

1979 4898 2117 4972 sicut
2164 4893 2375 4964 scripsit
2404 4879 2620 4972 Paulus,
2653 4888 2981 4960 splendorem
3016 4884 3226 4956 gloriw,
3260 4890 3309 4934 et
3343 4879 3563 4948 ﬁguram

1978 4968 2280 5046 substantia:
2306 4969 2492 5058 (Hebr.
2524 5001 2561 5050 ι,
2599 4983 2711 5050 15),
2742 4981 2945 5036 docens
2977 4992 3098 5033 esse
3128 4974 3320 5029 Filium
3367 4968 3561 5022 Patris.

1979 5084 2079 5151 Qui
2108 5098 2240 5137 vero
2271 5081 2415 5136 circa
2459 5061 2748 5132 Eusebium
2798 5081 2951 5129 erant
2975 5112 2988 5137 ,
3044 5067 3260 5150 proiiria
3294 5059 3448 5117 tracti
3474 5076 3565 5114 ve—

1979 5147 2132 5232 sania
2163 5174 2520 5246 loquebantur
2543 5153 2837 5228 alterutris,
2854 5175 2908 5221 et
2932 5147 3176 5218 dicebant
3211 5175 3222 5210 :
3249 5147 3565 5238 Consentia-

1979 5281 2118 5332 mus,
2148 5247 2270 5319 naui
2301 5273 2354 5318 et
2383 5278 2481 5318 nos
2504 5277 2567 5316 ex
2602 5260 2712 5314 Deo
2742 5272 2944 5313 smnus.
2973 5251 3121 5308 Unus
3149 5249 3292 5304 enim
3322 5247 3481 5310 Deus,
3501 5260 3566 5299 ex

1981 5373 2089 5428 quo
2119 5355 2297 5411 omnia
2334 5373 2345 5406 :
2376 5362 2450 5418 et,
2493 5335 2679 5405 i’etera
2709 5347 3026 5402 transierunt
3056 5358 3073 5395 :
3104 5356 3217 5394 ecce
3243 5337 3417 5391 omnia
3440 5352 3566 5389 nova

1983 5466 2048 5503 ex
2071 5448 2182 5502 Deo
2213 5456 2334 5501 sunt
2378 5448 2516 5516 facta
2543 5441 2631 5516 (II
2657 5439 2776 5496 Cor.
2811 5455 2866 5506 ν,
2901 5433 3010 5504 l7).
3042 5431 3362 5511 Cogitabant
3390 5437 3569 5513 autem

1985 5550 2040 5597 et
2069 5540 2199 5596 illud
2229 5511 2387 5610 quod
2421 5539 2474 5592 in
2517 5511 2740 5589 ‘P‘astore
2767 5528 3130 5597 conscriptum
3177 5533 3260 5579 est
3290 5541 3302 5576 :
3334 5511 3570 5606 Primum

1984 5635 2222 5689 omnium
2252 5631 2434 5696 crede,
2461 5628 2584 5700 quia
2616 5621 2753 5678 unus
2781 5630 2864 5677 est
2896 5619 3059 5684 Deus,
3091 5615 3182 5686 qui
3222 5613 3425 5670 creavit
3455 5611 3570 5664 uni-

1982 5743 2137 5782 versa
2176 5737 2335 5796 atque
2367 5720 2612 5795 perfecit,
2647 5725 2701 5771 et
2734 5712 3013 5770 constituit
3041 5725 3107 5765 ex
3153 5725 3258 5762 non
3304 5713 3570 5782 exstante,

1984 5828 2041 5872 ut
2066 5819 2193 5872 sint.
2220 5817 2386 5870 Porro
2418 5812 2505 5866 alii
2534 5807 2775 5878 episcopi
2801 5801 3315 5859 malitiamvidentes
3336 5797 3570 5880 illorum,

1985 5919 2039 5968 et
2063 5910 2352 5982 pessimam
2380 5865 2673 5975 impietatis
2719 5865 2910 5968 artem,
2939 5894 3178 5968 apertius
3203 5899 3282 5958 et,
3300 5897 3362 5947 ut
3387 5865 3462 5945 ita
3487 5871 3563 5944 di-
