3998 6344
460 291 564 352 ΒἸ

465 504 687 571 pserunt
714 510 783 551 ex
810 492 1107 548 substantia
1121 488 1297 544 Patris
1315 503 1436 544 esse
1455 487 1681 553 Filium;
1711 494 1771 540 ut
1794 493 2055 541 creatura:

465 588 706 661 quidem,
738 599 806 641 eo
828 582 973 654 quod
1001 598 1108 636 non
1135 581 1374 635 habeant
1421 595 1452 634 a
1504 577 1808 647 semetipsis
1838 584 1897 630 ut
1924 576 2051 639 sint,

465 681 560 738 sed
586 679 817 733 habeant
866 674 1186 746 principium
1234 671 1520 736 cxistendi,
1568 669 1815 723 dicantur
1839 683 1869 720 a
1899 667 2053 731 Deo;

466 773 635 829 Filius
664 779 843 825 autem
872 768 1020 825 solus
1060 765 1309 836 proprius
1356 779 1423 817 ex
1453 761 1753 816 substantia
1804 758 2057 815 credatur

467 866 660 921 Patris.
717 861 836 917 Hoc
883 861 1023 915 enim
1077 857 1346 926 Unigeniti
1394 856 1672 926 proprium
1723 861 1805 907 est
1859 860 1914 907 et
1941 850 2055 905 veri

466 956 631 1012 Verbi
659 953 853 1008 Patris.
872 952 998 1007 Haec
1024 952 1205 1019 itaque
1230 951 1325 1003 fuit
1351 948 1565 1003 occasio
1590 954 1649 999 ut
1668 962 1735 1000 ex
1760 943 2058 1001 substantia

469 1043 743 1099 diceretur
770 1040 964 1094 Patris.
992 1038 1196 1092 Rursus
1217 1046 1394 1092 autem
1422 1035 1818 1104 requirentibus
1846 1033 2058 1102 episco-

469 1136 553 1206 pis
576 1148 779 1204 paucos
806 1147 993 1186 eorum
1022 1132 1113 1200 qui
1143 1130 1327 1185 Ariani
1361 1144 1480 1185 esse
1507 1129 1851 1198 putabantur,
1900 1127 1945 1181 si
1972 1126 2055 1180 di-

473 1232 661 1281 cerent
688 1224 879 1279 Filium
920 1238 1028 1276 non
1060 1238 1181 1276 esse
1221 1231 1521 1276 creaturam
1546 1259 1561 1284 ,
1595 1220 1690 1276 sed
1718 1219 1967 1272 virtutem
2004 1224 2061 1271 et

473 1320 792 1391 sapientiam
832 1318 1002 1372 solam
1033 1316 1227 1380 Patris,
1262 1324 1314 1370 et
1343 1316 1628 1385 imaginem
1652 1313 2056 1383 sempiternam,

446 1421 532 1470 -et
563 1411 931 1467 indissimilem
956 1425 1052 1478 per
1076 1409 1254 1464 omnia
1284 1408 1459 1473 Patri,
1511 1424 1574 1463 ac
1601 1407 1767 1461 Deum
1796 1422 1984 1461 verum
2040 1423 2055 1458 :

474 1504 618 1574 capti
647 1510 769 1559 sunt
796 1503 884 1571 qui
918 1502 1060 1557 circa
1103 1500 1395 1556 Eusebium
1426 1502 1710 1555 innuentes
1759 1499 2055 1565 alterutris,

474 1595 599 1664 quia
629 1605 685 1650 et
714 1595 827 1648 haac
853 1594 1075 1647 veniunt
1122 1594 1281 1647 etiam
1313 1593 1379 1647 ad
1409 1608 1537 1657 nos;
1570 1608 1694 1646 nam
1738 1597 1793 1646 et
1824 1606 1942 1657 nos,
1976 1590 2058 1644 in-

473 1685 682 1755 quiunt,
720 1685 895 1753 imago
922 1693 977 1739 et
1002 1684 1173 1753 gloria
1201 1684 1429 1739 dicimur
1452 1685 1566 1740 Dei.
1610 1684 1686 1738 De
1721 1684 1874 1737 nobis
1913 1682 2058 1737 enim

1684 275 1756 332 II.
1797 271 2076 330 AURELII
2112 271 2511 332 CASSIODORI

464 414 640 474 catur,
670 401 1001 460 manifestius
1033 398 1288 454 dixerunt
1312 409 1382 453 ex
1417 395 1553 464 Deo,
1584 396 1640 452 id
1665 404 1772 466 est,
1812 394 2055 450 conscri-
2082 394 2136 451 Α

2750 386 2978 446 CAPUT
3015 387 3153 445 VIII.

2389 480 2470 536 De
2498 480 2697 537 Sabino
2726 480 3226 536 Macedonianorum
3252 484 3511 556 episcopo.

2231 573 2431 630 Sabino
2473 575 2654 645 itaque
2680 590 2788 629 non
2834 573 3134 642 credamus,
3161 576 3251 645 qui
3279 591 3375 632 eos
3421 577 3619 634 idiotas
3644 595 3754 637 vo-

2160 668 2305 723 cavit
2349 650 2404 722 et
2452 667 2748 736 imperitos.
2801 664 3031 721 Sabinus
3070 667 3214 721 enim
3260 665 3535 723 Herach
3579 668 3760 726 Thra-

2159 758 2334 813 censis
2381 756 2888 811 Macedonianormn
2932 757 3251 826 episcopus,
3320 758 3503 813 habita
3551 776 3761 830 conge-

2160 851 2338 906 stione
2367 866 2555 905 eorum
2582 865 2701 919 qua:
2742 865 2836 919 per
2864 849 3074 903 diversa
3114 851 3342 905 concilia
3373 854 3537 923 228
3569 870 3759 910 sacer-

2161 946 2348 1000 dotum
2370 960 2438 998 ex
2467 940 2669 1013 scripto
2694 943 2901 1012 prolata
2926 951 3070 1005 sunt,
3113 944 3192 997 eis
3233 945 3325 1012 qui
3356 944 3591 1000 Nicmam
3618 963 3756 1001 con-

2159 1044 2444 1101 venerunt,
2470 1036 2617 1089 velut
2643 1035 2823 1089 idiotis
2844 1042 2900 1088 et
2927 1034 3262 1103 simplicibus
3283 1035 3573 1105 derogavit
3600 1055 3616 1090 :
3646 1053 3757 1093 non

2161 1131 2397 1185 sentiens
2426 1129 2678 1197 quoniam
2720 1138 2776 1181 et
2816 1128 2916 1197 ipsi
2946 1125 3176 1181 Eusebio
3204 1143 3326 1182 cum
3350 1128 3521 1183 multa
3549 1131 3757 1199 proba-

2163 1224 2308 1278 tione
2337 1222 2616 1277 conlitenti
2666 1221 2856 1287 ﬁdem,
2885 1220 3031 1274 velut
3072 1220 3271 1285 idiotaa,
3320 1222 3567 1277 noscitur
3597 1223 3759 1279 dero-

2162 1332 2307 1386 gare.
2342 1315 2410 1369 Et
2435 1316 2611 1385 aliqua
2636 1315 2852 1384 quidem
2883 1314 3070 1369 volens
3098 1315 3375 1383 praeteriit,
3417 1317 3603 1385 aliqua
3626 1334 3757 1374 vero

2163 1409 2455 1476 mitigavit;
2490 1416 2685 1461 cuncta
2707 1414 2888 1461 tamen
2911 1406 3207 1461 secundum
3229 1410 3503 1478 propriam
3524 1413 3760 1481 sumpsit

2163 1499 2536 1554 intentionem.
2573 1497 2637 1551 Et
2667 1498 2846 1551 laudat
2874 1498 3092 1566 quidem
3122 1506 3372 1567 tanquam
3406 1499 3512 1555 ﬁde
3536 1502 3757 1570 dignum

2163 1600 2354 1647 testem
2383 1590 2669 1645 Eusebium
2720 1590 3016 1659 Pamphili;
3066 1590 3250 1644 laudat
3276 1592 3433 1645 simul
3465 1602 3524 1647 et
3553 1594 3757 1662 princi-

2163 1699 2309 1754 pem,
2336 1690 2591 1749 tanquam
2621 1696 2684 1734 ea
2712 1695 2831 1748 qua:
2867 1689 2992 1735 sunt
3033 1679 3461 1736 Christianorum
3491 1683 3759 1752 dogmati-

470 1784 527 1831 et
557 1776 772 1841 dicitur,
804 1787 860 1831 et
888 1777 1093 1832 dictum
1122 1786 1202 1833 est
1235 1796 1247 1831 :
1282 1776 1510 1847 Semper
1536 1777 1679 1831 enim
1730 1792 1825 1831 nos
1853 1777 1943 1846 qui
1975 1776 2056 1830 vi-
2088 1771 2133 1830 B
2160 1781 2391 1828 zantem.
2437 1770 2632 1840 Culpat
2679 1778 2860 1824 autem
2898 1771 3201 1840 expositam
3250 1772 3303 1825 in
3344 1772 3523 1826 Nicaea
3576 1774 3756 1840 ﬁdem,

470 1868 668 1933 vimus,
700 1877 755 1921 et
776 1869 1004 1923 virtutes
1033 1869 1212 1924 multae
1233 1879 1383 1935 sunt;
1412 1878 1467 1923 et
1488 1884 1701 1938 egressa
1731 1868 1945 1939 quidem
1974 1874 2059 1922 est

471 1965 645 2020 omnis
676 1964 846 2020 virtus
893 1964 987 2020 Dei
1017 1980 1085 2019 ex
1134 1972 1275 2019 terra
1326 1963 1545 2035 Egypti
1581 1983 1592 2016 :
1623 1978 1810 2033 campa
1843 1976 2058 2033 quoque

468 2064 524 2109 et
553 2055 757 2110 locusta
783 2055 976 2111 dicitur
1002 2056 1174 2111 virtus
1200 2070 1425 2121 magna;
1459 2063 1513 2109 et
1541 2071 1725 2109 rursus
1759 2071 1772 2107 :
1806 2052 2058 2108 Dominus

467 2147 712 2201 virtutum
742 2147 1046 2217 nobiscnm(
1064 2147 1214 2202 Psal.
1238 2164 1360 2214 va,
1389 2146 1421 2200 8
1446 2148 1484 2215 ).
1512 2146 1617 2201 Sed
1648 2147 1810 2200 etiam
1840 2146 2059 2216 proprie

466 2250 568 2290 nos
593 2237 685 2290 Dei
717 2237 1205 2292 sumus.Habemus
1229 2238 1334 2292 hoc
1358 2254 1465 2292 non
1494 2237 2056 2307 simpliciter,quando

467 2334 522 2380 et
549 2325 742 2381 fratres
770 2328 984 2382 vocavit
1024 2342 1142 2381 nos.
1187 2327 1242 2381 Si
1272 2335 1451 2381 autem
1483 2335 1538 2381 et
1566 2342 1749 2380 verum
1777 2328 1947 2381 Deum
1976 2327 2057 2381 di-

465 2428 591 2474 cunt
621 2417 810 2472 Filium
831 2459 848 2487 ,
878 2434 985 2473 non
1015 2434 1114 2474 nos
1143 2419 1446 2475 contristat.
1490 2418 1685 2474 Factus
1719 2418 1861 2472 enim
1890 2434 2055 2474 verus

465 2518 576 2583 est.
606 2509 732 2563 Hmc
773 2518 856 2566 est
886 2509 1206 2565 Arianorum
1255 2518 1507 2580 corrupta
1551 2524 1722 2565 mens.
1757 2508 1863 2563 Sed
1893 2509 2055 2564 etiam

465 2598 565 2668 ipsi
593 2599 832 2668 episcopi
860 2600 1104 2656 videntes
1148 2616 1336 2656 eorum
1366 2601 1569 2666 dolum,
1613 2600 1948 2670 collegerunt
1987 2616 2055 2657 ex

463 2688 752 2759 Scripturis
774 2691 1132 2761 splendorem,
1168 2692 1392 2759 fontem,
1414 2700 1468 2746 et
1494 2692 1731 2757 ﬂuvium,
1757 2702 1810 2746 et
1831 2691 2054 2760 ﬁguram

465 2780 533 2836 ad
558 2782 911 2837 substantiam
941 2784 1230 2853 pertinere.
1264 2782 1332 2837 Et
1353 2782 1484 2838 illud
1517 2800 1529 2836 :
1558 2782 1623 2837 In
1644 2783 1836 2837 lumine
1862 2792 1946 2838 tuo
1973 2783 2053 2837 vi-

464 2872 692 2928 debimus
735 2874 905 2929 lumen
936 2876 955 2947 (
973 2876 1120 2930 Psal.
1156 2892 1318 2941 xxxv,
1352 2874 1499 2945 I0);
1548 2882 1603 2929 et
1630 2893 1642 2928 :
1675 2874 1786 2946 Ego
1812 2884 1861 2928 et
1894 2875 2053 2929 Pater

464 2983 625 3021 unum
646 2984 820 3023 sumus
844 2968 1022 3038 (Joan.
1049 2986 1105 3037 ι,
1137 2969 1248 3039 50).
1272 2968 1338 3023 Et
1360 2969 1558 3024 clarius
1585 2969 1695 3038 jam
1725 2983 1788 3023 ac
1816 2968 2053 3023 breviter

463 3061 899 3130 conscripserunt
918 3063 1435 3117 consubstantialem
1458 3062 1603 3116 Patri
1623 3061 1835 3116 Filium.
1859 3060 2049 3115 Omnia

461 3163 692 3219 namque
719 3151 969 3220 praedicta
999 3152 1137 3209 hanc
1164 3153 1609 3222 signiﬁcationem
1646 3153 1866 3208 habent.
1900 3152 2045 3208 Mur-
2075 3151 2125 3217 ο

461 3244 694 3298 muratio
723 3243 985 3313 siquidem
1017 3260 1229 3315 eorum,
1260 3246 1408 3317 quasi
1441 3246 1605 3301 verba
1649 3246 1764 3301 hare
1789 3260 1898 3300 non
1929 3244 2051 3300 fuis-

461 3340 582 3386 sent
628 3348 697 3387 ex
734 3333 1133 3404 Scripturarum
1181 3339 1506 3394 auctoritate
1553 3336 1796 3407 prolata,
1828 3352 1926 3408 per
1956 3352 2052 3395 eos

463 3433 679 3489 quoque
731 3422 904 3477 inanis
959 3439 1078 3491 esse
1128 3428 1485 3483 convincitur.
1543 3427 1624 3483 Ex
1685 3444 1793 3483 non
1848 3429 2050 3499 scripto

462 3530 696 3584 namque
725 3517 823 3585 ipsi
845 3519 1006 3588 impie
1019 3518 1588 3591 proferentes,quippe
1612 3523 1757 3593 quod
1785 3538 2050 3593 nusquam

462 3607 676 3677 penitus
699 3608 988 3678 invenitur,
1032 3627 1099 3666 ex
1147 3629 1253 3667 non
1302 3615 1672 3681 exstantibus;
1704 3623 1781 3681 et,
1823 3615 1923 3670 fuit
1951 3616 2050 3670 ali-

462 3697 680 3766 quando
727 3700 943 3768 quando
974 3717 1080 3756 non
1132 3701 1253 3771 fuit,
1285 3704 1421 3761 alios
1452 3706 1673 3776 culpant
1716 3725 1728 3760 :
1761 3717 2049 3777 propterea

463 3802 533 3842 ex
580 3803 689 3843 non
732 3790 946 3861 scriptis
976 3794 1349 3861 sermonibus,
1398 3796 1486 3866 pie
1530 3804 1713 3852 tamen
1760 3799 2050 3855 intellectis

461 3878 700 3935 damnati
728 3891 872 3937 sunt.
905 3882 1011 3951 Ipsi
1053 3900 1286 3955 namque
1316 3886 1483 3941 veluti
1524 3888 1591 3943 de
1612 3896 1851 3943 stercore
1892 3905 2050 3959 repe-

343 4030 361 4039 ,
461 3970 663 4026 rientes
693 3972 833 4043 [ed.,
869 3972 991 4029 Niv.
1031 3985 1080 4030 et
1106 3975 1294 4043 Frob.,
1323 3979 1634 4052 repentes],
1686 3982 1802 4037 hzec
1825 3996 1953 4037 vere
1981 3982 2049 4038 de

462 4068 609 4117 terra
639 4064 803 4119 locuti
834 4074 976 4121 sunt.
1005 4067 1202 4124 Verum
1226 4070 1466 4141 episcopi
1518 4087 1623 4127 non
1651 4073 1867 4129 sibimet
1893 4075 2047 4129 adin-

460 4155 739 4211 venientes
758 4159 942 4224 verba,
991 4160 1087 4216 sed
1116 4161 1378 4218 habentes
1408 4163 1521 4219 haec
1543 4180 1573 4219 a
1595 4165 1859 4230 Patribus,
1893 4167 2047 4223 testi-

461 4248 640 4303 monia
670 4251 1126 4319 conscripserunt.
1149 4252 1373 4309 Veteres
1413 4256 1556 4310 enim
1584 4258 1895 4313 sacerdotes
1922 4267 2049 4315 ante

462 4352 556 4392 cos
596 4354 734 4408 pene
762 4350 979 4397 centum
1008 4344 1224 4412 triginta
1255 4360 1464 4415 magna:
1494 4346 1679 4403 Romae
1707 4348 2049 4421 civitatisque

463 4435 660 4482 nostra:
687 4442 1074 4489 accusaverunt
1103 4451 1291 4493 omnes
1316 4439 1407 4507 qui
1438 4439 1621 4495 dicunt
1648 4439 1909 4497 facturam
1951 4450 2047 4498 aut

2160 1876 2417 1937 tanquam
2463 1866 2531 1919 ab
2560 1864 2740 1918 idiotis
2787 1872 2841 1918 et
2870 1864 3002 1918 nihil
3042 1865 3334 1920 scientibus
3379 1865 3676 1931 traditam;
3705 1875 3758 1923 et

2158 1974 2318 2031 quem
2346 1958 2495 2012 velut
2523 1957 2823 2026 sapientem
2866 1964 2921 2010 et
2967 1957 3081 2011 sine
3123 1957 3401 2012 mendacio
3432 1966 3637 2011 testem
3662 1975 3757 2013 vo-

2160 2065 2286 2105 care
2331 2049 2644 2116 consuevit,
2694 2048 2810 2117 ejus
2837 2062 2999 2103 voces
3047 2057 3240 2117 sponte
3288 2051 3622 2104 contemnit.
3674 2051 3757 2105 Ait

2158 2142 2302 2198 enim
2335 2140 2599 2195 Eusebius
2636 2158 2647 2192 :
2682 2139 2818 2205 Quia
2868 2155 2936 2195 ex
2965 2139 3095 2194 viris
3142 2139 3236 2195 Dei
3275 2140 3513 2196 Nicaeam
3563 2159 3757 2199 conve-

2158 2232 2451 2297 nientibus,
2482 2231 2573 2285 alii
2600 2232 2819 2300 quidem
2846 2231 3124 2302 sapientia:
3146 2246 3399 2288 sermone
3426 2234 3753 2303 micuerunt,

2157 2325 2249 2378 alii
2275 2323 2614 2379 continentia
2636 2324 2759 2376 vitae
2783 2323 2985 2377 laudati
3015 2334 3173 2391 sunt;
3216 2335 3272 2378 et
3298 2327 3559 2394 quoniam
3592 2330 3759 2398 impe-

2156 2423 2308 2469 rator
2331 2429 2566 2484 prtesens
2596 2428 2785 2468 omnes
2812 2414 2877 2467 ad
2910 2415 3167 2469 unitatem
3195 2432 3347 2471 suam
3372 2421 3682 2476 concordes
3709 2431 3760 2477 et

2156 2514 2557 2562 consectatores
2585 2521 2706 2561 esse
2732 2507 3044 2576 perstruxit.
3070 2507 3162 2563 Sic
3201 2522 3331 2577 ergo
3360 2513 3629 2565 contraria
3674 2514 3762 2566 di-

2155 2606 2242 2654 cta
2271 2597 2477 2658 Sahini,
2510 2612 2609 2653 nec
2633 2614 2742 2653 non
2773 2597 3007 2666 Eusebii,
3033 2609 3194 2671 atque
3222 2613 3530 2656 consortum
3559 2620 3759 2660 comm

2156 2690 2370 2745 sibimet
2390 2689 2855 2759 agnoscuntur.Et
2875 2692 2918 2747 si
2941 2691 3157 2761 quidem
3182 2694 3379 2749 alicubi
3403 2711 3543 2764 opus
3570 2693 3754 2763 luerit,

2155 2783 2224 2839 de
2279 2784 2481 2840 Sabino
2530 2786 2975 2841 memorabimus.
3029 2784 3332 2844 Concordia
3391 2804 3528 2859 ergo
3577 2789 3755 2848 ﬁdeia

2155 2888 2350 2943 magno
2380 2876 2434 2930 in
2474 2875 2650 2931 Nicaea
2699 2877 2912 2946 prolata
2955 2879 3207 2947 concilio,
3229 2880 3297 2935 ab
3338 2879 3589 2937 Eusebio
3616 2883 3754 2939 clara

2154 2980 2289 3020 voce
2317 2966 2553 3034 laudata,
2596 2967 2711 3023 hzec
2739 2976 2841 3023 est.
2865 2969 3165 3039 Socnnes,
3189 2971 3280 3026 lib.
3303 2988 3340 3039 I,
3370 2989 3496 3028 can.
3523 2971 3578 3029 5.
3612 2971 3750 3029 Edit.

2155 3054 2346 3112 Christ.
2384 3056 2559 3113 Vales.
2593 3075 2710 3131 cap.
2742 3059 2796 3126 8,
2826 3078 2879 3131 p.
2911 3059 3001 3115 22.

2784 3192 3014 3248 CAPUT
3051 3195 3141 3252 IX.

2600 3304 2679 3360 De
2706 3306 2812 3376 ﬁde
2837 3305 3045 3364 Nicwni
3066 3311 3289 3366 concilii.

2220 3413 2499 3471 Credimus
2530 3416 2583 3471 in
2612 3433 2777 3472 unum
2818 3418 3005 3487 Deum,
3038 3422 3253 3479 Patrem
3289 3425 3752 3497 omnipotentem,

2150 3508 2392 3563 omnium
2414 3508 2702 3564 visibilium
2748 3511 3202 3584 invisibiliumque
3242 3513 3534 3573 factorem.
3590 3518 3658 3573 Et
3695 3521 3748 3575 in

2150 3617 2313 3656 unum
2345 3602 2630 3657 Dominum
2655 3601 2837 3659 Iesum
2863 3604 3157 3674 Christum,
3192 3607 3385 3664 Filium
3419 3610 3538 3674 Dei,
3565 3621 3747 3667 natum

2150 3710 2217 3750 ex
2242 3694 2422 3759 Patre,
2457 3697 2811 3765 unigenitum,
2837 3698 2944 3754 hoc
2966 3708 3068 3767 est,
3099 3716 3166 3756 ex
3195 3704 3498 3759 substantia
3532 3705 3746 3774 Patris;

2148 3784 2319 3840 Deum
2340 3801 2405 3840 ex
2438 3787 2566 3855 Deo,
2596 3789 2774 3844 lumen
2797 3804 2864 3844 ex
2892 3788 3113 3859 lumine,
3135 3791 3304 3846 Deum
3323 3809 3514 3849 verum
3537 3811 3609 3850 ex
3637 3796 3749 3852 Deo

2147 3894 2300 3946 vero,
2327 3888 2513 3934 natum
2540 3897 2647 3937 non
2672 3882 2892 3947 factum,
2923 3877 3438 3939 consubstantialem
3463 3885 3634 3952 Patri,
3654 3904 3752 3958 per

2148 3988 2308 4043 quem
2351 3975 2531 4029 omnia
2560 3973 2705 4030 facta
2735 3984 2880 4044 sunt,
2923 3984 2979 4031 et
3029 3991 3148 4045 qua:
3177 3978 3230 4031 in
3258 3978 3419 4046 cmlo,
3462 3988 3519 4035 et
3544 3996 3665 4051 quae
3692 3981 3749 4037 in

2148 4073 2312 4120 terra.
2343 4066 2443 4133 Qui
2483 4076 2705 4138 propter
2731 4084 2831 4124 nos
2860 4070 3127 4138 homines,
3168 4078 3223 4125 et
3253 4080 3476 4141 propter
3504 4083 3751 4130 nostram

2149 4148 2377 4212 salutem
2425 4157 2735 4225 descendit,
2784 4167 2840 4215 et
2887 4161 3195 4218 incarnatus
3249 4175 3303 4218 et
3363 4163 3533 4219 homo
3573 4164 3751 4222 factus

2150 4254 2254 4314 est,
2303 4263 2516 4318 passus,
2543 4257 2599 4304 et
2626 4253 2922 4306 resurrexit
2965 4253 3127 4308 tertia
3182 4254 3287 4321 die,
3319 4263 3374 4310 et
3412 4258 3668 4313 ascendit
3695 4259 3750 4314 in

2149 4339 2336 4405 caelos,
2365 4348 2421 4394 et
2446 4349 2705 4397 venturus
2725 4352 2809 4397 est
2844 4341 3090 4412 judicare
3114 4345 3270 4405 vivos
3299 4355 3353 4400 et
3386 4357 3657 4403 mortuos.
3684 4348 3751 4405 Et

2149 4435 2203 4491 in
2230 4435 2485 4507 Spiritum
2515 4446 2782 4493 sanctum.
2810 4437 3060 4495 Dicentes
3089 4448 3268 4495 autem
3318 4457 3333 4493 :
3368 4439 3503 4495 Erat
3525 4444 3750 4513 quando

463 4527 763 4575 creaturam
790 4538 908 4578 esse
936 4524 1147 4592 Filium,
1179 4535 1233 4582 et
1264 4544 1369 4584 non
1398 4531 1910 4587 consubstantialem
1937 4530 2042 4588 Pa-
2075 4528 2130 4598 Ι)
2151 4544 2259 4584 non
2287 4536 2433 4597 erat;
2465 4537 2576 4596 aut,
2622 4546 2731 4585 non
2761 4538 2883 4586 erat
2929 4540 3222 4602 antequam
3251 4532 3439 4598 ﬁeret;
3475 4543 3592 4601 aut,
3622 4537 3751 4605 quia

463 4608 548 4662 tri.
584 4608 651 4663 Et
694 4610 795 4668 hoc
823 4614 1028 4669 sciebat
1056 4616 1320 4675 Eusebius
1365 4620 1711 4679 Caesariensis
1741 4625 2044 4695 episcopus,

461 4700 549 4771 qui
579 4702 807 4771 primum
825 4705 1147 4763 defendebat
1168 4710 1488 4768 Arianorum
1515 4717 2046 4785 sectam,novissime

464 4807 591 4847 vero
620 4795 936 4865 subscripsit
980 4797 1196 4856 Niczeno
1237 4803 1487 4859 concilio.
1523 4804 1752 4876 Scripsit
1781 4815 1962 4862 autem
1990 4813 2048 4864 et

460 4884 665 4940 civibus
686 4888 819 4953 suis,
848 4888 1192 4958 conﬁrmans,
1223 4894 1347 4963 quia
1380 4903 1436 4949 et
1458 4896 1803 4967 antiquorum
1834 4899 2044 4969 aliquos

461 4977 649 5034 doctos
679 4991 733 5034 et
762 4981 999 5037 illustres
1038 4984 1324 5055 episcopos
1352 4996 1409 5042 et
1438 4989 1835 5059 conscriptores
1873 5006 2041 5061 agno-

459 5070 624 5125 visset
668 5074 887 5129 nomine
917 5077 1495 5135 consubstantialitatis
1528 5097 1655 5137 usos
1684 5083 1735 5137 in
1779 5082 1953 5139 Patris
1991 5092 2049 5141 et

458 5156 578 5213 Filii
608 5159 827 5217 deitate.
858 5162 949 5218 Isti
971 5178 1099 5235 ergo
1126 5167 1416 5223 concilium
1446 5175 2045 5245 metuentes,exposit:e

460 5245 585 5304 ﬁdei
615 5262 1048 5322 consenserunt,
1080 5255 1377 5312 secundum
1408 5262 1689 5331 pr0phetm
1717 5264 2045 5334 increpatio-

460 5354 606 5404 nem,
638 5341 865 5399 dicentis
916 5364 929 5398 :
974 5344 1206 5416 Populus
1249 5348 1329 5402 hic
1369 5350 1520 5406 labiis
1547 5370 1628 5408 me
1675 5356 1916 5423 honorat,
1958 5374 2047 5413 cor

461 5440 631 5488 autem
653 5451 825 5489 eorum
851 5437 1001 5509 longe
1030 5449 1105 5493 est
1134 5456 1166 5492 a
1196 5457 1275 5494 me
1298 5440 1454 5511 (Isai.
1486 5460 1632 5511 xxix,
1661 5447 1771 5517 15).
1799 5449 2047 5507 Theonas

462 5531 639 5578 autem
663 5534 715 5577 et
738 5525 1019 5583 Secundus
1044 5533 1289 5587 nolentes
1308 5534 1676 5604 acquiescere,
1703 5540 2048 5597 condemnati

461 5624 603 5669 sunt.
650 5615 844 5673 Postea
893 5636 1024 5676 vero
1075 5622 1126 5678 in
1188 5626 1474 5681 concilium
1510 5630 1823 5696 venientes,
1856 5634 2047 5702 viginti

460 5709 901 5777 conscripsorunt
938 5711 1003 5765 de
1050 5718 1460 5770 conversatione
1508 5719 1870 5778 ecclesiastica
1918 5739 2046 5780 san-

462 5796 693 5857 ctiones.
716 5798 1142 5875 'I‘ucononsrus,
1177 5806 1267 5862 lib.
1321 5824 1358 5876 ι,
1393 5826 1509 5878 cap.
1536 5810 1599 5879 8,
1624 5830 1677 5882 p.
1703 5811 1787 5868 27.

2156 4637 2221 4678 ex
2253 4638 2359 4677 non
2406 4624 2743 4680 exstantibus
2783 4623 2957 4680 factus
3004 4634 3113 4691 est;
3146 4633 3265 4693 aut,
3300 4640 3367 4681 ex
3409 4626 3587 4683 altera
3623 4629 3751 4685 sub-

2154 4714 2350 4770 stantia
2379 4714 2465 4769 vel
2491 4716 2726 4769 essentia
2748 4715 2987 4771 dicentes
3014 4732 3168 4783 esse;
3202 4725 3315 4779 aut,
3345 4728 3619 4785 creatum,
3658 4731 3751 4776 aut

2154 4806 2561 4861 convertibilem
2610 4805 2803 4861 Filium
2841 4807 2956 4872 Dei,
2998 4807 3101 4862 hos
3137 4809 3274 4863 tales
3322 4809 3749 4866 anathematizat

2153 4897 2417 4951 catholica
2458 4904 2513 4951 et
2558 4898 2854 4967 apostolica
2901 4896 3162 4953 Ecclesia.
3205 4898 3355 4955 Hanc
3378 4902 3747 4957 venerabilem

2151 4987 2307 5041 ﬁdem
2337 4988 2567 5043 trecenti
2597 4989 2816 5057 quidem
2845 4989 3034 5044 decem
3071 5000 3125 5044 et
3154 5000 3282 5047 octo
3318 5001 3377 5046 et
3404 5003 3747 5061 agnoverunt

2148 5088 2204 5135 et
2226 5080 2457 5149 amplexi
2482 5088 2640 5146 sunt;
2672 5088 2759 5148 et,
2783 5080 2923 5135 sicut
2948 5081 3023 5135 ait
3055 5079 3335 5147 Eusebius,
3376 5095 3744 5140 consonantes

2148 5180 2205 5227 et
2229 5173 2508 5227 unanimes
2549 5171 2602 5225 in
2627 5172 2840 5241 scriptis
2862 5173 3307 5243 explanaverunt.
3334 5172 3593 5246 Quinque
3616 5191 3742 5232 vero

2148 5263 2484 5320 solummodo
2514 5279 2622 5318 non
2652 5274 3007 5334 receperunt,
3034 5266 3259 5320 verbum
3303 5270 3741 5324 consubstantia-

2149 5357 2317 5412 litatis
2344 5356 2804 5427 reprehendentes
2824 5400 2840 5427 ,
2871 5356 3133 5413 Eusebius
3163 5358 3491 5415 Nicomedia:
3525 5363 3739 5431 prasul,

2153 5448 2494 5518 Theogonius
2510 5448 2774 5517 Nicaanus,
2798 5449 2974 5506 Mares
2993 5449 3467 5518 Chalcedonensis,
3488 5453 3742 5510 Theonas

2152 5540 2589 5608 Marmaricenus,
2621 5540 2901 5597 Secundus
2933 5542 3299 5607 Ptolemaidis,
3336 5545 3583 5602 dicentes
3612 5563 3741 5603 con-

2151 5631 2505 5686 substantiale
2526 5647 2664 5696 esse,
2696 5633 2838 5700 quod
2869 5648 2934 5686 ex
2983 5634 3163 5704 aliquo
3194 5644 3296 5698 est,
3323 5644 3418 5689 aut
3457 5651 3525 5709 ex
3565 5639 3734 5710 parti-

2150 5722 2319 5786 tione,
2371 5733 2462 5777 aut
2507 5740 2572 5778 ex
2602 5724 2937 5791 decursione,
2998 5736 3089 5781 aut
3137 5744 3205 5782 ex
3252 5730 3608 5798 plantatione.
3662 5733 3740 5789 Ex

2150 5812 2483 5883 plantatione
2509 5816 2746 5886 quidem.
2771 5818 2914 5875 sicut
2940 5832 3009 5877 ex
3035 5820 3217 5877 radice
3241 5834 3502 5892 germen;
3551 5838 3621 5879 ex
3645 5825 3738 5881 de-
