4006 6448
191 373 299 436 999

1279 355 1600 418 HISTORIA
1624 351 2065 412 TRIPARTITA.
2107 351 2314 408 LIBER
2349 350 2416 407 II.

3376 344 3482 403 9'50

200 488 453 550 cursione
470 481 777 551 vero,sicut
794 478 1006 553 paterni
1030 476 1153 546 ﬁlii;
1176 492 1241 535 ex
1270 477 1564 549 partitione
1587 481 1786 540 autem,
1817 470 1872 534 Δ
1895 469 1996 542 pit,
2026 485 2136 524 uno
2164 464 2504 524 solummodo
2529 463 2784 536 inscripto
2822 471 2878 519 et
2906 462 3109 519 inserto
3133 460 3488 518 consubstan-

201 585 340 641 sicut
360 595 428 636 ex
456 593 631 634 massa
657 591 820 631 aurea
842 574 1024 629 annuli
1051 572 1179 641 duo,
1205 570 1292 628 vel
1321 579 1450 625 tres.
1478 566 1787 624 Secundum

205 681 419 738 nullum
447 687 629 733 autem
653 677 867 740 horum,
899 674 1164 744 inquiunt,
1199 680 1281 728 est
1317 670 1484 726 Filius
1509 669 1628 725 Dei.
1655 668 1790 724 Pro-

203 779 388 844 pterea
410 783 539 839 ergo
568 767 818 823 dicebant
849 766 901 822 in
925 764 1030 822 ﬁde
1043 781 1152 821 non
1179 779 1298 821 esse
1318 761 1791 820 consentiendum.

203 862 500 918 Plurimum
529 859 793 931 siquidem
814 858 982 915 verbo
1025 857 1605 915 consubstantialitatis
1633 856 1795 911 dero-

204 965 394 1026 gantes
424 951 668 1024 praedicti
690 952 790 1007 viri
815 991 832 1018 ,
863 952 918 1007 in
947 950 1060 1006 Arii
1087 950 1428 1021 depositione
1455 948 1799 1004 subscribere

205 1049 518 1105 noluerunt.
547 1044 782 1115 Ideoque
809 1045 1045 1117 synodus
1078 1045 1262 1100 Arium
1291 1051 1350 1099 et
1389 1047 1800 1098 consectatores

205 1142 322 1214 ejus
345 1139 820 1197 anathematizavit
847 1155 1035 1195 omnes
1059 1158 1071 1193 :
1104 1138 1418 1208 adjicientes
1442 1150 1618 1206 neque
1643 1147 1800 1190 acce—

207 1233 340 1290 dere
358 1249 484 1290 eum
515 1233 569 1288 in
619 1231 1023 1287 Alexandriam.
1067 1229 1513 1302 Prmceptumque
1542 1227 1802 1300 principis

207 1337 435 1399 repente
475 1326 722 1382 eumdem
749 1326 957 1394 Arium,
1001 1333 1058 1381 et
1097 1324 1188 1394 qui
1217 1325 1363 1380 circa
1389 1323 1700 1388 Eusebium,
1746 1327 1804 1378 et
1850 1384 1858 1394 ο

208 1419 607 1490 Theogonium,
638 1427 694 1474 et
739 1419 831 1488 qui
860 1434 984 1474 cum
1014 1418 1094 1474 eis
1119 1425 1306 1482 erant,
1335 1417 1529 1472 exsilio
1555 1417 1805 1485 deporta-

208 1513 303 1568 vit.
335 1511 636 1580 Socnnns,
659 1508 750 1567 lib.
775 1525 815 1580 ι,
845 1527 960 1580 cap.
989 1507 1042 1567 5.
1072 1507 1222 1565 Edit.
1249 1509 1445 1565 Christ.
1476 1507 1652 1564 Vales.
1680 1523 1801 1579 cap.

209 1602 262 1672 8,
293 1621 349 1675 p.
382 1602 475 1658 22.

847 1735 1076 1792 CAPUT
1113 1735 1183 1793 X.
1451 1772 1480 1800 ο

1892 562 2136 618 tialitatis
2161 561 2350 616 verbo.
2375 558 2532 627 Quod
2561 557 2722 613 etiam
2761 558 2876 629 ipse
2897 556 3374 628 interpretabatur,
3401 555 3489 610 di-

1892 671 2022 712 cens
2053 673 2068 711 :
2098 655 2223 726 quia
2251 670 2360 710 non
2387 653 2679 710 secundum
2708 667 3000 723 corporeus
3045 651 3326 722 passiones
3353 665 3490 707 con-

1897 745 2250 803 substantiale
2291 744 2509 812 dicitur,
2563 757 2740 813 neque
2791 742 3087 798 secundum
3131 742 3447 798 divisionem
3472 781 3492 810 ,

1896 853 2075 908 neque
2101 835 2396 893 secundum
2425 834 2714 906 quamdam
2737 833 3068 889 decisionem
3090 848 3157 888 ex
3184 831 3345 888 Patre
3365 832 3492 888 sub-

1896 931 2106 987 sistere.
2131 929 2247 985 Non
2275 929 2418 985 enim
2447 944 2609 1000 posse
2637 937 2884 985 naturam
2913 925 3030 982 sine
3054 926 3281 982 materia
3328 927 3494 982 intel-

1898 1021 2156 1091 ligibilem
2185 1022 2675 1093 incorporeamquc
2696 1019 2966 1091 corporali
2996 1019 3175 1089 aliqua
3202 1017 3495 1075 subsistere

1900 1112 2176 1183 passione,
2208 1112 2302 1166 sed
2350 1112 2517 1168 sacris
2545 1110 2865 1181 quibusdam
2905 1109 3368 1179 ineffabilibusque
3405 1123 3497 1164 ra-

1902 1204 2140 1260 tionibus
2168 1204 2337 1272 magis
2361 1203 2783 1272 intelligendam.
2813 1201 2880 1256 Et
2902 1202 3329 1273 sapientissimus
3376 1199 3500 1272 qui-

1904 1294 2030 1351 dem
2053 1303 2215 1366 atque
2238 1295 2510 1366 piissimus
2537 1295 2834 1366 imperator
2861 1298 3024 1367 229
3053 1295 3126 1350 ita
3154 1281 3503 1366 philosopha-

1904 1388 2085 1444 batur.
2117 1387 2267 1442 Fidei
2296 1401 2425 1456 ergo
2455 1387 2836 1457 explanatione
2881 1387 3104 1454 dictata,
3152 1383 3504 1456 quemadmo-

1907 1479 2034 1535 dum
2064 1477 2131 1533 ab
2161 1479 2238 1533 eis
2261 1480 2466 1534 dictum
2495 1480 2582 1546 sit,
2614 1493 2685 1534 ex
2711 1478 3010 1533 substantia
3047 1476 3241 1542 Patris,
3273 1485 3329 1532 et
3358 1474 3506 1530 Patri

1907 1572 2441 1640 consubstantialem,
2479 1587 2588 1627 non
2617 1571 2840 1626 estsine
2868 1569 3269 1626 examinatione
3308 1566 3507 1623 dereli-

1909 1677 2074 1722 ctum.
2106 1664 2548 1722 Cousultationes
2597 1665 2740 1720 enim
2789 1672 2846 1720 et
2891 1663 3272 1734 responsiones
3313 1660 3510 1716 deinde

1910 1758 2290 1824 movebantur,
2326 1765 2381 1813 et
2424 1759 2576 1812 mens
2603 1755 3046 1828 perscrutabatur
3071 1753 3336 1809 dictorum
3381 1767 3508 1808 sen-

215 1849 488 1916 Quomodo
529 1848 781 1921 Eusebius
829 1859 877 1903 et
927 1849 1282 1920 Tlieogonius,
1335 1849 1457 1906 dato
1497 1851 1813 1921 poenitentia:
1841 1854 1891 1917 Β
1918 1868 2057 1908 sum.
2083 1851 2150 1906 Et
2177 1852 2281 1907 hoc
2307 1865 2435 1920 ergo
2483 1852 2626 1920 quod
2673 1851 2891 1905 aiebant
2918 1849 2986 1904 de
3030 1847 3351 1914 substantia,
3381 1860 3511 1900 con-

716 1920 908 1986 libello,
938 1922 1128 1990 recepti
1164 1930 1305 1976 sunt.

289 2034 558 2091 Eusebius
580 2034 742 2105 igitur
769 2042 824 2089 et
858 2033 1204 2102 Theogonius
1229 2041 1354 2106 post
1379 2034 1649 2091 modicum
1678 2045 1813 2091 tern-

216 2142 318 2198 pus
349 2126 546 2191 exsilii,
580 2125 817 2179 libellum
847 2124 1179 2194 paenitentia:
1222 2126 1578 2194 porrigentes,
1623 2126 1676 2180 in
1710 2125 1814 2180 ﬁde

217 2216 800 2275 consubstantialitatis
819 2225 1229 2283 consenserunt,
1247 2217 1391 2286 quod
1419 2217 1816 2273 declarabimus

217 2309 600 2381 procedentes.
627 2307 776 2364 Tunc
803 2317 984 2363 autem
1013 2308 1067 2362 in
1092 2307 1300 2380 synodo
1320 2307 1585 2364 Eusebius
1614 2323 1816 2378 cogno-

219 2401 370 2456 mine
399 2399 666 2470 Pamphili
708 2399 966 2455 Czesareae
995 2399 1288 2456 Palaestina:
1331 2403 1556 2457 sortitus
1601 2404 1816 2474 episco-

220 2502 431 2564 patum,
464 2493 738 2562 paululum
785 2491 1221 2548 animadvertens
1252 2501 1416 2562 atque
1445 2493 1812 2563 considerans,

223 2592 408 2640 utrum
437 2591 714 2654 oporteret
763 2583 960 2654 suscipi
1007 2584 1292 2640 terminum
1341 2584 1488 2654 ﬁdei,
1543 2603 1649 2642 una
1695 2602 1818 2642 cum

227 2679 350 2732 aliis
380 2677 651 2741 omnibus,
670 2677 777 2732 hoc
803 2684 1024 2731 estcum
1046 2677 1669 2743 universamultitudine
1689 2695 1821 2735 con—

226 2767 400 2822 sensit
428 2775 588 2834 atque
616 2766 954 2835 subscripsit,
987 2780 1088 2820 nec
1115 2781 1220 2820 non
1251 2774 1308 2820 et
1349 2766 1552 2836 populo
1580 2769 1680 2823 sub
1725 2783 1819 2823 sua

227 2859 452 2917 dioecesi
474 2857 770 2914 constituto
799 2857 1014 2927 scripsit
1043 2858 1328 2912 terminum
1374 2855 1518 2924 ﬁdei,
1545 2866 1600 2913 et
1624 2858 1825 2927 ubique

227 2951 520 3010 destinavit
547 2954 853 3008 sermonem
886 2967 899 3002 :
932 2949 1200 3004 subtiliter
1251 2949 1826 3006 consubstantialitatis

228 3061 435 3102 nomen
465 3046 880 3114 interpretatus;
929 3050 989 3097 ut
1016 3057 1358 3112 nequaquam
1407 3043 1622 3112 penitus
1653 3042 1826 3113 suSpi-

232 3139 451 3196 cionem
500 3137 781 3191 adversam
818 3135 886 3190 de
938 3150 1005 3190 eo
1058 3135 1281 3204 quilibet
1310 3135 1512 3191 habere
1566 3137 1822 3208 potuerit.

1855 2015 1862 2017 _
1913 1949 2092 2004 stabat
2118 1947 2259 2017 apud
2288 1962 2384 2002 eos
2410 1945 2820 2014 signiﬁcativum
2841 1941 3056 2014 quidem
3084 1955 3203 1996 esse
3232 1955 3298 1996 ex
3329 1937 3510 2005 Patre,

1915 2056 2025 2096 non
2055 2047 2236 2094 tamen
2278 2046 2533 2107 tanquam
2563 2043 2772 2106 partem
2823 2049 2943 2090 esse
2987 2032 3182 2087 Patris.
3215 2029 3511 2100 Propterea

1915 2132 2072 2188 nobis
2109 2113 2327 2200 quoque
2350 2130 2636 2184 videbatur
2677 2129 2818 2184 bene
2861 2142 2922 2184 se
2968 2127 3170 2182 habere
3195 2167 3211 2192 ,
3243 2133 3304 2180 ut
3331 2131 3515 2177 mente

1917 2223 2346 2278 consentiremus
2375 2222 2476 2291 piae
2499 2221 2758 2276 doctrinm
2779 2217 3006 2274 dictanti
3033 2232 3100 2271 ex
3130 2212 3516 2269 Patre-Filium

1919 2331 2056 2382 esse,
2087 2332 2197 2371 non
2227 2325 2404 2370 tamen
2428 2324 2638 2386 partem
2678 2313 2796 2384 ejus
2842 2328 2963 2369 esse
3007 2309 3339 2367 substantiae.
3372 2307 3517 2374 Qua-

1917 2417 2141 2479 propter
2185 2417 2243 2464 et
2294 2425 2395 2464 nos
2444 2415 2628 2464 mente
2673 2405 3066 2469 consensimus,
3123 2416 3302 2473 neque
3327 2414 3518 2455 vocem

1919 2500 2494 2556 consubstantialitatis
2521 2498 2836 2563 refutantes,
2869 2496 3043 2566 posita
3071 2509 3182 2564 pra:
3209 2492 3383 2547 oculis
3416 2505 3519 2545 no-

1921 2592 2048 2648 stris
2077 2592 2226 2661 pacis
2254 2591 2574 2656 intentione,
2603 2597 2659 2644 et
2687 2589 2755 2643 ab
2783 2587 3061 2642 intellectu
3083 2583 3385 2639 rectissimo
3414 2597 3522 2637 nou

1922 2684 2198 2740 cadentes.
2231 2682 2540 2738 Secundum
2571 2682 2675 2736 hoc
2702 2663 2865 2735 Etiam
2889 2686 3095 2742 natum,
3117 2684 3174 2732 et
3191 2691 3302 2731 non
3323 2674 3522 2730 factum

1922 2773 2258 2842 suscepimus
2283 2790 2297 2826 :
2328 2772 2615 2842 quoniam,
2647 2769 2870 2838 factum,
2901 2781 3188 2825 commune
3228 2781 3350 2822 esse
3375 2764 3520 2820 dice-

1923 2863 2056 2918 bant
2083 2877 2220 2933 opus
2246 2863 2575 2934 reliquarum
2621 2868 2990 2918 creaturarum
3020 2859 3284 2914 factarum
3312 2871 3411 2927 per
3437 2855 3522 2912 Fi-

1926 2956 2081 3024 lium,
2104 2970 2332 3024 quarum
2373 2955 2505 3010 nihil
2533 2954 2707 3009 simile
2737 2953 2940 3008 habere
2981 2951 3175 3006 Filium
3205 2947 3523 3006 conﬁtemur

1900 3061 1983 3105 .et
2012 3047 2384 3118 praedicamus.
2421 3046 2573 3101 Unde
2617 3062 2725 3101 non
2771 3061 2894 3100 eum
2940 3059 3062 3101 esse
3098 3042 3360 3098 facturam
3389 3041 3524 3096 dici-

1928 3156 2067 3205 mus,
2093 3140 2238 3210 quod
2263 3140 2510 3208 congruit
2535 3139 2599 3193 iis
2627 3153 2746 3208 qua:
2764 3154 2860 3208 per
2888 3153 3012 3192 eum
3036 3137 3175 3192 facta
3205 3142 3527 3202 noscuntur,

231 3231 375 3286 Sunt
401 3237 580 3285 autem
606 3245 726 3300 qum
754 3227 821 3282 ab
850 3228 966 3298 ipso
991 3225 1219 3282 Eusebio
1239 3229 1544 3300 conscripta
1569 3237 1694 3284 sunt
1719 3230 1824 3285 hu-
1851 3229 1900 3297 (Ξ
1930 3231 2024 3288 sed
2051 3231 2297 3301 superius
2320 3246 2482 3301 quam
2534 3229 2774 3293 facturae,
2823 3231 2988 3286 totius
3029 3243 3150 3284 esse
3195 3227 3528 3293 substantia),

232 3323 468 3394 jusmodi
490 3323 674 3378 verba.
701 3321 996 3389 Socunns,
1029 3319 1119 3376 lib.
1147 3337 1185 3388 ι,
1205 3338 1324 3390 cap.
1359 3320 1410 3376 5.
1440 3321 1589 3378 Edit.
1633 3321 1824 3378 Christ.

241 3417 421 3473 Vales.
452 3433 568 3488 cap.
593 3414 648 3482 8,
675 3433 732 3486 p.
771 3413 860 3470 25.

859 3569 1087 3628 CAPUT
1125 3569 1214 3626 XI.

239 3689 485 3763 Epistola
511 3685 722 3743 Eusebii
749 3684 1249 3810 Ρατνὶξὲἶέεὲῑοξάε
1273 3681 1484 3740 Nicami
1512 3684 1717 3741 concilii
1764 3684 1832 3739 ad

917 3757 1202 3811 alwslinos.

309 3872 651 3928 Arbitramur
676 3877 732 3925 et
760 3872 886 3936 vos,
939 3866 1292 3932 dilectissimi,
1321 3865 1484 3923 etiam
1513 3868 1727 3925 aliunde
1754 3869 1836 3924 di-

241 3965 458 4032 dicisse,
489 3963 630 4018 fama
658 3971 914 4018 consueta
944 3977 1276 4032 praecurrere
1322 3963 1618 4034 perfectum
1657 3964 1724 4018 de
1753 3963 1837 4018 his

240 4073 358 4129 qua:
385 4066 540 4131 gesta
575 4064 698 4113 sunt
725 4071 1050 4112 sermonem.
1082 4055 1189 4112 Sed
1217 4071 1286 4113 ne
1314 4071 1381 4111 ex
1409 4055 1713 4126 hujusmodi
1743 4069 1839 4109 au-

243 4149 357 4206 ditu
383 4150 588 4206 veritas
614 4148 769 4203 vobis
789 4148 943 4204 aliter
970 4147 1264 4214 nuntietur,
1294 4149 1598 4202 necessario
1635 4147 1836 4201 direxi-

244 4257 364 4299 mus
375 4239 534 4297 vobis
560 4240 790 4310 primum
819 4240 1036 4309 quidem
1056 4241 1377 4310 seripturam
1407 4255 1438 4293 a
1466 4239 1620 4294 nobis
1646 4239 1713 4293 de
1735 4237 1843 4293 ﬁde

244 4333 603 4404 propositam.
635 4330 768 4384 Nam
791 4339 845 4384 et
873 4329 1127 4385 Dominus
1147 4339 1330 4385 noster
1351 4331 1419 4386 ad
1445 4330 1842 4400 prmdicandum

246 4423 541 4492 discipulos
569 4437 696 4476 suos
731 4421 950 4475 mittens
973 4461 989 4487 ,
1020 4421 1095 4474 ait
1145 4439 1158 4474 :
1206 4419 1404 4475 Euntes
1443 4422 1619 4475 docete
1666 4438 1842 4478 omnes

247 4525 444 4588 gentes,
477 4513 796 4579 baptizantes
834 4528 924 4566 eos
956 4512 1011 4565 in
1040 4512 1246 4565 nomine
1271 4511 1469 4578 Patris,
1514 4521 1563 4566 et
1607 4511 1765 4578 Filii,
1795 4521 1844 4567 et

1930 3339 2094 3394 quam
2135 3339 2202 3378 ex
2251 3321 2414 3378 Patre
2458 3332 2640 3376 natam
2683 3322 2863 3376 divina
2915 3321 3116 3376 docere
3144 3320 3395 3374 videntur
3423 3318 3530 3374 elo.

1930 3418 2089 3487 quia;
2122 3416 2282 3471 modo
2307 3416 2506 3485 quippe
2534 3415 2898 3482 generationis
2925 3413 3269 3470 inenarrabili
3297 3421 3354 3468 et
3378 3411 3531 3466 inco-

1931 3507 2139 3578 gitabili
2176 3505 2441 3561 existente
2471 3507 2733 3583 universae
2761 3515 2965 3560 naturae
2991 3504 3194 3559 factore
3238 3503 3368 3576 [ed.,
3401 3499 3528 3556 Niv.

1933 3609 1984 3655 et
2008 3599 2196 3665 Frob.,
2228 3595 2428 3669 factm].
2476 3597 2567 3653 Sic
2594 3606 2775 3652 autem
2799 3604 2854 3651 et
2875 3593 3387 3652 consubstantialem
3415 3606 3534 3649 esse

1937 3692 2084 3748 Patri
2112 3693 2304 3748 Filium
2329 3694 2470 3748 ratio
2501 3693 2806 3749 examinata
2846 3691 3164 3762 cognoscit,
3195 3705 3308 3745 non
3338 3704 3534 3744 secun-

1936 3786 2065 3840 dum
2095 3801 2385 3856 corporum
2422 3785 2673 3853 modum,
2705 3799 2884 3854 neque
2929 3782 3247 3838 mortalibus
3293 3780 3535 3836 animan-

1940 3877 2082 3932 tibus
2103 3877 2427 3948 proximum.
2454 3875 2588 3931 Nam
2619 3890 2796 3946 neque
2823 3889 2924 3944 per
2943 3873 3264 3928 divisionem
3288 3870 3534 3926 substan-

1939 3971 2049 4037 tiae,
2080 3985 2256 4040 neque
2279 3969 2637 4025 defectionem
2669 3969 2774 4042 [ed.
2794 4007 2810 4034 ,
2842 3961 3252 4038 perfectionem}
3293 3969 3388 4017 aut
3411 3977 3535 4018 mu-

1940 4061 2204 4117 tationem
2251 4070 2488 4130 paternm
2529 4060 2842 4116 substantia:
2868 4058 2956 4113 vel
2989 4056 3222 4112 virtutis.
3271 4053 3367 4109 His
3393 4052 3536 4108 enim

1943 4159 2194 4213 omnibus
2242 4157 2477 4226 ingenita
2521 4164 2710 4212 natura
2755 4152 2930 4209 Patris
2981 4160 3239 4209 extranea
3285 4158 3387 4205 est.
3433 4145 3538 4203 Sed

1945 4250 2342 4324 prmdicandum
2354 4257 2438 4305 est
2457 4263 2577 4304 esse
2604 4245 3117 4305 consubstantialem
3147 4242 3293 4298 Patri
3321 4241 3537 4305 Filium,

1946 4363 2013 4402 eo
2041 4345 2188 4416 quod
2219 4346 2418 4400 nullam
2446 4345 2807 4416 aequalitatem
2844 4343 2913 4397 ad
2946 4348 3222 4397 creaturas
3247 4336 3416 4392 factas
3445 4333 3540 4390 Dei

1946 4435 2113 4494 Filius
2136 4436 2364 4501 habeat;
2393 4435 2486 4489 sed
2515 4434 2614 4491 soli
2637 4433 2783 4488 Patri
2812 4431 3042 4502 genitori
3072 4446 3169 4501 per
3189 4443 3402 4484 omnem
3425 4442 3540 4482 mo-

1948 4529 2076 4584 dum
2101 4529 2173 4583 sit
2195 4527 2399 4590 similis,
2433 4534 2487 4581 et
2513 4542 2621 4580 non
2649 4526 2718 4579 sit
2745 4539 2813 4580 ex
2835 4525 2940 4578 alia
2968 4521 3209 4592 qualibet
3235 4518 3542 4576 substantia

251 4605 481 4677 Spiritus
501 4605 669 4658 ⁸⁰η⁰ίί
701 4601 917 4668 ‘M‘mh'
951 4619 1136 4669 “Vl”,
1160 4602 1272 4675 19)-
1305 4603 1381 4658 De
1409 4604 1602 4674 (ἰυίδυε
1622 4613 1677 4660 ει
1697 4604 1840 4659 am"
1869 4617 1922 4679 D
1945 4626 2032 4682 vel
2060 4623 2314 4687 essentia,
2359 4621 2454 4677 sed
2497 4637 2563 4676 ex
2594 4619 2788 4676 Patris.
2817 4617 2976 4686 Quod
3020 4615 3187 4670 etiam
3230 4615 3406 4684 ipsum
3437 4612 3544 4668 hoc

251 4713 463 4754 mamus
488 4699 559 4752 ita
589 4712 646 4752 se
667 4696 868 4752 habere
888 4706 945 4752 et
983 4697 1055 4751 ita
1076 4712 1299 4767 sapere;
1324 4697 1419 4752 sed
1448 4699 1609 4753 etiam
1640 4697 1840 4754 dudum

252 4788 328 4844 sic
373 4789 646 4859 habuisse,
676 4797 727 4844 et
777 4790 848 4844 ita
897 4783 1158 4860 sapuiSse,
1201 4798 1256 4846 et
1302 4806 1471 4861 usque
1499 4791 1567 4846 ad
1612 4801 1844 4849 mortem

254 4894 352 4950 pro
380 4881 482 4937 hac
522 4881 722 4936 instare
746 4881 848 4938 ﬁde
879 4898 893 4936 :
926 4885 1446 4940 anathematizantes
1474 4866 1690 4941 omnem
1730 4886 1846 4942 sine

257 4968 367 5026 Deo
405 4973 671 5028 haeresim.
705 4973 830 5030 Hmc
859 4978 1039 5030 omnia
1085 4992 1152 5031 ex
1187 4977 1353 5032 corde
1381 4978 1624 5048 sapuisse
1653 4986 1707 5034 et
1732 4979 1848 5033 ani-

258 5080 364 5136 ma,
387 5082 453 5122 ex
482 5083 590 5138 quo
616 5069 863 5124 novimus
902 5071 1292 5142 nosmetipsos,
1326 5081 1381 5126 et
1410 5088 1552 5128 nunc
1580 5088 1771 5144 sapere
1798 5079 1856 5128 et

259 5157 434 5216 dicere
486 5177 669 5217 coram
717 5163 1086 5233 omnipotente
1131 5163 1244 5220 Deo
1292 5173 1348 5220 et
1395 5165 1622 5220 Domino
1665 5174 1854 5221 nostro

261 5249 383 5310 Jesu
410 5256 624 5312 Christo
672 5273 789 5312 cum
819 5260 1045 5314 veritate
1086 5268 1383 5314 testamur:
1415 5261 1683 5316 ostensuri
1726 5277 1854 5331 pro—

263 5344 605 5417 bationibus,
634 5359 689 5404 et
731 5348 1055 5404 satisfacturi
1082 5351 1250 5417 vobis,
1298 5351 1420 5421 quia
1471 5363 1526 5406 et
1567 5352 1854 5422 praeteritis

267 5442 596 5511 temporibus
624 5443 696 5496 ita
737 5442 1060 5499 credidimus
1110 5450 1164 5497 et
1191 5443 1613 5512 prmdicavimus.
1665 5442 1776 5500 Hac
1821 5459 1854 5499 a

268 5533 420 5588 nobis
446 5537 688 5608 exposita
719 5535 843 5601 ﬁde,
869 5536 999 5590 nulli
1021 5535 1238 5594 relictus
1257 5545 1340 5592 est
1368 5537 1651 5592 resistendi
1681 5538 1856 5595 locus.

269 5619 373 5678 Sed
415 5637 471 5684 et
514 5628 627 5698 ipse
673 5629 875 5700 primus
899 5628 1011 5686 Deo
1047 5631 1292 5687 amabilis
1339 5632 1631 5703 imperator
1674 5641 1860 5688 noster

270 5716 561 5775 rectissime
585 5735 704 5776 eam
751 5722 951 5779 habere
987 5729 1214 5779 testatus
1251 5731 1354 5790 est,
1386 5731 1440 5778 et
1487 5723 1565 5778 sic
1601 5723 1766 5778 etiam
1797 5737 1857 5780 se

271 5806 538 5876 professus
564 5821 649 5870 est
673 5830 897 5887 sapere;
925 5823 982 5872 et
1017 5815 1071 5872 iu
1097 5815 1200 5871 hac
1227 5829 1417 5871 omnes
1444 5815 1752 5872 consentire
1800 5819 1860 5871 et

270 5899 625 5979 subscribere,
653 5916 710 5967 et
731 5909 790 5971 in
815 5908 899 5970 his
923 5910 1266 5984 dogmatibus
1291 5911 1626 5974 concordare
1648 5924 1853 5988 praece-

1950 4715 2111 4772 modo
2153 4714 2566 4782 interpretatum
2618 4711 2758 4765 bene
2804 4724 2864 4764 se
2910 4706 3112 4762 habere
3140 4705 3312 4760 visum
3341 4711 3426 4759 est
3475 4699 3544 4756 ad

1952 4804 2394 4866 consentiendum
2442 4821 2456 4857 :
2504 4802 2761 4878 quoniam
2811 4809 2867 4856 et
2912 4800 3209 4871 priscorum
3254 4795 3544 4865 episcopos

1953 4899 2182 4969 aliquos,
2210 4905 2264 4951 et
2292 4895 2691 4965 conscriptores
2718 4894 3035 4963 eloquentes
3062 4899 3116 4945 et
3142 4888 3350 4944 nobiles
3378 4897 3546 4952 agno-

1954 4989 2130 5045 vimus
2152 4988 2205 5041 iu
2235 4985 2414 5041 Pa.ris
2441 4995 2497 5041 et
2525 4984 2645 5039 Filii
2676 4984 2968 5052 theologia,
2988 4982 3040 5036 id
3061 4989 3144 5036 est
3169 4977 3348 5033 divina
3379 4974 3546 5030 ratio-

1954 5084 2246 5150 cinatione,
2261 5082 2479 5138 nomine
2503 5075 3077 5136 consubstantialitatis
3098 5087 3218 5128 esse
3244 5084 3393 5126 usos.
3419 5066 3548 5122 Hinc

1957 5176 2143 5245 itaque
2171 5175 2240 5230 de
2268 5175 2514 5244 exposita
2561 5172 2668 5228 ﬁde
2710 5172 2817 5228 sint
2859 5168 3024 5235 dicta,
3067 5165 3122 5220 in
3165 5178 3272 5235 qua
3311 5159 3549 5218 universi

1955 5267 2345 5332 consensimus,
2360 5281 2468 5320 non
2490 5265 2608 5320 sine
2633 5258 3118 5320 animadversione,
3132 5256 3230 5310 sed
3255 5251 3548 5308 secundum

1959 5375 2149 5415 sensus
2169 5358 2443 5429 expositos
2464 5372 2649 5413 coram
2676 5355 2794 5425 ipso
2817 5351 2930 5406 Deo
2960 5346 3172 5403 amabili
3200 5343 3551 5401 examinante

1960 5449 2306 5520 imperatore,
2355 5455 2411 5502 et
2455 5444 2726 5518 praedictis
2773 5437 3076 5496 rationibus
3119 5432 3551 5520 concordantes,

1963 5514 2475 5596 anathematismurn
2502 5544 2626 5608 post
2652 5535 2811 5589 fidem
2839 5532 2894 5587 in
2920 5529 3000 5586 eis
3024 5527 3292 5600 prolatum
3309 5514 3428 5578 sine
3457 5519 3552 5574 tri.

1965 5631 2111 5687 stitia
2140 5647 2260 5686 esse
2283 5629 2625 5690 credidimus,
2658 5640 2724 5681 eo
2753 5621 2895 5693 quod
2916 5635 3024 5676 non
3054 5615 3270 5687 scriptis
3297 5613 3374 5670 uti
3404 5609 3552 5667 voci-

1964 5724 2068 5780 bus
2088 5725 2456 5796 prohiberent.
2502 5718 2654 5775 Unde
2704 5730 2843 5789 pene
2897 5713 3073 5771 omnis
3124 5710 3263 5766 facta
3285 5713 3370 5764 est
3413 5719 3548 5796 con-

1966 5795 2107 5872 fusio
2129 5825 2184 5871 et
2210 5811 2626 5886 indisciplinatio
2654 5809 2865 5868 cunctis
2887 5804 3164 5863 Eoelesiis.
3194 5798 3349 5858 Nulla
3379 5795 3548 5868 siqui-

1965 5911 2090 5972 dem
2114 5911 2382 5983 scriptura
2409 5905 2663 5968 divinitus
2689 5903 2950 5978 inspirata
2976 5899 3208 5967 dicente,
3231 5909 3304 5955 ex
3333 5905 3442 5949 non
3469 5903 3547 5946 ex-
