3998 6344
474 261 575 325 931

1715 265 1785 342 tt.
1827 265 2106 346 anniaut
2140 265 2542 354 cassionqat

3658 259 3780 316 932

471 387 766 455 stantibus;
796 393 908 454 aut,
937 384 1039 442 fuit
1065 385 1355 457 aliquando
1377 385 1594 455 quando
1619 400 1728 441 non
1751 385 1871 455 fuit,
1894 395 1950 442 et
1979 401 2060 442 re-
2085 388 2141 476 Α
2163 401 2346 441 eorum
2368 385 2459 456 qui
2479 384 2546 440 ab
2567 365 2780 464 eosunt
2799 379 3050 476 ordinati,
3069 381 3231 436 etiam
3253 395 3320 436 ex
3338 381 3628 476 haeparte
3645 394 3781 476 quae

471 479 630 548 liquis
651 491 768 546 qum
796 475 1161 548 proferebant,
1187 473 1554 531 irrationabile
1595 475 1751 532 nobis
1778 476 1952 552 visum
1974 482 2056 531 est

469 571 582 627 hzec
611 569 792 625 dicere
819 569 905 624 vel
935 568 1134 624 docere
1169 586 1182 622 :
1226 569 1482 638 quoniam
1514 585 1692 639 neque
1718 570 1883 640 priori
1931 579 2061 626 tem-

467 678 601 736 pore
645 663 946 732 hujusmodi
977 662 1354 732 consuevimus
1403 664 1482 718 uti
1530 665 1886 721 semionihus.
1932 662 2059 720 Hmc

467 755 620 813 vobis
646 755 954 810 necessario
997 754 1349 824 scripsimus,
1400 755 1755 823 dilectissimi,
1798 756 2058 826 judicium

467 831 664 904 uestrae
704 848 1118 904 examinationis
1171 856 1227 903 et
1274 864 1596 904 consensum
1638 837 2058 905 vobis'innote-

467 948 701 995 scentes.
737 939 801 994 Et
829 941 953 1008 quia
974 941 1371 996 rationabiliter
1401 948 1526 997 tunc
1554 941 1768 1011 quidem
1800 957 1900 997 nos
1919 942 2056 998 scri-

468 1040 557 1104 pta
587 1031 830 1102 quaedam
855 1032 1025 1086 modis
1057 1033 1176 1086 aliis
1206 1031 1582 1099 oﬂ‘endebant;
1613 1041 1802 1103 postea
1831 1048 1958 1087 vero
1982 1033 2059 1108 in-

469 1123 710 1179 dubitate
739 1139 801 1178 ea
829 1139 949 1195 qua:
993 1132 1149 1178 erant
1197 1125 1313 1179 sine
1361 1125 1776 1181 contristatione
1822 1125 2059 1196 suscepi—

469 1231 607 1270 mus.
654 1215 997 1286 Quapropter
1025 1217 1440 1285 magnanimiter
1486 1217 1640 1272 nobis
1689 1232 1906 1272 sensum
1937 1233 2060 1272 ver-

469 1307 660 1363 borum
685 1309 1117 1375 discutientibus,
1146 1308 1350 1378 placuit
1391 1310 1720 1364 concordare
1750 1310 1803 1364 in
1828 1310 1911 1364 his
1939 1324 2059 1380 quze

470 1413 502 1453 a
531 1400 686 1454 nobis
715 1400 843 1469 ipsis
871 1399 923 1454 in
949 1399 1070 1454 ﬁdei
1101 1401 1440 1470 expositione
1471 1399 1714 1456 confessa
1742 1410 1885 1456 sunt.
1965 1391 1972 1406 ⁸

540 1491 664 1547 Hcce
692 1492 871 1562 itaque
911 1491 1173 1546 Eusebius
1225 1492 1488 1562 Pamphili
1533 1493 1586 1546 in
1613 1490 1913 1549 Czesaream
1955 1493 2060 1549 Pa-

470 1585 687 1640 lmstinte
731 1585 924 1639 litteris
973 1586 1280 1655 explanavit
1323 1603 1334 1638 :
1385 1583 1758 1640 Alexandrinre
1782 1603 1910 1642 vero
1957 1587 2058 1644 Ec-

470 1678 664 1744 clesiaz,
709 1685 765 1732 et
793 1675 1146 1760 Egyptiacm,
1181 1686 1235 1732 ct
1273 1675 1476 1748 Libym,
1509 1686 1563 1732 et
1593 1678 1970 1746 Pentapoleos,
2001 1685 2057 1734 et

2163 477 2460 548 placuerint
2486 475 2714 548 synodo,
2744 457 3288 556 vobislinsinuamus,
3319 457 3621 528 charissimi
3662 469 3780 524 fra-

2162 577 2290 625 tres.
2319 567 2525 624 Placuit
2549 583 2678 642 ergo
2707 567 2977 623 Meletium
3006 555 3504 636 quidemclementi
3531 564 3778 620 concilio

2164 661 2309 734 (dum
2339 660 2518 716 subtili
2545 675 2780 732 veraque
2808 660 3020 714 ratione
3051 659 3250 714 nullam
3279 658 3496 714 veniam
3525 673 3777 713 merere-

2163 753 2268 824 tur)
2299 769 2520 810 manere
2541 754 2758 825 quidem
2788 754 2841 809 in
2872 754 3086 824 propria
3115 753 3362 817 civitate,
3396 752 3600 808 nullam
3633 768 3778 808 vero

2160 845 2482 902 omnimodis
2504 847 2704 902 habere
2733 853 3056 917 potestatem
3085 861 3260 917 neque
3287 843 3548 913 eligendi,
3592 860 3778 914 neque

2162 937 2464 1004 ordinandi,
2502 955 2604 994 nec
2645 941 2697 993 in
2729 938 3032 1009 provincia,
3059 954 3160 994 nec
3201 940 3252 993 in
3277 938 3516 1008 qualibet
3547 939 3774 993 civitate

2161 1028 2348 1095 videri,
2377 1045 2679 1100 purumque
2708 1046 2906 1085 nomen
2935 1029 3308 1085 tantummodo
3330 1030 3634 1101 possidere.
3667 1028 3774 1084 Eos

2163 1128 2342 1176 autem
2372 1123 2461 1192 qui
2485 1123 2552 1176 ab
2582 1123 2699 1192 ipso
2727 1131 2852 1179 sunt
2881 1124 3177 1186 constituti,
3210 1119 3437 1195 mystica
3473 1122 3774 1178 ordinatio.

2162 1214 2492 1272 nelirmatos
2531 1217 2731 1272 habere
2774 1219 3034 1274 honorem
3076 1227 3133 1273 et
3179 1219 3564 1282 ministerium,
3597 1227 3657 1271 ut
3689 1227 3772 1271 ta-

2163 1321 2286 1362 men
2329 1317 2616 1378 sequentes
2657 1310 2764 1365 sint
2803 1311 2976 1365 modis
3022 1312 3271 1367 omnibus
3309 1311 3691 1366 universorum
3718 1314 3769 1367 in

2162 1398 2383 1468 singulis
2411 1400 2681 1470 parochiis
2708 1409 2763 1456 et
2787 1402 3028 1458 ecclesiis
3050 1418 3080 1458 a
3110 1404 3424 1458 charissimo
3450 1411 3510 1458 et
3538 1403 3768 1458 commi-

2163 1494 2332 1548 nistro
2379 1503 2565 1548 nostro
2612 1494 2917 1550 Alexandro
2963 1505 3434 1559 consecratorum;
3467 1505 3528 1550 et
3581 1507 3644 1550 ut
3692 1497 3770 1550 his

2163 1585 2306 1639 nulla
2335 1594 2570 1655 potestas
2598 1587 2666 1641 sit
2685 1587 2911 1656 placitos
2937 1588 3037 1644 sibi
3064 1589 3280 1657 eligere,
3307 1596 3402 1643 aut
3429 1589 3656 1642 nomina
3681 1605 3770 1643 eo-

2167 1690 2284 1729 rum
2306 1678 2466 1747 230
2488 1677 2760 1749 prmferre,
2785 1686 2879 1734 aut
2900 1679 3119 1736 omnino
3147 1679 3345 1748 aliquid
3377 1693 3547 1747 agere
3577 1688 3768 1749 praeter

469 1783 586 1839 qua:
631 1768 822 1824 vicina:
866 1777 1029 1838 sunt,
1079 1771 1194 1825 lucc
1242 1770 1456 1842 scripsit
1512 1772 1782 1826 communi
1837 1771 2054 1828 decreto
2084 1777 2136 1866 ῃ
2163 1767 2752 1823 γοΙιηιιειιθιηΕοειθεὶω
2773 1769 3768 1844 catholica:prmsulisAlexandri-Gm-

469 1861 773 1916 concilium.
831 1860 1109 1917 Socnnes
1179 1862 1269 1916 lib.
1315 1877 1366 1932 1,
1414 1877 1531 1933 cap.
1575 1860 1626 1917 5.
1669 1860 1815 1918 Edit.
1861 1862 2052 1918 Christ.

477 1951 650 2007 Vales.
675 1971 790 2025 cap.
817 1951 870 2019 8,
895 1971 947 2025 p.
977 1952 1067 2007 ΞΖ).

1049 2065 1279 2122 CAPUT
1331 2067 1440 2122 XII.

470 2157 707 2230 Epistola
733 2157 939 2234 Nicqmj
969 2162 1176 2284 concil‘iii
1200 2162 1267 2283 alii
1289 2163 1661 2286 Alexandriam
1691 2174 1740 2230 et
1769 2163 2056 2238 Egyptum

679 2239 692 2250 ’
1168 2249 1218 2285 es
1246 2249 1332 2284 ma
1359 2251 1410 2286 a.

679 2239 692 2250 '
1132 2239 1410 2288 destinata.

539 2322 748 2378 Sanctze
773 2337 1082 2394 magnaeque
1104 2323 1196 2378 Dei
1221 2326 1386 2394 gratia
1413 2327 1784 2383 Alexandrinae
1807 2327 2058 2384 Ecclesiae

471 2421 525 2466 et
553 2412 910 2467 dilectissimis
938 2413 1187 2471 fratribus
1211 2431 1309 2485 per
1334 2416 1643 2487 IEgyptum,
1668 2427 1722 2474 et
1751 2418 1989 2491 Libyam,
2006 2429 2060 2476 et

471 2502 803 2573 Pentapolim
853 2505 1173 2572 constitutis,
1210 2510 1516 2577 congregati
1558 2517 1609 2563 et
1642 2526 1885 2584 magnam
1934 2528 2061 2590 san-

471 2605 718 2664 ctamque
747 2597 1008 2666 synodum
1031 2597 1218 2654 Nieeie
1243 2601 1579 2664 celebrantes
1600 2605 1856 2675 episcopi,
1883 2605 1938 2682 in
1953 2587 2062 2663 Do-

471 2688 614 2742 mino
643 2688 870 2743 salutem
1645 2693 1648 2700 '

541 2779 804 2845 Quoniam
836 2779 928 2834 Dei
975 2782 1165 2850 gratia,
1197 2791 1252 2837 et
1276 2782 1388 2838 Deo
1426 2785 1777 2841 amantissimi
1807 2788 2062 2860 principis

469 2871 636 2925 nostri
682 2871 1058 2940 Constantini,
1105 2877 1478 2945 congregantis
1516 2894 1611 2934 nos
1637 2879 1690 2934 in
1717 2880 1848 2934 urbe
1868 2879 2062 2951 praedia

471 2971 555 3017 cta
585 2979 648 3017 ex
677 2965 968 3033 provinciis
997 2966 1224 3023 diversis
1249 2976 1304 3022 et
1328 2968 1635 3026 civitatibus
1659 3014 1672 3036 ,
1704 2986 1894 3042 magna
1938 2989 2063 3028 san-

470 3063 660 3124 ctaque
681 3055 916 3126 synodus
943 3056 1211 3112 celebrata
1242 3067 1357 3126 est,
1388 3062 1710 3118 omnimodis
1756 3066 2062 3120 necessario

469 3147 641 3202 visum
695 3157 776 3202 est
819 3150 885 3204 ab
931 3149 1038 3205 hoc
1083 3166 1241 3206 sacro
1287 3163 1580 3224 sanctoque
1628 3157 1856 3211 concilio
1899 3158 2062 3213 etiam
2091 3168 2142 3236 ο
2169 3153 2404 3206 ειιιίωῑὶίιξ
2457 3153 2790 3234 ῈᾮΙυηιίιῐθω
2837 3173 2849 3208 ε

470 3238 535 3293 ad
563 3255 660 3294 vos
703 3240 910 3296 litteras
937 3241 1224 3310 destinare,
1275 3253 1334 3300 ut
1388 3248 1644 3303 noveritis
1695 3238 1813 3319 qua:
1853 3249 2071 3320 quidem

471 3344 618 3391 mota
638 3345 694 3390 et
712 3338 1168 3407 examinata,qu;e
1185 3325 1313 3396 vero
1335 3341 1650 3410 placuerunt
1670 3353 1831 3414 atque
1859 3344 2072 3400 firmata

474 3435 617 3500 sunt.
635 3428 772 3482 Ante
787 3430 964 3483 omnia
990 3429 1250 3501 siquidem
1273 3432 1535 3502 exquisita
1563 3445 1688 3490 sunt
1716 3435 1880 3506 impia
1899 3437 2070 3492 ctini-

474 3532 580 3588 qua
603 3527 659 3572 et
684 3518 798 3574 sine
819 3519 930 3574 Deo
958 3520 1209 3589 dogmata
1235 3523 1368 3588 Arii,
1410 3525 1566 3594 eique
1591 3529 2064 3600 consentientium,

474 3610 575 3664 sub
625 3611 908 3680 praesentia
955 3611 1069 3668 Deo
1115 3616 1469 3670 amantissimi
1510 3617 1850 3688 imperatoris
1898 3615 2070 3688 nostri

476 3701 856 3794 Constantini,l
901 3712 958 3760 et
996 3706 1235 3762 omnium
1274 3705 1490 3764 decreto
1561 3711 1887 3781 complacuit
1941 3699 2070 3768 ana-

477 3795 814 3852 tliematizari
860 3797 1077 3868 impiam
1134 3799 1251 3868 ejus
1310 3809 1515 3860 sectam
1574 3811 1631 3857 et
1677 3803 1952 3874 iniquam,
1984 3813 2068 3860 at-

472 3905 577 3958 que
600 3891 715 3944 sine
740 3889 851 3945 Deo
873 3891 1236 3954 verba,~simul
1263 3900 1317 3948 et
1341 3893 1558 3948 nomina
1579 3895 1774 3964 quibus
1796 3898 2066 3966 utebatur,

472 3981 662 4036 Filium
692 3979 786 4058 Dei
814 3982 1267 4052 blasphemando,
1302 3992 1356 4040 et
1395 3985 1622 4041 dicendo
1652 4005 1663 4039 :
1695 4003 1763 4042 ex
1807 4004 1914 4042 non
1968 4003 2066 4043 ex-

470 4074 734 4128 stantibus
757 4090 905 4139 esse;
949 4084 1004 4129 et
1031 4075 1246 4144 iterum,
1277 4075 1374 4131 fuit
1403 4077 1689 4147 aliquando
1711 4079 1926 4148 quando
1957 4095 2068 4136 non

473 4162 587 4218 fuit.
620 4164 897 4230 Quomodo
939 4166 1080 4220 enim
1130 4151 1246 4234 fuit,
1281 4180 1373 4225 aut
1421 4170 1694 4239 quomodo
1733 4167 1925 4226 iterum
1958 4188 2067 4227 non

469 4254 610 4310 fuit?
640 4257 706 4310 Et
736 4275 832 4328 pro
853 4259 1020 4314 libero
1051 4261 1272 4316 arbitrio
1301 4263 1522 4318 malitia;
1557 4272 1719 4333 atque
1739 4265 1950 4320 virtutis
1977 4281 2070 4320 ca-

469 4348 699 4417 pabilem
729 4348 919 4406 Filium
961 4351 1053 4406 Dei
1097 4368 1214 4408 esse
1241 4353 1511 4422 dicentes,
1541 4365 1840 4412 creaturam
1887 4359 2064 4416 nomi-

471 4439 670 4492 nabant
699 4456 820 4495 eum
849 4452 1010 4513 atque
1040 4445 1316 4501 facturam.
1352 4447 1476 4502 Haec
1502 4449 1663 4518 igitur
1685 4451 1865 4506 omnia
1896 4452 2062 4520 fatua,

2165 1858 2236 1911 tia
2267 1872 2497 1928 namque
2544 1857 2641 1911 Dei
2679 1866 2734 1914 et
2764 1859 3096 1916 orationibus
3123 1860 3316 1920 vestris
3346 1863 3402 1915 in
3445 1861 3602 1916 nullo
3627 1862 3764 1916 schi-

2162 1956 2334 2003 smate
2360 1957 2634 2018 repertos;
2665 1951 2757 2005 sed
2797 1952 2912 2024 sine
2941 1952 3146 2008 macula
3175 1952 3230 2022 in
3257 1952 3533 2018 catholica
3564 1963 3621 2012 et
3643 1969 3764 2026 apo-

2163 2041 2353 2097 stolica
2383 2040 2626 2122 Ecclesia
2653 2052 3030 2116 permanentes
3047 2086 3063 2111 ,
3089 2045 3308 2115 dignum
3330 2054 3418 2116 est
3440 2057 3763 2117 potestatem

2161 2135 2362 2192 habere
2388 2143 2442 2190 et
2471 2135 2697 2208 eligendi
2725 2138 3039 2206 quemlibet,
3071 2147 3125 2194 et
3145 2140 3363 2214 nomina
3381 2125 3594 2214 eorum
3612 2136 3762 2196 dandi

2161 2227 2254 2296 qui
2281 2226 2426 2282 clero
2446 2233 2570 2281 sunt
2599 2227 2776 2296 digni;
2796 2237 2850 2298 et
2878 2229 3122 2301 absolute
3149 2211 3550 2310 facereomnia
3576 2247 3762 2292 secun~

2161 2313 2289 2377 dum
2335 2321 2506 2390 legem
2557 2331 2611 2378 et
2657 2323 2966 2386 sanctiones
3013 2324 3286 2382 Ecclesize.
3335 2325 3397 2400 Si
3443 2341 3611 2402 quem
3639 2339 3764 2381 vero

2163 2413 2449 2484 contigerit
2495 2416 2832 2486 requiescere
2886 2405 2939 2472 in
2983 2415 3242 2488 Ecclesia,
3275 2427 3404 2476 tunc
3443 2418 3679 2490 provehi
3716 2418 3768 2474 iu

2162 2505 2425 2560 honorem
2446 2506 2684 2562 defuncti
2705 2524 2799 2562 eos
2819 2509 2909 2578 qui
2940 2525 3109 2578 nuper
3130 2511 3386 2590 assumpti
3405 2519 3543 2576 sunt,
3559 2511 3774 2568 solum.

2164 2595 2326 2650 modo
2355 2596 2399 2650 si
2427 2595 2708 2650 videantur
2727 2597 2892 2666 digni,
2919 2607 2973 2652 et
3002 2601 3230 2684 populus
3251 2615 3346 2655 eos
3370 2601 3616 2680 elegerit,
3640 2617 3772 2658 con-

2165 2686 2492 2746 decernente
2519 2688 2680 2743 simul
2700 2697 2752 2744 et
2775 2691 3126 2760 consignante
3154 2693 3405 2748 maxima:
3432 2694 3771 2762 Alexandria

2165 2781 2397 2837 civitatis
2427 2783 2700 2854 episcopo.
2730 2782 2844 2850 Hoc
2873 2784 3052 2856 itaque
3075 2787 3193 2842 aliis
3213 2787 3432 2862 quidem
3454 2803 3772 2866 concessum

2165 2883 2248 2954 est
2297 2876 2563 2946 omnibus.
2617 2874 2677 2933 ln
2720 2893 2951 2948 persona
2982 2895 3108 2936 vero
3165 2879 3366 2944 Meletii
3421 2896 3768 2958 nequaquam

2167 2951 2354 3022 eadem
2399 2967 2734 3048 placuerunt,
2766 2979 2988 3052 propter
3036 2972 3270 3042 priorem
3319 2951 3773 3052 indisciplinatio-

2169 3074 2289 3114 nem
2345 3057 2461 3128 ejus
2489 3099 2503 3125 ,
2547 3071 2602 3115 et
2653 3045 2876 3132 propter
2923 3045 3308 3134 procacitatem
3363 3045 3535 3144 ejus
3569 3081 3638 3120 ac
3685 3081 3772 3138 pe-

2902 3170 2970 3211 ne
3025 3155 3131 3210 ulla
3189 3156 3409 3224 daretur
3478 3158 3774 3228 auctoritas

2109 3241 2144 3260 "
2175 3244 2260 3302 vel
2321 3254 2562 3316 potestas
2626 3248 2830 3303 homini
2895 3249 2984 3332 qui
3063 3257 3246 3330 posset
3304 3266 3500 3330 rursus~
3563 3251 3774 3320 easdem

2175 3337 2688 3408 indiséiplinationes
2736 3340 3018 3395 instruere.
3067 3339 3192 3416 Haec
3235 3351 3358 3397 sunt
3401 3343 3685 3420 praecipua
3732 3350 3775 3426 et

2174 3433 2536 3500 competentia
2566 3430 2803 3504 Egypto
2833 3440 2888 3487 et
2913 3434 3262 3489 sanctissima:
3281 3434 3776 3492 Alexandrinorum

2174 3521 2446 3578 Ecclesiae.
2479 3521 2538 3577 Si
2562 3523 2690 3593 quid
2710 3530 2887 3589 autem
2910 3524 3052 3588 aliud
3082 3524 3387 3582 ordinatura
3418 3535 3504 3580 est
3528 3534 3628 3580 aut
3654 3526 3774 3595 dx-

2171 3620 2508 3689 matizatum,
2538 3637 2743 3692 przesen
2755 3631 2806 3678 te
2834 3623 3054 3680 domino
3083 3633 3244 3695 atque
3271 3625 3598 3684 eharissimo
3633 3642 3776 3684 eom-

2172 3713 2417 3768 ministro
2445 3720 2500 3767 et
2519 3712 2684 3769 fratre
2714 3725 2899 3772 nostro
2927 3717 3250 3783 Alexandro,
3278 3719 3395 3790 ipse
3421 3735 3670 3790 praesens
3695 3739 3776 3776 vo-

2171 3805 2256 3880 bis
2301 3806 2546 3886 subtilius
2583 3809 2781 3878 poterit
2807 3812 3045 3880 aperire,
3074 3820 3328 3883 tanquam
3369 3822 3567 3870 auctor
3593 3825 3775 3884 gesto-

2172 3914 2289 3954 rum
2317 3908 2371 3954 et
2399 3901 2823 3958 communicator
2845 3904 3100 3960 existens.
3125 3903 3566 3974 Evangelizamus
3587 3917 3770 3972 autem

2173 3993 2324 4048 vobis
2353 4002 2407 4048 et
2434 3993 2500 4068 de
2527 3997 2878 4072 consonantia
2907 3999 3228 4054 sanctissimi
3251 3999 3493 4066 Paschaa,
3525 4002 3658 4070 quia
3690 4018 3776 4056 ve-

2173 4084 2301 4146 stris
2327 4086 2662 4142 orationibus
2687 4097 2769 4143 est
2793 4101 3096 4144 correctum
3127 4092 3286 4147 etiam
3305 4092 3409 4147 hoc
3439 4096 3695 4164 opus,ita
3727 4107 3774 4150 ut

2171 4192 2359 4234 omnes
2387 4175 2688 4236 Orientales
2729 4180 2949 4248 fratres,
2975 4185 3066 4255 qui
3112 4201 3232 4241 cum
3271 4184 3469 4240 Judmis
3523 4190 3773 4258 primitus

2170 4270 2534 4338 celebrabant,
2563 4262 2800 4328 consone
2829 4291 2948 4330 cum
2979 4275 3268 4344 Romanis,
3303 4286 3355 4332 et
3383 4278 3694 4340 vobiscum.
3726 4291 3773 4334 et

2170 4375 2290 4440 cum
2315 4362 2564 4417 omnibus
2592 4362 2658 4418 ab
2689 4363 2840 4418 initio
2870 4362 3073 4440 Pascha
3104 4367 3553 4434 custodientihus,
3581 4385 3652 4425 ex
3677 4372 3771 4426 hoc

2169 4458 2416 4522 tempore
2445 4453 2676 4530 debeant
2703 4455 2993 4524 custodire.
3027 4455 3360 4514 Exsultantes
3392 4460 3579 4531 itaque
3607 4463 3666 4522 in
3697 4464 3770 4518 his

469 4540 524 4585 et
553 4532 731 4594 anilia,
760 4542 814 4588 et
864 4536 1171 4605 blasphema
1216 4541 1688 4606 anathematizavit
1732 4552 1974 4598 sanctum
2005 4554 2060 4600 et
2089 4559 2141 4622 ι)
2169 4557 2287 4614 quae
2311 4553 2459 4613 gesta
2485 4553 2629 4610 sunt,
2657 4553 2712 4600 et
2732 4545 2785 4600 in
2815 4549 3083 4602 communi
3107 4563 3238 4618 pace
3267 4557 3429 4618 atque
3449 4553 3765 4616 concordia,

468 4621 770 4677 universale
798 4627 1170 4693 concilium,et
1201 4645 1299 4684 nec
1329 4647 1496 4700 usque
1525 4633 1588 4686 ad
1613 4633 1850 4687 auditum
1878 4635 2056 4706 impite

465 4721 627 4770 SCCllD
668 4721 830 4782 atque
873 4715 1066 4773 furoris
1093 4719 1270 4790 hujus,
1311 4729 1402 4774 aut
1445 4722 1773 4778 intellectum
1804 4741 2056 4780 sensuum

469 4809 771 4878 iniquorum
817 4815 1262 4868 accommodavit.
1313 4814 1388 4869 Ea
1429 4816 1641 4884 quidem
1674 4833 1792 4886 quae
1842 4819 1908 4872 de
1950 4819 2056 4874 illis

465 4909 610 4967 gesta
643 4907 787 4968 sunt,
818 4902 1030 4971 qualem
1075 4905 1357 4958 terminum
1402 4905 1709 4974 habuerint,
1737 4908 1918 4962 omnia
1942 4909 2054 4977 jam

465 4998 558 5043 aut
585 4990 822 5055 audistis,
853 5002 946 5046 aut
971 4993 1198 5049 audietis
1221 5013 1234 5048 :
1267 5011 1335 5050 ne
1359 5011 1458 5050 nos
1478 4997 1618 5052 forte
1642 4997 1923 5054 videamur
1943 5001 2056 5056 viro

468 5081 725 5150 obloqui,
754 5092 979 5152 propter
1021 5084 1275 5139 delictum
1320 5102 1476 5140 suum
1529 5087 1852 5157 impropcria
1899 5089 2058 5158 digna

470 5173 724 5242 portanti.
743 5172 975 5230 Tantum
995 5176 1190 5230 etenim
1212 5177 1376 5231 valuit
1395 5180 1511 5248 ejus
1531 5180 1793 5250 impietas,
1821 5183 2058 5238 utetiam

472 5261 719 5320 Theonas
743 5263 1192 5335 Marmaricenus,
1225 5276 1280 5323 et
1319 5267 1596 5327 Secundus
1625 5272 1965 5329 Ptolemaidis
1994 5290 2058 5330 ea

469 5362 766 5412 uterentur.
798 5354 943 5412 Idem
967 5358 1111 5414 enim
1135 5367 1191 5415 et
1218 5359 1293 5414 illi
1320 5361 1556 5416 damnati
1584 5373 1725 5418 sunt.
1784 5364 1887 5419 Sed
1919 5382 2056 5436 quo-

461 5446 603 5502 niam
634 5448 914 5506 ineflabilis
941 5453 1112 5520 gratia
1135 5451 1232 5508 Dei
1260 5452 1377 5508 illas
1404 5454 1619 5524 quidem
1662 5457 1830 5512 malas
1858 5469 2051 5525 sectas,

459 5546 518 5594 et
535 5539 915 5611 blasphemias,
947 5551 1002 5599 et
1023 5543 1362 5614 discordiam,
1395 5556 1449 5603 et
1490 5549 1767 5603 audaciam
1795 5565 2048 5619 persona-

459 5645 599 5697 rum,
615 5639 670 5686 et
691 5631 1025 5701 divisionem,
1041 5636 1294 5705 praedicta
1317 5639 1736 5693 commonitione
1752 5639 1878 5711 [cd.,
1904 5657 2053 5696 com-

461 5721 718 5794 motione]
739 5723 1020 5802 destruens
1041 5725 1289 5781 liberavit
1317 5726 1608 5799 Egyptum
1634 5746 1648 5796 ;
1679 5731 2053 5800 relinqueban-

462 5819 554 5870 tur
581 5823 759 5870 autem
781 5830 900 5886 quae
923 5833 1022 5887 per
1048 5817 1397 5887 petulantiam
1428 5819 1623 5876 Meletii
1649 5832 1797 5889 gesta
1826 5834 1967 5890 sunt,
2001 5833 2055 5879 ct

2165 4639 2294 4692 etin
2315 4653 2380 4693 eo
2412 4637 2556 4708 quod
2583 4637 2758 4694 omnis
2777 4637 3027 4694 radicitus
3051 4641 3268 4698 hairesis
3294 4643 3480 4698 avulsa
3513 4655 3597 4708 est
3616 4665 3630 4710 ;
3652 4663 3764 4702 cum

2164 4728 2357 4796 majori
2385 4728 2592 4784 honore
2611 4739 2664 4783 et
2686 4731 2934 4800 ampliori
2962 4733 3226 4789 charitate
3256 4736 3515 4806 suscipite
3544 4739 3764 4792 commi-

2166 4822 2393 4874 nistrum
2437 4828 2712 4889 nostrum,
2739 4822 3046 4891 pontiﬁcem
3089 4833 3326 4880 vestrum
3375 4827 3760 4892 Alexandrum,

2166 4911 2257 4981 qui
2281 4925 2378 4966 nos
2400 4912 2682 4982 priescntia
2710 4928 2805 4966 sua
2847 4913 3156 4978 lzetilicavit,
3181 4924 3499 4988 tantumque
3529 4920 3762 4974 laborem

2167 5017 2264 5074 pro
2291 5017 2420 5074 pace
2451 5013 2629 5058 vestra
2677 5005 2836 5060 etiam
2881 5006 2932 5060 in
2969 5007 3069 5062 hac
3095 5016 3254 5064 aetate
3287 5011 3562 5082 sustinuit.
3605 5013 3762 5068 Orate

2165 5083 2325 5160 Simul
2352 5103 2407 5150 et
2428 5112 2526 5168 pro
2557 5097 2710 5152 nobis
2739 5099 3005 5168 omnibus,
3024 5107 3081 5156 ut
3110 5116 3227 5170 quae
3255 5103 3393 5158 bene
3419 5103 3759 5175 placuerunt,

2165 5184 2315 5240 firma
2343 5177 2691 5256 permaneant
2713 5206 2808 5260 per
2833 5191 3116 5264 Dominum
3139 5204 3378 5252 nostrum
3406 5195 3592 5260 Jesum
3617 5201 3762 5256 Chri-

2165 5284 2326 5349 stum,
2361 5279 2650 5335 secuudum
2675 5283 2874 5337 bonam
2902 5271 3234 5364 voluntatem
3265 5289 3398 5360 facta
3420 5332 3433 5355 ,
3468 5292 3628 5362 sicuti
3655 5308 3760 5348 cre-

2163 5367 2356 5436 dimus,
2386 5368 2478 5423 Dei
2510 5367 2685 5428 Patris
2716 5373 2767 5428 in
2799 5375 3002 5460 Spiritu
3029 5363 3236 5446 sancto,
3269 5381 3355 5436 cui
3381 5365 3462 5454 est
3493 5383 3668 5456 gloria
3706 5385 3758 5446 in

2159 5461 2374 5515 saecula.
2408 5461 2596 5518 Amen.

2287 5568 2530 5608 TRINITAS
2560 5571 3062 5614 CONSUBSTANTIALIS
3092 5578 3314 5640 JFTERNA
3348 5579 3478 5618 ΒΕυὲ
3512 5581 3632 5622 [ετ.

2227 5643 2642 5714 Tnnononews,
2672 5648 2758 5724 lib.
2786 5665 2824 5714 ι,
2857 5668 2904 5704 c.
2930 5649 2978 5705 9.
3017 5651 3158 5726 Edit.
3193 5654 3383 5728 C(irist.
3427 5656 3602 5714 Vales.
3626 5675 3675 5730 ς.
3699 5656 3752 5724 6,

2159 5752 2208 5812 ρ.
2231 5736 2713 5808 50.-80(;ιιΑΤΕ5,
2747 5742 2834 5796 lib.
2871 5759 2910 5811 ι,
2943 5761 3058 5824 cap.
3179 5745 3320 5826 fidit.
3347 5747 3536 5826 Citrist,
3576 5748 3748 5805 Vales.

2158 5843 2276 5896 cap.
2310 5828 2361 5891 9,
2387 5847 2437 5898 p.
2474 5829 2562 5904 27.
