4006 6466
225 287 347 360 954$

847 405 1075 478 canor
1113 406 1249 474 XIII.

229 494 404 564 Quod
429 493 847 566 Nepotianorum
872 501 1169 570 episcopum
1193 501 1430 556 Acesium
1450 504 1676 562 evocarit
1705 503 1844 570 Con-

203 590 209 618 ε
721 569 978 636 stantinus
1000 569 1067 648 ad
1094 572 1385 626 concilium.

306 701 397 758 Ex
440 702 542 760 hac
568 703 726 773 igitur
744 705 974 775 epistola
995 704 1183 776 synodi
1227 703 1567 760 manifestum
1599 714 1682 763 est
1719 708 1844 776 quia

227 809 346 850 non
378 796 559 852 solum
584 796 773 852 Arium
811 805 866 852 et
889 805 1171 854 consortes
1214 799 1330 865 ejus
1355 798 1846 854 anathematizave-

227 897 384 953 runt,
420 889 518 944 sed
540 890 702 945 etiam
724 891 888 948 verba
917 899 1078 946 secta:
1107 891 1304 960 ipsius;
1329 899 1384 944 et
1403 890 1525 958 quia
1548 889 1614 944 de
1640 889 1843 945 Pascha

225 983 662 1052 concordantes,
703 983 1112 1039 haeresiarcham
1151 983 1422 1042 Meletium
1471 990 1842 1052 susceperunt.

225 1069 634 1141 Movetauteur
653 1088 741 1128 me
764 1075 941 1128 fervor
962 1072 1322 1143 imperatoris,
1353 1073 1516 1127 etiam
1544 1087 1613 1127 ex
1655 1071 1760 1126 alia
1785 1086 1845 1127 re

223 1161 351 1231 ejus
380 1164 681 1220 voluntatis
709 1164 908 1220 habere
942 1167 1282 1232 memoriam,
1309 1173 1366 1218 et
1393 1164 1846 1235 quemadmodum

224 1269 333 1323 pro
369 1255 670 1309 concordia
699 1255 990 1324 cogitabat.
1038 1255 1256 1310 Habeas
1285 1255 1428 1310 enim
1455 1254 1845 1324 providentiam

223 1344 387 1414 pacis
419 1342 810 1413 Ecclesiarum,
845 1345 1056 1401 vocavit
1093 1344 1160 1418 ad
1209 1345 1472 1416 synodum
1513 1352 1567 1399 et
1594 1344 1846 1401 Acesium

223 1435 670 1504 Novatianorum
702 1437 975 1505 religionis
1013 1436 1344 1506 episcopum.
1403 1434 1689 1514 Postquam
1717 1450 1844 1504 ergo

222 1531 439 1612 scripta
475 1538 529 1596 et
551 1530 850 1605 subscripta
879 1539 962 1594 est
989 1545 1020 1586 a
1046 1529 1277 1585 concilio
1304 1528 1427 1583 ﬁdei
1455 1527 1723 1592 deﬁnitio,
1757 1543 1842 1600 re-

221 1621 464 1689 quisivit
491 1621 784 1691 imperator
812 1621 1096 1688 Acesium,
1127 1621 1172 1675 si
1199 1628 1254 1676 et
1275 1620 1390 1688 ipse
1433 1619 1764 1676 consentiret
1790 1618 1842 1672 in

227 1711 340 1767 ﬁde
393 1720 460 1767 et
490 1711 759 1782 paschalis
803 1711 1117 1767 deﬁnitione
1142 1712 1465 1768 festivitatis.
1501 1711 1570 1765 At
1597 1710 1723 1764 ille:
1753 1709 1844 1764 Ni-

1350 286 1667 364 HISTQRIA
1705 296 2142 368 TNPAITITA.
2185 297 2387 364 LIBER
2413 291 2474 359 ΙΙ.

1873 423 1920 488 Α
1949 413 2034 480 via
2061 411 2345 484 synodum,
2376 420 2432 476 et
2459 411 2615 478 donis
2640 413 3070 487 competentibus
3090 417 3396 480 honoravit.
3422 421 3534 476 Ad-

3431 305 3542 369 9M

1947 507 2274 576 monitisque
2315 504 2385 560 de
2432 508 2717 570 concordia
2766 509 2926 579 ﬁdei,
2974 521 3029 566 et
3075 512 3344 571 communi
3399 513 3539 569 inter

1947 603 2234 662 alterutros
2258 614 2410 672 pace,
2441 601 2609 670 petita
2648 602 2713 656 ab
2740 605 2819 658 eis
2844 605 3109 670 oratione,
3139 607 3390 668 valedixit
3417 608 3536 662 uni-

1944 695 2114 754 versis
2143 694 2196 748 in
2240 693 2417 754 Nicaea
2446 710 2460 749 :
2491 693 2732 750 scribens
2762 697 3072 756 absentibus
3111 715 3230 769 quae
3260 699 3459 757 fuerint
3484 701 3539 756 in

1946 787 2174 846 concilio
2221 787 2508 854 celebrata,
2539 796 2593 844 et
2620 788 2852 845 invitans
2884 798 2954 845 ut
3001 793 3069 846 ab
3099 794 3244 848 omni
3273 793 3539 850 discordia

1944 881 2280 943 recedentes,
2313 880 2706 938 eoneordarent
2751 882 2805 936 in
2852 884 3096 951 exposita
3142 885 3355 940 concilii
3403 884 3540 953 iide;

1946 987 2067 1041 qua:
2094 972 2225 1025 nihil
2250 971 2395 1026 aliud
2424 972 2524 1027 nisi
2567 972 2663 1027 Dei
2706 974 2971 1027 sententia
3010 974 3282 1030 videretur
3307 992 3373 1032 ex
3405 994 3539 1033 con-

1950 1063 2200 1118 sonantia
2235 1071 2502 1122 tantorum
2525 1072 2580 1118 et
2624 1065 2805 1120 talium
2836 1065 3177 1124 sacerdotum
3205 1077 3392 1124 sancto
3423 1069 3544 1141 Spi-

1947 1156 2056 1211 ritu
2110 1157 2443 1227 constituta,
2496 1165 2549 1212 et
2605 1165 2726 1227 post
2794 1158 3191 1226 inquisitionem
3257 1162 3540 1218 subtilissi-

1947 1264 2130 1313 mam,
2182 1257 2237 1304 et
2279 1250 2794 1306 animadversionem
2856 1251 3247 1308 dubitationum
3301 1256 3544 1313 omnium

1948 1341 2318 1409 comprobata.
2358 1341 2664 1405 Soranum,
2697 1341 2787 1396 lib.
2837 1359 2885 1410 ι,
2911 1361 3027 1416 cap.
3053 1344 3143 1402 ‘23.
3173 1346 3320 1404 Edit.
3351 1349 3540 1404 Christ.

1957 1432 2134 1489 Vales.
2161 1451 2276 1502 cap.
2309 1432 2401 1502 25,
2429 1453 2478 1505 p.
2506 1433 2631 1489 458.

2453 1567 2608 1638 231
2648 1566 2876 1624 CAPUT
2915 1569 3026 1628 xv.

2091 1681 2333 1754 Epistula
2364 1653 2694 1740 Constantini
2723 1686 2785 1742 de
2809 1688 2933 1744 Aria
2961 1697 3011 1744 et
3041 1692 3246 1760 scriptis.
3270 1691 3400 1762 ejus.

221 1801 322 1867 hil,
359 1802 567 1872 inquit,
597 1802 741 1868 novi,
774 1818 807 1857 ο
834 1803 1146 1871 imperator,
1189 1800 1426 1872 synodus
1465 1800 1723 1858 delinivit.
1753 1800 1844 1855 Sic
1875 1802 1922 1863 B
2021 1798 2210 1853 Victor
2238 1798 2624 1857 Constantinus
2652 1802 2940 1873 maximus,
2971 1804 3256 1875 Augustus,
3280 1807 3548 1878 episcOpis

222 1894 380 1949 enim
410 1893 546 1950 olim
567 1903 622 1950 et
648 1910 680 1950 a
702 1893 1032 1963 temporibus
1062 1894 1432 1962 apostolorum
1465 1893 1580 1961 ipse
1625 1891 1845 1962 percepi

221 1994 284 2043 et
332 1986 636 2044 terminum
679 1983 822 2049 ﬁdei,
859 1991 914 2042 et
942 1991 1154 2052 tempus
1205 1982 1477 2052 paschalis
1519 1982 1841 2038 festivitatis.

222 2074 414 2134 Porro
453 2076 634 2148 denuo
661 2076 987 2145 imperatore
1035 2074 1391 2143 requirente:
1425 2074 1532 2130 Cur
1561 2087 1688 2142 ergo
1715 2082 1768 2128 te
1813 2089 1843 2128 a

221 2167 622 2222 communione
661 2167 916 2235 separas?
943 2165 1033 2219 ille
1073 2181 1138 2221 ea
1174 2179 1294 2233 quae
1341 2164 1438 2219 sub
1479 2164 1642 2220 Decio
1694 2172 1844 2232 gesta

219 2267 376 2318 sunt
393 2259 791 2330 persecutionis
817 2266 1060 2328 tempore
1090 2258 1385 2328 replicavit,
1409 2267 1465 2312 et
1495 2259 1844 2318 subtilitatem

220 2351 606 2408 acerbissima:
658 2351 858 2422 regulae
906 2350 1126 2412 deduxit
1153 2350 1221 2405 ad
1266 2350 1499 2406 medium
1530 2367 1541 2402 :
1570 2351 1696 2420 quia
1736 2366 1843 2406 non

221 2451 494 2514 oporteat
522 2458 617 2500 eos
663 2443 754 2513 qui
796 2451 921 2513 post
965 2443 1229 2513 baptisma
1271 2449 1496 2511 peccant
1561 2451 1844 2512 peccatum

223 2536 381 2606 quod
408 2535 478 2590 ad
506 2545 736 2604 mortem
765 2551 886 2591 esse
931 2534 1224 2604 Scriptura:
1253 2533 1443 2590 divina:
1469 2535 1842 2604 pronuntiant,

221 2627 729 2682 communicatione
756 2637 1216 2682 sacramentorum
1239 2626 1354 2680 ﬁeri
1377 2627 1566 2694 dignos
1594 2644 1608 2692 ;
1637 2626 1730 2682 sed
1762 2627 1842 2680 in—

223 2721 488 2776 vitandos
534 2720 750 2790 quidem
795 2719 861 2774 ad
890 2719 1284 2788 pmtiitentiam,
1319 2734 1468 2787 spem
1492 2735 1621 2774 vero
1649 2719 1842 2774 remis—

223 2810 405 2867 sionis
421 2825 532 2868 non
560 2826 592 2865 a
612 2809 1002 2876 sacerdotibus,
1025 2809 1119 2865 sed
1135 2826 1163 2864 a
1178 2809 1289 2864 Deo
1319 2809 1658 2866 solummodo
1682 2813 1840 2868 susti-

223 2918 388 2966 nere,
409 2902 508 2970 qui
520 2910 846 2972 potestatem
860 2901 1023 2956 habet
1032 2908 1255 2970 peccata
1271 2903 1562 2958 remittere.
1583 2902 1709 2957 Hmc
1722 2919 1844 2958 cum

233 2995 476 3052 dixisset
505 2995 749 3059 Acesius,
779 2995 1070 3064 imperator
1116 2994 1190 3048 ait
1224 3012 1233 3046 :
1266 2993 1310 3047 0
1356 2993 1532 3059 Acesi,
1564 3011 1703 3066 pone
1729 3011 1847 3051 sca-

233 3086 372 3148 lam,
393 3093 470 3149 et,
502 3086 546 3138 si
575 3094 752 3154 potes,
785 3083 1014 3139 ascende
1060 3084 1206 3140 solus
1249 3086 1300 3138 in
1343 3086 1552 3140 cmlum.
1589 3084 1714 3141 Haec
1746 3102 1846 3141 nec

1950 1902 2005 1947 et
2030 1892 2252 1962 populo.

2019 1984 2284 2053 Malignos
2317 1992 2373 2040 et
2411 1984 2606 2056 impios
2635 1985 2794 2042 Arius
2832 1986 3099 2054 imitatus,
3130 1987 3349 2057 dignum
3377 2000 3459 2045 est
3488 1999 3546 2048 ut

1946 2075 2159 2142 illoﬁm
2191 2092 2406 2149 quoque
2432 2078 2689 2148 suscipiat
2717 2079 2997 2136 ultionem.
3044 2080 3198 2137 Sicut
3232 2096 3361 2149 ergo
3406 2082 3543 2138 Por-

1951 2167 2174 2238 phyrius
2219 2168 2411 2222 divina:
2457 2170 2674 2238 pietatis
2725 2171 3010 2246 inimicus,
3054 2173 3235 2241 iniqua
3273 2174 3543 2234 volumina

1948 2269 2135 2314 contra
2163 2260 2477 2326 religionem
2504 2263 2806 2331 proferens,
2830 2263 3043 2332 dignam
3074 2266 3370 2334 promeruit
3397 2267 3544 2320 inve-

1947 2351 2064 2404 nire
2088 2349 2410 2415 mercedem,
2438 2361 2492 2405 et
2517 2353 2676 2407 talem
2708 2368 2805 2423 per
2832 2370 2991 2423 quam
3023 2355 3074 2408 in
3103 2365 3380 2424 posterum
3402 2366 3544 2412 esset

1946 2443 2261 2512 opprobrio,
2303 2451 2358 2498 et
2387 2443 2616 2513 plurima
2645 2445 3009 2515 compleretur
3035 2445 3270 2501 infamia.
3304 2446 3370 2501 Et
3400 2463 3543 2503 nunc

1945 2536 2146 2606 placuit
2175 2535 2358 2590 Arium
2397 2544 2452 2590 et
2490 2545 2895 2596 eonsectatores
2935 2537 3050 2606 ejus
3088 2541 3270 2594 vocari
3299 2540 3543 2612 Porphy-

1946 2627 2155 2692 rianos;
2202 2634 2260 2680 ut
2287 2643 2518 2695 quorum
2548 2643 2726 2683 mores
2755 2629 2946 2683 imitati
2977 2639 3128 2694 sunt,
3163 2647 3348 2686 eorum
3378 2648 3541 2688 voca-

1945 2717 2074 2771 bulo
2103 2716 2470 2785 perfruantur.
2510 2717 2683 2787 Super
2713 2719 2826 2775 haec
2855 2729 3057 2787 autem,
3088 2721 3132 2776 si
3168 2738 3271 2790 qua
3300 2725 3539 2778 conscri-

1947 2808 2061 2876 ptio
2109 2808 2176 2860 ab
2214 2807 2342 2862 Ario
2374 2808 2508 2863 facta
2548 2811 2835 2878 reperitur,
2866 2811 2974 2878 igni
3013 2812 3288 2879 tradatur;
3330 2823 3390 2869 ut
3432 2832 3544 2873 non

1947 2898 2120 2952 solum
2151 2913 2316 2966 prava
2360 2898 2476 2966 ejus
2514 2900 2760 2955 doctrina
2791 2901 3076 2970 depereat,
3109 2904 3200 2958 sed
3229 2919 3404 2972 neque
3432 2906 3540 2966 ulla

1954 2989 2070 3057 ejus
2099 2989 2306 3058 possint
2336 3005 2618 3046 remanere
2647 3002 2972 3048 commenta.
3021 2993 3138 3050 Hoc
3167 2997 3327 3051 etiam
3357 2999 3533 3066 praeci-

1950 3080 2072 3150 pio,
2111 3079 2156 3133 si
2193 3081 2313 3148 quis
2351 3082 2780 3150 conseriptiones
2823 3083 2937 3139 Arii
2983 3086 3186 3141 celasse
3233 3097 3540 3157 compertus

225 3176 508 3232 Eusebius
534 3175 820 3246 Pamphili,
846 3192 945 3232 nec
967 3177 1056 3230 alii
1079 3177 1352 3234 dixerunt.
1377 3177 1488 3246 Ego
1518 3193 1646 3234 vero
1668 3179 1845 3233 audiri
1875 3168 1918 3230 C
1949 3169 2142 3236 fuerit,
2177 3180 2230 3224 el
2260 3187 2368 3226 n0"
2395 3181 2620 3241 τερθιιιθ
2657 3175 2938 3243 ντοΐθτεηε
2967 3178 3087 3245 igne
3123 3181 3538 3248 consumpserit.

222 3269 396 3324 aviro
426 3282 763 3342 nequaquam
785 3268 1110 3330 mentiente,
1141 3269 1230 3338 qui
1261 3277 1314 3323 et
1349 3269 1500 3326 valde
1522 3285 1688 3326 senex
1705 3281 1839 3338 erat,

221 3369 281 3418 et
311 3372 570 3428 tanquam
601 3360 689 3428 qui
719 3359 926 3415 viderat
952 3374 1014 3414 ea
1041 3374 1158 3429 quae
1182 3360 1393 3415 fuerant
1419 3361 1472 3420 in
1502 3362 1732 3416 concilio
1751 3376 1843 3430 geg-

224 3463 308 3512 sta
342 3453 635 3510 referebat.
668 3452 969 3518 Socnnss,
1019 3453 1110 3508 lib.
1144 3469 1191 3518 ι,
1231 3471 1344 3518 cap.
1379 3454 1431 3508 6.
1457 3452 1601 3508 Edit.
1645 3452 1838 3513 Christ.

233 3544 417 3600 Vales.
444 3560 563 3614 cap.
591 3543 644 3610 9,
671 3560 726 3614 p.
761 3541 849 3598 29.

833 3684 1062 3742 CAPUT
1101 3684 1236 3740 XIV.

229 3799 383 3866 Quod
407 3802 1064 3875 canonesecclesiasticiin
1107 3800 1289 3875 {Vica‘a
1320 3804 1600 3875 conscripti
1642 3804 1764 3871 sint,
1787 3812 1838 3858 et

618 3874 680 3927 de
716 3871 1081 3927 Vicennalibus
1105 3871 1458 3928 Constantini.

297 4009 552 4081 Synodus
579 4017 757 4066 autem
789 4010 1059 4079 corrigere
1083 4010 1270 4066 volens
1314 4011 1590 4066 hominum
1641 4011 1826 4080 vitam,

225 4107 282 4154 et
307 4100 361 4154 in
389 4101 632 4156 ecclesiis
657 4103 1130 4170 commorantium,
1163 4104 1341 4172 posuit
1385 4103 1536 4169 leges
1576 4117 1710 4171 quas
1752 4117 1835 4156 ca-

227 4209 402 4250 nones
428 4194 784 4264 appellamus.
820 4194 877 4249 ln
919 4211 1148 4262 quorum
1180 4201 1407 4250 tractatu
1429 4195 1708 4250 videbatur
1736 4195 1834 4250 ali-

227 4287 424 4355 quibus
477 4286 819 4340 introducere
869 4287 1040 4353 legem
1067 4325 1081 4348 ,
1115 4294 1174 4340 ut
1217 4287 1474 4354 episcopi,
1511 4285 1827 4354 presbyteri,

227 4376 448 4432 diaconi
475 4384 532 4430 et
550 4376 865 4430 subdiaconi
896 4392 1014 4430 cum
1046 4375 1364 4443 conjugibus
1394 4390 1526 4443 quas
1548 4385 1674 4430 ante
1701 4390 1831 4428 con-

225 4467 589 4522 secrationem
612 4466 895 4530 duxerant,
915 4481 1024 4520 non
1053 4465 1366 4519 dormirent.
1391 4450 1624 4533 Sui-gens
1652 4472 1829 4518 autem

1949 3263 2137 3326 mortis
2165 3263 2424 3332 supplicio
2453 3263 2769 3333 subjacebit.
2800 3265 2925 3324 Mox
2954 3268 3097 3324 enim
3126 3277 3185 3328 ut
3211 3270 3264 3324 in
3295 3270 3396 3324 hoc
3422 3270 3534 3326 fue-

1945 3357 2016 3412 rit
2061 3366 2269 3427 captus,
2301 3358 2589 3427 capitalem
2636 3360 2892 3430 suscipiet
2939 3360 3220 3418 ultionem.
3273 3362 3412 3422 Deus
3439 3377 3538 3422 vos

1943 3449 2228 3514 custodiat.
2286 3450 2476 3528 Amen.
2528 3451 2844 3518 SOCRATES,
2895 3454 2984 3509 lib.
3028 3471 3066 3522 ι,
3116 3472 3230 3525 cap.
3272 3454 3330 3513 6.
3389 3453 3535 3512 Edit.

1944 3540 2134 3598 Christ.
2179 3540 2354 3596 Vales.
2383 3556 2506 3616 gap.
2539 3542 2626 3610 15,
2659 3563 2710 3616 p.
2740 3544 2829 3598 52.

2529 3677 2762 3734 CAPUT
2797 3677 2936 3735 XVI.

1940 3769 2193 3845 Ejusdem
2223 3772 2442 3842 epistola
2485 3771 2862 3845 additisebium
2905 3770 3207 3845 Palmstina:
3249 3773 3312 3827 de
3357 3778 3531 3845 confe-

2012 3843 2180 3894 ctione
2209 3859 2479 3897 sacrorum
2505 3842 2775 3909 librorum,
2805 3853 2855 3896 et
2882 3843 2946 3896 de
2977 3845 3341 3913 repurgalione
3369 3842 3524 3898 donti-

2010 3914 2113 3966 nici
2142 3915 2381 3983 sepulcri.

2010 4003 2197 4059 Victor
2224 4005 2612 4060 Constantinus
2637 4005 2923 4070 maximus,
2956 4005 3099 4070 Pius,
3133 4005 3368 4062 Eusebio

2012 4092 2083 4149 Ut
2112 4094 2164 4167 in
2206 4097 2376 4148 nostri
2424 4096 2652 4162 nominis
2691 4096 2904 4152 civitate
2939 4097 3317 4163 cognovimus,
3349 4098 3528 4152 Salva-

1937 4185 2070 4240 toris
2103 4186 2192 4239 Dei
2227 4187 2394 4240 nostri
2438 4186 2801 4255 prospiciente
2848 4187 3063 4254 solatio,
3096 4188 3327 4244 maxima
3359 4188 3528 4242 horni-

1939 4291 2063 4327 num
2093 4275 2379 4330 multitudo
2407 4275 2760 4330 sanctissimm
2805 4291 2864 4330 se
2902 4276 3101 4330 dicavit
3138 4275 3430 4344 Ecclesiae;
3472 4289 3530 4334 ut

1937 4364 2042 4419 hoc
2074 4374 2352 4420 cremento
2385 4367 2539 4422 valde
2576 4366 2920 4436 proliciente,
2957 4367 3172 4436 dignum
3202 4383 3319 4423 esse
3348 4369 3528 4423 videas

1941 4461 2024 4508 tur
2052 4456 2212 4509 etiam
2243 4456 2499 4510 ecclesias
2547 4459 2599 4510 in
2639 4472 2700 4510 ea
2740 4457 2920 4526 plures
2965 4457 3236 4514 aediﬁcari.
3282 4457 3527 4528 Quapro~

228 4558 282 4613 in
313 4555 496 4614 medio
543 4555 875 4626 Paphnutius
904 4556 1181 4612 confessor
1209 4556 1568 4620 contradixit,
1601 4556 1834 4622 honora-

1944 4554 2076 4617 pter,
2098 4547 2240 4616 quod
2261 4548 2433 4602 visum
2457 4557 2756 4604 estnostra:
2788 4549 3063 4614 voluntati,
3090 4549 3268 4614 decuit
3294 4565 3394 4608 nos
3422 4559 3526 4621 tua:

227 4647 365 4702 biles
394 4644 673 4702 confessus
701 4646 1005 4716 nuptias,et
1030 4647 1330 4701 castitatem
1353 4660 1469 4700 esse
1491 4646 1673 4714 dicens
1701 4660 1832 4700 con-

231 4737 472 4796 cubitum
503 4751 623 4790 cum
653 4737 871 4806 propria
899 4737 1150 4806 conjuge.
1184 4736 1472 4805 Suasitque
1503 4736 1730 4792 concilio
1760 4752 1828 4791 ne

232 4826 395 4884 talem
426 4837 656 4897 poneret
701 4828 872 4896 legem
900 4845 912 4882 :
942 4843 1157 4904 gravem
1191 4845 1439 4894 asserens
1469 4844 1588 4884 esse
1617 4845 1834 4884 causam

235 4934 355 4988 quae
383 4930 478 4976 aut
498 4921 626 4989 ipsis
652 4929 745 4976 aut
773 4937 959 4986 eorum
991 4923 1261 4991 jugalibus
1281 4923 1496 4979 occasio
1525 4923 1835 4980 fornicatio-

233 5009 314 5064 nis
337 5011 617 5070 existeret.
638 5011 706 5065 Et
722 5012 834 5067 haec
860 5013 1075 5082 quidem
1097 5013 1452 5084 Paphnutius,
1470 5014 1593 5069 licet
1621 5016 1833 5085 nuptia-

229 5115 346 5155 rum
377 5111 522 5158 esset
551 5103 880 5174 inexpertus,
911 5106 1180 5174 exposuit.
1213 5104 1566 5176 Synodusque
1594 5106 1831 5174 laudavit

228 5194 549 5248 sententiam
597 5193 733 5262 ejus,
763 5205 820 5250 et
867 5197 996 5250 nihil
1038 5213 1104 5251 ex
1136 5197 1236 5251 hac
1273 5204 1425 5266 parte
1454 5197 1709 5262 sancivit;
1735 5197 1831 5252 sed

229 5279 409 5336 hocin
452 5285 873 5355 uniuscujusque
917 5287 1224 5352 voluntate,
1256 5303 1361 5350 non
1407 5287 1458 5341 in
1506 5289 1829 5343 necessitate

230 5368 442 5428 dimisit.
474 5373 770 5441 Sozousn.,
804 5359 893 5429 lib.
919 5393 957 5444 ι,
981 5393 1096 5444 cap.
1122 5377 1208 5429 ‘29..
1228 5376 1368 5430 Edit.
1399 5376 1590 5431 Christ.
1625 5377 1823 5446 Vales.,

229 5478 274 5515 c.
303 5462 390 5532 25,
421 5485 472 5538 p.
499 5467 622 5524 457.
642 5502 715 5512 —
740 5468 835 5536 llis
866 5485 896 5523 a
926 5471 1152 5524 concilio
1182 5471 1254 5524 ita
1284 5471 1574 5543 dispositis,
1605 5471 1829 5540 contigit

231 5554 522 5615 vicennalia
543 5561 880 5618 Constantini
905 5563 1160 5633 principis
1187 5562 1488 5634 provenire.
1522 5545 1586 5616 Et
1606 5572 1689 5618 est
1703 5579 1829 5624 eon-

231 5652 452 5706 suetudo
483 5653 871 5724 Romanorum,
903 5657 1322 5727 unumquodque
1369 5656 1687 5712 decennium
1720 5658 1822 5711 im-

231 5753 534 5810 peratorum
562 5747 772 5816 publica
797 5747 1089 5803 devotione
1118 5747 1412 5802 celebrare.
1445 5746 1820 5819 Opportunum

234 5847 356 5903 ergo
380 5833 621 5904 judicans
645 5837 1028 5897 Constantinus
1049 5880 1064 5909 ,
1095 5837 1340 5894 invitavit
1371 5847 1495 5894 tunc
1540 5838 1607 5895 ad
1634 5841 1819 5910 convi-

1936 4652 2119 4698 notum
2142 4642 2320 4698 facere
2337 4643 2634 4714 sapientia},
2670 4651 2932 4714 quatenus
2953 4644 3336 4714 quinquaginta
3354 4659 3523 4708 mem-

1935 4738 2238 4792 branaceos
2267 4735 2486 4791 codices
2513 4735 2651 4790 bene
2680 4733 2982 4801 confectos,
3014 4744 3070 4790 et
3095 4736 3158 4788 ad
3193 4751 3342 4792 usum
3373 4737 3523 4790 habi-

1933 4830 2030 4895 les,
2058 4831 2121 4883 ab
2145 4829 2436 4884 artiﬁcibus
2458 4829 2790 4897 antiquariis,
2816 4836 2869 4882 et
2899 4807 3130 4898 perfecte
3159 4837 3328 4883 artem
3352 4829 3524 4896 scien-I

1939 4923 2079 4976 tibus
2103 4923 2263 4978 scribi
2300 4923 2612 4992 prmcipias,
2654 4921 2950 4977 divinarum
2993 4921 3190 4991 quippe
3217 4920 3522 4989 Scriptura-

1935 5029 2084 5079 rum,
2119 5029 2343 5082 quarum
2374 5014 2608 5068 maxime
2642 5012 3035 5078 coniectionem
3069 5021 3122 5067 et
3152 5028 3304 5067 usum
3333 5027 3522 5066 neces-

1934 5105 2132 5160 sarium
2158 5104 2408 5160 Ecclesiis
2430 5119 2548 5159 esse
2571 5103 2731 5160 nosti.
2764 5103 2989 5159 Direcue
3008 5111 3133 5158 sunt
3159 5102 3301 5160 enim
3333 5102 3522 5164 littera:

1935 5211 1964 5250 a
1995 5204 2175 5250 nostra
2206 5196 2590 5264 tranquillitate
2618 5195 2684 5250 ad
2713 5195 3002 5270 provincia:
3023 5193 3256 5262 judicem
3281 5233 3296 5260 ,
3337 5201 3520 5260 quatc~

1933 5303 2034 5342 nus
2084 5288 2264 5342 omnia
2313 5286 2638 5343 confectioni
2695 5302 2881 5342 eorum
2931 5284 3234 5350 necessaria
3283 5284 3520 5352 prabero

1932 5387 2103 5435 curet.
2139 5378 2208 5434 Ut
2233 5381 2372 5434 enim
2403 5381 2562 5435 citius
2586 5380 2802 5436 codices
2828 5377 3118 5446 conscripti
3146 5375 3518 5450 conﬁciantur,

1933 5472 2033 5525 erit
2055 5487 2188 5542 opus
2209 5473 2496 5542 diligentiae
2524 5482 2646 5528 tum.
2679 5471 2811 5525 Nam
2833 5478 2886 5526 et
2910 5469 3016 5536 duo
3047 5469 3258 5547 publica
3277 5467 3521 5530 vehicula

1929 5562 1996 5617 ad
2024 5563 2339 5619 deterendos
2371 5580 2466 5619 eos
2496 5579 2561 5618 ex
2604 5562 2923 5617 auctoritate
2962 5560 3209 5638 rescripti
3251 5559 3422 5638 nostri
3467 5567 3519 5640 te

1928 5656 2206 5726 percipere
2233 5654 2505 5730 convenit.
2556 5653 2645 5706 Sic
2688 5652 2829 5705 enim
2876 5659 2930 5706 et
2956 5652 3192 5722 maxime
3221 5652 3358 5705 bene
3387 5665 3518 5728 con;

1925 5748 2108 5818 scripti
2134 5763 2300 5818 usque
2326 5746 2391 5801 ad
2423 5754 2660 5799 nostrum
2690 5745 3050 5816 perducentur
3078 5754 3376 5816 aspectum,
3408 5757 3519 5818 unq

1923 5838 2119 5908 quippe
2157 5846 2261 5892 tuae
2288 5833 2538 5892 Ecclesiae
2585 5835 2691 5920 hoc
2731 5844 3062 5920 exsequente
3109 5837 3373 5920 diacono;
3419 5836 3514 5910 qui
