4006 6462
1721 296 1791 354 Μ.
1831 293 2115 356 AUBELII
2144 294 2540 355 CASSIODORI

3664 294 3774 355 986

470 407 599 463 dum
626 406 693 464 ad
723 418 824 465 nos
870 405 1110 475 venerit,
1154 405 1463 478 experietur
1503 414 1703 464 nostrae
1740 410 2057 467 muniﬁcen-
2086 412 2144 476 Α
2239 410 2337 467 Hic
2358 411 2572 480 quidem
2595 408 2808 465 libellus
2827 415 2911 465 est
2929 408 3256 467 reversionis
3276 408 3496 466 Eusebii
3519 416 3577 465 et
3600 408 3776 467 Theo-

474 500 603 555 tiam
632 500 864 569 pietatis.
896 500 1035 555 Deus
1064 500 1338 557 custodiat
1367 510 1439 566 te,
1473 502 1639 557 frater
1663 504 1998 559 charissime.

543 587 827 645 Sulliciunt
854 590 1073 659 quidem
1104 592 1217 647 haec
1243 591 1311 648 ad
1332 590 1758 661 conjiciendum,
1789 595 1957 663 magis
1980 611 2075 650 au-

473 689 582 737 tem
610 692 797 752 aperte
826 684 1179 750 noscendum,
1201 685 1656 756 quemadmodum
1684 686 2075 744 faliiosissimus

472 772 766 844 imperator
817 790 974 829 suum
1027 776 1263 831 studium
1316 777 1458 833 circa
1512 793 1665 833 sacra
1712 780 2072 834 constituerit.

470 863 723 921 Attamen
780 866 1033 937 adjiciam
1074 882 1195 938 quze
1232 868 1398 925 etiam
1440 870 1585 926 circa
1632 870 1870 927 salutare
1898 871 2077 943 sepul-

470 972 622 1014 crum
650 960 899 1029 gesserit.

546 1053 861 1124 Agnoscens
890 1055 1032 1111 enim
1059 1055 1317 1125 quoniam
1345 1054 1503 1123 elati,
1549 1064 1604 1111 et
1633 1056 1778 1112 circa
1805 1056 2075 1112 culturam

471 1143 801 1201 bacchantes
846 1145 1153 1212 idolorum,
1204 1146 1513 1215 sepulcrum
1564 1145 1774 1200 Domini
1827 1145 2076 1201 sordibus

476 1247 804 1307 aperuerant
836 1256 849 1292 :
884 1238 1139 1294 oblivioni
1185 1238 1399 1293 tradere
1446 1238 1841 1294 contendentes
1869 1254 2077 1293 memo-

474 1328 613 1385 riam
640 1330 931 1385 salutarem
962 1346 977 1397 ;
1022 1338 1077 1384 et
1114 1328 1344 1399 desuper
1383 1330 1640 1399 templum
1679 1331 2078 1385 :edilicaverant

477 1420 920 1476 luxuriosissime
947 1420 1231 1487 daemonis,
1271 1419 1322 1475 id
1359 1429 1442 1475 est
1469 1419 1712 1487 Veneris,
1745 1432 1806 1475 ut
1834 1422 1942 1477 illic
1967 1422 2076 1475 vir-

478 1512 661 1581 ginum
690 1512 935 1567 cantibus
968 1512 1323 1579 insultarent;
1364 1513 1617 1583 praecepit
1656 1512 1859 1567 destrui
1898 1512 2073 1567 scele-

476 1603 804 1659 ratissimum
848 1603 1103 1675 templum
1130 1646 1145 1673 ,
1189 1605 1471 1676 ipsumque
1520 1605 1796 1674 pulverem
1848 1604 2076 1659 funestis

473 1694 752 1750 sacrificiis
772 1694 1031 1750 violatum
1052 1695 1197 1764 ejici,
1219 1704 1273 1749 et
1294 1695 1481 1765 procul
1506 1711 1535 1749 a
1563 1695 1782 1750 civitate
1804 1694 2072 1765 dispergi;

2184 504 2348 571 gonii.
2378 503 2451 558 Ex
2472 505 2651 559 verbis
2681 514 2857 558 autem
2886 505 3003 573 ejus
3034 505 3262 572 conjicio
3291 506 3415 576 quia
3447 505 3535 559 isti
3567 504 3776 572 quidem

2183 592 2397 649 dictata:
2450 595 2572 650 ﬁdei
2619 596 3091 666 subscripserunt,
3126 596 3455 651 damnationi
3496 611 3629 650 vero
3674 596 3777 651 Arii

2182 688 2490 743 consentire
2521 689 2828 743 noluerunt.
2863 687 2940 741 Ex
2971 704 3078 757 quo
3108 696 3164 743 et
3192 690 3350 743 Arius
3377 696 3507 742 ante
3536 689 3673 743 istos
3696 704 3775 743 re-

2182 789 2402 837 vocatus
2425 784 2755 851 agnoscitur.
2787 781 2894 837 Sed
2918 783 3046 837 licet
3068 783 3171 837 hoc
3194 784 3268 836 ita
3293 797 3351 837 se
3377 782 3584 836 habere
3606 780 3777 835 videa-

2180 881 2286 939 tur,
2312 882 2491 929 tamen
2516 873 2901 929 Alexandriam
2929 874 3187 929 accedere
3209 874 3515 943 prohibitus
3534 881 3640 927 est.
3670 871 3775 928 Hoc

2180 974 2359 1021 autem
2388 968 2690 1021 ostenditur
2711 982 2777 1022 ex
2805 966 2921 1037 ejus
2949 966 3366 1035 cogitationibus
3384 1005 3399 1028 ,
3431 981 3568 1036 quas
3598 976 3775 1034 postea

2180 1058 2400 1113 molitus
2450 1060 2758 1125 invenitur,
2800 1060 3056 1126 ligmento
3094 1076 3203 1114 sua:
3243 1060 3578 1129 pmuitentiae
3602 1098 3619 1123 ,
3649 1059 3775 1112 sicut

2180 1160 2485 1220 opportune
2512 1151 2751 1217 patefiet.
2796 1151 3096 1217 Socnarns,
3131 1153 3219 1206 lib.
3253 1168 3305 1220 ι,
3341 1170 3459 1222 cap.
3496 1150 3585 1206 lO.
3635 1148 3770 1204 Edit.

2180 1240 2473 1314 ChristOph.
2518 1242 2689 1299 Vales.
2725 1260 2842 1313 cap.
2875 1242 2971 1309 M,
3004 1262 3055 1313 ρ.
3086 1243 3175 1297 45.

2644 1382 2805 1451 232
2841 1378 3071 1434 CAPUT
3110 1379 3295 1434 xvul.

2179 1470 2258 1526 De
2286 1472 2611 1526 dedicatione
2647 1480 2695 1525 et
2725 1474 3042 1527 ornamentis
3070 1474 3314 1538 civitatis,
3344 1477 3393 1523 et
3423 1470 3488 1523 de
3516 1471 3658 1523 αιιιιι
3688 1470 3772 1524 Je-

2249 1545 2659 1613 rasolymorum,
2684 1553 2751 1614 iet
2793 1546 2932 1613 ligno
2976 1545 3172 1608 crucis,
3211 1554 3363 1614 atque
3400 1541 3563 1595 clavis
3604 1542 3776 1611 quibus

2252 1616 2541 1684 transﬁxus
2564 1623 2640 1669 est
2668 1613 2947 1669 Dominus.

2252 1705 2552 1775 Imperator
2591 1707 2795 1762 interea
2844 1714 2969 1776 post
3006 1704 3293 1761 concilium
3336 1704 3567 1773 degebat
3612 1708 3776 1759 hctus.

474 1784 669 1841 deinde
693 1786 992 1841 sacrarium
1020 1786 1272 1841 mdilicari
1302 1786 1415 1844 Deo
1443 1788 1736 1842 maximum
1766 1796 1927 1857 atque
1954 1787 2075 1858 pul-
2113 1808 2156 1868 Β
2184 1796 2468 1852 Celebrata
2499 1812 2628 1867 ergo
2666 1796 2957 1852 festivitate
2992 1796 3204 1866 publica
3243 1796 3621 1851 Vicennalium
3658 1812 3779 1851 suo.

424 1930 435 1939 ,
474 1879 822 1946 cherrimum,
853 1881 992 1936 sicut
1022 1881 1334 1951 designatur
1364 1899 1433 1937 ex
1463 1882 1581 1951 ejus
1609 1883 1835 1952 epistola
1866 1883 1932 1937 ad
1962 1882 2077 1936 Ma-

479 1973 685 2028 carium
734 1974 902 2045 ipsius
932 1975 1162 2031 civitatis
1212 1977 1525 2047 episcopum
1558 1976 1847 2033 destinata.
1899 1976 2080 2034 Turo-

472 2079 738 2136 DOttETUS,
769 2068 858 2124 lib.
892 2086 929 2136 ι,
963 2086 1080 2137 cap.
1118 2069 1206 2134 16,
1239 2087 1292 2139 p.
1324 2068 1413 2123 45.
1774 2106 1798 2131 .
1930 2062 1983 2125 ⁸

1068 2199 1301 2256 CAPUT
1339 2201 1503 2257 XVII.

513 2312 741 2369 Libellus
769 2315 1087 2386 paenitentia:
1117 2314 1179 2385 ab
1211 2313 1435 2370 Eusebio
1463 2323 1512 2370 et
1544 2315 1839 2387 Thcogonio
1870 2316 2040 2371 datus.

552 2428 816 2485 Eusebius
837 2430 1001 2499 igitur
1042 2440 1097 2485 et
1120 2428 1466 2499 Theogonius
1487 2432 1818 2501 ptenitentize
1839 2432 2079 2488 libellum

477 2522 707 2577 summis
735 2522 1004 2593 episcopis
1032 2522 1345 2592 dirigentes,
1376 2525 1443 2579 ab
1472 2524 1661 2580 exsilio
1688 2526 1926 2581 revocati
1956 2533 2082 2581 sunt

477 2612 745 2683 imperiali
776 2624 1063 2685 praecepto,
1095 2624 1149 2670 et
1175 2632 1300 2670 suas
1324 2614 1593 2671 Ecclesias
1622 2626 1965 2688 receperunt,
1987 2632 2081 2673 ex-

478 2704 743 2774 pellentes
771 2720 867 2761 eos
903 2707 994 2776 qui
1043 2706 1096 2761 in
1142 2707 1379 2777 ipsorum
1421 2708 1554 2763 locis
1583 2707 1796 2763 fuerant
1825 2708 2077 2776 ordinati,

477 2793 535 2850 id
561 2805 643 2851 est
671 2798 931 2853 Eusebius
957 2800 1342 2870 Amphionem,
1365 2800 1648 2857 Chrestum
1674 2817 1805 2859 vero
1832 2802 2081 2874 Theogo-

477 2887 617 2944 nius.
651 2887 816 2959 Cujus
846 2890 1010 2944 libelli
1041 2893 1320 2962 exemplar
1348 2895 1452 2949 hoc
1478 2902 1579 2949 est.

549 2978 665 3035 Dud
686 2998 760 3038 1m
790 2982 1007 3051 quidem
1038 2994 1164 3039 ante
1188 2985 1449 3054 judicium
1490 2986 1836 3043 condemnati
1866 3001 1898 3041 a
1925 3002 2081 3044 reve-

478 3077 654 3132 rentia
699 3089 878 3134 vestra
903 3118 918 3144 ,
950 3082 1222 3151 patienter
1270 3081 1410 3137 ferre
1447 3098 1568 3153 quae
1616 3083 1833 3138 decreta
1882 3092 2011 3138 sunt
2048 3100 2079 3138 a

478 3177 668 3225 sancto
688 3171 920 3226 concilio
941 3182 1123 3227 vestro
1143 3172 1446 3229 debuimus.
1491 3173 1600 3229 Sed
1633 3175 1759 3244 quia
1787 3175 1949 3231 nimis
1983 3175 2080 3231 ab-

480 3260 701 3313 surdum
732 3270 815 3315 est
842 3270 1033 3315 contra
1063 3264 1421 3335 nosmetipsos
1443 3263 1573 3319 dare
1601 3249 2080 3321 calumniatoribus

481 3350 551 3407 de
594 3352 962 3407 taciturnitate
1003 3354 1414 3423 probationem,
1462 3366 1750 3427 propterea
1797 3358 2080 3414 referimus

482 3444 738 3512 quoniam
769 3459 867 3498 nos
896 3451 952 3499 et
980 3444 1032 3501 in
1063 3442 1167 3500 fide
1205 3463 1309 3501 una
1346 3449 1683 3505 cucurrimus
1710 3492 1726 3519 ,
1767 3459 1823 3506 et
1850 3466 2079 3507 sensum

486 3534 861 3592 examinantes
893 3536 961 3591 de
998 3540 1569 3597 consubstantialitatis
1600 3558 1864 3600 sermone
1900 3547 2080 3601 cuncti

483 3624 755 3697 pacilicati
776 3641 959 3684 sumus
983 3646 996 3682 :
1022 3644 1365 3701 nequaquam
1386 3642 1672 3701 sequentes
1692 3636 1960 3703 haeresim,
1986 3639 2081 3695 sed

484 3727 974 3776 commemorantes
1004 3722 1123 3795 [ms.
1157 3722 1283 3794 Lyr.
1302 3766 1317 3792 ,
1349 3729 1767 3801 commorantes]
1799 3730 1867 3785 ad
1895 3740 2081 3787 caute—

483 3811 589 3867 lam
619 3808 977 3867 Ecclesiarum
1005 3830 1125 3885 qua:
1153 3827 1352 3871 nostrae
1377 3817 1767 3876 subveniebant
1794 3824 1979 3878 menti.
2012 3822 2081 3879 Et

481 3902 875 3960 satisfacientes
890 3904 968 3960 eis
988 3919 1019 3959 a
1041 3906 1236 3975 quibus
1261 3923 1359 3978 per
1373 3924 1473 3965 nos
1490 3909 1705 3965 suaderi
1726 3911 2004 3980 debuerat,
2024 3915 2080 3970 in

483 3997 589 4054 ﬁde
615 3998 1051 4070 subscripsimus.
1091 4002 1555 4062 Anathematismo
1594 4016 1773 4063 autem
1808 4025 1917 4065 non
1955 4011 2081 4066 sub-

480 4092 808 4162 notavimus,
838 4108 947 4150 non
975 4101 1229 4166 tanquam
1262 4095 1421 4153 ﬁdem
1442 4110 1781 4171 accusantes,
1814 4104 1908 4159 sed
1932 4105 2081 4160 velut

480 4198 591 4239 non
617 4185 896 4242 credentes
922 4186 1087 4243 talem
1117 4203 1237 4245 esse
1280 4176 1404 4246 eum
1442 4195 1534 4262 qui
1572 4193 1745 4250 fuerat
1773 4206 2075 4267 accusatus,

480 4275 616 4331 certi
642 4276 709 4332 de
738 4279 853 4347 ejus
890 4277 958 4333 ad
1008 4293 1109 4336 nos
1154 4280 1371 4337 directis
1399 4284 1641 4354 epistolis
1664 4328 1678 4353 ,
1718 4297 1773 4342 et
1811 4289 1951 4344 inter
1978 4306 2079 4346 nos

481 4364 934 4436 disputationibus
964 4370 1181 4427 habitis.
1208 4371 1265 4428 Si
1294 4374 1454 4443 igitur
1480 4377 1817 4435 satisfactum
1847 4390 1927 4437 est
1950 4398 2078 4438 san-

483 4464 574 4513 cto
603 4469 786 4515 vestro
814 4461 1067 4529 concilio,
1100 4480 1211 4521 non
1241 4465 1588 4537 reluctantes,
1617 4473 1710 4526 sed
1740 4475 2080 4529 consentien-

483 4554 567 4606 tes
593 4551 825 4609 decretis
851 4557 1069 4626 vestris,
1100 4558 1265 4614 etiam
1299 4561 1403 4617 hac
1439 4565 1839 4632 conscriptione
1868 4568 2078 4622 satisfa-

484 4640 657 4697 cimus
699 4644 853 4701 vobis
885 4663 898 4700 :
928 4662 1035 4702 non
1086 4651 1337 4707 exsilium
1383 4656 1620 4725 graviter
1671 4658 1942 4728 ferentes,
1984 4661 2081 4717 sed

484 4733 845 4805 suspicionem
876 4739 1191 4808 abjicientes
1221 4745 1511 4803 haereseos.
1542 4749 1598 4804 Si
1622 4752 1764 4806 enim
1789 4752 2081 4822 dignamini

482 4842 628 4885 nunc
656 4829 710 4885 in
741 4830 891 4887 vultu
918 4843 1097 4891 vestro
1126 4852 1226 4893 nos
1256 4842 1550 4911 suscipere,
1582 4843 1849 4900 habebitis
1879 4847 1931 4900 in
1962 4864 2080 4903 om-

483 4921 642 4977 nibus
667 4933 1030 4981 consonantes
1047 4968 1062 4994 ,
1104 4937 1159 4982 et
1196 4940 1375 4985 vestra
1401 4942 1693 5003 sequentes
1722 4938 1925 5007 pariter
1951 4956 2082 4995 con-

483 5012 670 5068 stituta
699 5032 713 5068 :
745 5017 964 5086 quando
1002 5018 1165 5074 etiam
1195 5035 1318 5076 eum
1349 5025 1439 5093 qui
1470 5025 1523 5079 in
1554 5026 1634 5082 his
1663 5038 1946 5087 accusatus
1977 5041 2079 5099 est,

483 5104 684 5175 placuit
711 5110 1029 5165 reverentia:
1055 5120 1251 5169 vestra:
1289 5114 1632 5174 clementiam
1666 5112 1963 5192 promereri
1993 5134 2077 5180 at-

482 5211 589 5268 que
615 5204 877 5258 revocari.
911 5203 1214 5262 Absurdum
1245 5224 1477 5280 namque
1506 5222 1619 5280 est,
1652 5216 1697 5271 si
1728 5217 1773 5272 is
1802 5218 1893 5287 qui
1923 5228 2080 5289 puta-

482 5296 571 5344 tur
596 5307 714 5348 esse
740 5310 864 5350 reus
890 5307 1182 5354 revocatur
1228 5301 1295 5357 ad
1323 5304 1757 5363 satisfaciendum
1802 5310 1853 5363 in
1886 5312 2080 5379 quibus

481 5382 533 5438 ei
550 5382 941 5455 derogabatur;
964 5398 1023 5446 ut
1044 5408 1142 5448 nos
1162 5404 1348 5450 contra
1371 5401 1730 5471 nosmetipsos
1746 5402 2081 5473 prwbeamus

482 5490 581 5546 per
609 5479 1028 5538 taciturnitatem
1059 5485 1442 5559 increpationis
1462 5491 1743 5561 judiCium.
1778 5495 2077 5562 Dignamini

482 5585 632 5643 ergo,
658 5576 796 5633 sicut
817 5590 1009 5637 vestrae
1028 5587 1281 5640 convenit
1302 5589 1657 5654 venerationi,
1681 5598 1736 5643 et
1756 5588 1867 5644 Deo
1890 5605 2078 5646 aman-

483 5664 747 5724 tissimum
779 5673 1069 5744 principem
1098 5692 1445 5735 commonere
1471 5720 1484 5745 ,
1527 5691 1583 5737 et
1626 5698 1813 5751 preces
1844 5690 2077 5741 tractare

485 5766 730 5829 nostras,
762 5771 817 5819 et
845 5766 1104 5821 velociter
1137 5769 1204 5823 de
1233 5770 1390 5827 nobis
1417 5787 1537 5843 quae
1565 5774 1718 5832 vobis
1746 5776 2076 5834 conveniunt

488 5847 729 5915 εοεςίιπο
754 5852 875 5926 [ηις.
904 5854 1053 5927 Lyr.,
1081 5858 1395 5931 disputare].

2110 4616 2161 4675 D

2182 1906 2340 1957 rum,
2373 1906 2500 1945 mox
2543 1890 2611 1944 ad
2649 1890 2927 1959 erigendas
2972 1890 3231 1946 ecclesias
3267 1887 3493 1943 festinus
3537 1888 3775 1944 accessit.

2184 1983 2302 2040 Iloc
2331 1984 2514 2054 itaque
2541 1982 2775 2039 faciebat
2806 1998 2905 2053 per
2936 1983 3176 2053 singulas
3205 1982 3454 2037 civitates
3482 1988 3540 2036 et
3570 1982 3627 2035 in
3658 1981 3782 2035 urbe

2183 2075 2521 2146 cognominis
2576 2074 2679 2131 sui.
2742 2062 3059 2142 Sdcns'res,
3103 2073 3191 2129 lib.
3234 2090 3285 2142 ι,
3328 2090 3446 2143 cap.
3494 2071 3610 2140 12,
3662 2073 3776 2127 edit.

2184 2164 2377 2220 Christ.

2253 2260 2389 2315 Nam
2419 2273 2541 2314 cum
2570 2259 2621 2315 ei
2656 2260 2835 2315 omnia
2864 2272 3123 2330 prospere
3176 2258 3459 2323 cederent,
3507 2256 3777 2329 propriam

2182 2351 2353 2407 voluit
2395 2351 2641 2405 habitare
2680 2352 2972 2407 civitatem.
3032 2338 3373 2419 Veniensque
3419 2348 3487 2403 ad
3533 2363 3777 2418 campum

2184 2452 2311 2499 ante
2343 2443 2497 2498 Ilium
2526 2444 2761 2514 positum
2788 2443 2940 2511 juxta
2974 2441 3383 2512 Hellespontum
3412 2457 3576 2510 super
3603 2441 3782 2510 Ajacis

2184 2537 2449 2590 tumulum
2470 2578 2485 2604 ,
2517 2535 2606 2590 ubi
2636 2535 2823 2589 Achivi
2853 2542 3043 2589 contra
3092 2533 3311 2601 Trojam
3354 2543 3647 2603 pugnantes
3682 2532 3781 2585 ha-

2184 2627 2413 2683 buerunt
2443 2635 2618 2682 castra
2640 2669 2652 2693 ,
2687 2626 2963 2682 civitatem
3000 2626 3302 2695 designavit
3331 2634 3621 2695 portasque
3656 2622 3780 2677 fecit

2184 2733 2304 2789 quae
2342 2720 2601 2773 hactenus
2629 2716 2881 2771 videntur
2925 2733 2955 2772 a
2998 2717 3394 2786 navigantibus.
3446 2715 3575 2769 Haec
3606 2714 3777 2783 agenti

2182 2826 2282 2883 per
2308 2820 2518 2866 noctem
2547 2810 2686 2865 Deus
2709 2810 2974 2880 apparuit,
3004 2825 3229 2865 monens
3250 2818 3308 2863 ut
3328 2808 3493 2863 alium
3519 2813 3778 2878 quzereret

2184 2903 2383 2969 locum,
2417 2917 2648 2971 cumque
2677 2918 2905 2957 monens
2937 2902 3005 2957 ad
3034 2901 3349 2973 Byzantium
3380 2900 3648 2967 Thraciae,
3679 2900 3775 2955 illic

2184 3010 2308 3050 eum
2340 2995 2584 3049 habitare
2608 2993 2785 3063 jussit.
2822 2992 3119 3061 Somnum,
3155 2994 3246 3049 lib.
3287 3009 3343 3059 ιι,
3380 3009 3497 3062 cap.
3534 2990 3593 3045 2.
3637 2990 3772 3045 Edit.

2185 3085 2374 3141 Christ.
2419 3086 2597 3157 Vales.
2628 3103 2741 3158 cap.
2772 3087 2832 3155 ’5,
2864 3104 2915 3156 p.
2952 3085 3076 3139 M4.

2106 3204 2154 3268 ο
2256 3182 2383 3248 Quae
2414 3197 2534 3235 cum
2564 3180 2811 3251 primitus
2841 3179 3155 3251 Byzantium
3185 3186 3493 3245 vocaretur,
3536 3178 3689 3232 auxit
3727 3186 3777 3232 et

2187 3273 2423 3327 maximo
2453 3286 2571 3326 eam
2600 3287 2757 3326 muro
2788 3270 3157 3335 circumdedit,
3191 3277 3246 3324 et
3277 3269 3508 3325 diversis
3534 3280 3775 3326 ornatam

2183 3363 2397 3419 fabricis
2424 3380 2633 3433 {equam
2659 3363 2919 3433 imperiali
2953 3362 3141 3431 Romae
3162 3363 3441 3417 constituit
3474 3364 3601 3431 (An.
3628 3362 3773 3415 Dom.

2184 3457 2312 3527 555)
2345 3474 2358 3523 ;
2408 3467 2461 3513 et
2495 3456 2893 3513 denominatam
2922 3458 3447 3527 ConstantinOpolim
3474 3500 3489 3524 ,
3521 3457 3776 3529 appellari

2185 3549 2477 3605 secundam
2519 3548 2747 3604 Romam
2785 3549 2901 3617 lege
2939 3549 3199 3615 lirmavit,
3246 3549 3385 3604 sicut
3424 3549 3513 3603 lex
3567 3549 3682 3619 ipsa
3728 3549 3775 3603 in

2185 3656 2490 3697 marmorea
2518 3642 2757 3711 platoma
2798 3641 3039 3697 noscitur
3079 3656 3198 3695 esse
3243 3642 3550 3711 conscripta
3575 3684 3591 3708 ,
3639 3650 3694 3695 et
3728 3640 3775 3694 in

2186 3732 2455 3803 Strategio
2472 3732 2625 3802 juxta
2646 3742 2951 3804 equestrem
2973 3740 3203 3788 statuam
3225 3732 3342 3801 ejus
3365 3742 3447 3787 est
3466 3733 3774 3787 constituta.

2185 3823 2244 3878 In
2274 3822 2378 3879 hac
2407 3839 2623 3893 quoque
2651 3821 2865 3877 civitate
2894 3824 3026 3878 duas
3056 3823 3271 3891 quidem
3300 3821 3589 3876 aedificavit
3613 3823 3776 3877 eccleo

2185 3916 2328 3981 sius,
2372 3929 2596 3985 quarum
2637 3930 2799 3969 unam
2847 3915 3144 3970 nominavit
3174 3913 3379 3968 Irenem
3407 3953 3421 3978 ,
3464 3914 3627 3967 aliam
3656 3928 3778 3967 vero

2187 4012 2478 4083 appellavit
2498 4010 2898 4080 Apostolorum.
2924 4010 3040 4065 Non
3064 4010 3237 4064 solum
3260 4018 3463 4076 autem,
3486 4009 3629 4062 sicut
3650 4007 3775 4069 dixi,

2187 4104 2337 4159 auxit
2356 4102 2741 4158 Constantinus
2764 4101 3188 4158 Christianorum
3209 4101 3481 4169 dogmata,
3504 4100 3601 4155 sed
3624 4100 3779 4155 etiam

2185 4210 2521 4267 paganorum
2550 4195 2750 4266 templa
2780 4195 3062 4251 destruxit.
3100 4194 3397 4249 Simulacra
3428 4208 3663 4262 namque
3692 4210 3781 4249 or-

2188 4298 2314 4345 nata
2343 4287 2557 4358 publice
2588 4288 2639 4341 in
2680 4285 3276 4356 Constantinopolitana
3317 4288 3450 4340 urbe
3480 4287 3779 4356 proposuit,

2188 4392 2242 4438 et
2272 4381 2511 4453 tripodas
2538 4380 2823 4451 Delphicos
2854 4381 2904 4434 in
2935 4382 3079 4434 circo
3120 4379 3187 4433 ad
3216 4380 3588 4449 spectaculum
3616 4379 3779 4447 dedit,

2188 4478 2279 4548 qui
2308 4492 2429 4533 cum
2462 4476 2578 4547 ipso
2606 4474 2891 4529 videantur
2925 4482 3176 4543 aspectu,
3210 4472 3540 4528 referuntur.
3580 4474 3780 4528 Sucas-

2190 4586 2308 4635 res,
2340 4569 2429 4624 lib.
2458 4586 2496 4635 ι,
2533 4584 2648 4640 cap.
2683 4566 2771 4623 12.
2809 4566 2955 4621 Edit.
2987 4565 3280 4637 ChristOph.
3324 4564 3500 4620 Vales.
3542 4584 3661 4641 cap.
3700 4566 3777 4635 l6,

2183 4678 2235 4732 p.
2270 4659 2358 4713 45.

2252 4752 2461 4809 Interea
2483 4759 2657 4807 mater
2680 4752 3019 4823 imperatoris
3039 4749 3266 4820 Helena,
3289 4749 3441 4817 cujus
3462 4750 3779 4817 cognomine

2187 4845 2361 4901 vicum
2390 4844 2622 4914 Drepani
2656 4845 2907 4913 princeps
2934 4844 3211 4899 civitatem
3236 4843 3435 4897 dicavit
3477 4840 3780 4911 Helenopo-

2183 4936 2303 5001 lim,
2335 4934 2612 4990 admonita
2651 4952 2747 5007 per
2784 4953 3031 4991 somnum
3062 4935 3129 4990 ad
3156 4934 3551 5006 Jerosolymam
3593 4950 3780 5006 prope

2183 5034 2352 5098 ravit;
2397 5042 2451 5088 et
2479 5032 2753 5102 quondam
2795 5031 3093 5086 Jerusalem
3125 5032 3395 5085 desertam
3423 5031 3565 5084 sicut
3598 5044 3778 5099 pomo-

2182 5140 2301 5179 rum
2350 5125 2732 5180 custodiarium
2780 5124 3098 5187 inveniens,
3147 5122 3429 5191 requisivit
3475 5120 3777 5189 sepulcrum

2182 5218 2404 5277 Christi.
2447 5219 2599 5285 Quod
2631 5219 2755 5273 licet
2796 5216 3139 5283 difﬁcillime,
3183 5224 3363 5271 tamen
3396 5213 3605 5269 invenit
3658 5212 3774 5281 (An.

2184 5312 2340 5369 Dom.
2368 5300 2519 5383 3‘25).
2553 5313 2739 5383 Itaque
2767 5323 2988 5383 repente
3017 5314 3274 5383 templum
3306 5311 3435 5366 illud
3466 5309 3777 5367 Scelestissi-

2184 5421 2332 5460 mum
2372 5405 2526 5473 dejici
2566 5406 2743 5473 jussit.
2796 5405 2864 5459 Et
2912 5406 3086 5475 palam
3140 5405 3283 5459 facto
3329 5404 3541 5458 Domini
3593 5418 3776 5458 monu-

2184 5506 2387 5561 mento,
2420 5504 2786 5566 apparuerunt
2813 5498 2956 5549 circa
2990 5496 3041 5549 id
3072 5495 3312 5550 suffossa}
3347 5486 3459 5549 tres
3489 5511 3696 5561 cruces,
3726 5500 3776 5547 et

2182 5592 2339 5657 clavi,
2372 5590 2528 5646 simul
2559 5600 2613 5645 et
2643 5589 2823 5645 titulus
2855 5589 3047 5644 litteris
3074 5588 3369 5653 Hebraicis,
3405 5589 3610 5643 Graecis
3638 5588 3775 5641 Lati-

2182 5685 2372 5753 nisque
2409 5685 2746 5755 conscriptus
2773 5702 2785 5737 :
2814 5699 2965 5738 assus
2996 5698 3300 5738 mussans
3331 5699 3433 5735 nux
3463 5696 3772 5736 wnmoncu.

2180 5778 2488 5847 Socnnes,
2521 5780 2612 5835 lib.
2658 5796 2710 5851 I,
2741 5798 2858 5853 cap.
2890 5779 2977 5835 I5.
3019 5778 3165 5835 Edit.
3206 5777 3398 5835 Christ.
3449 5775 3627 5833 Vales.
3662 5792 3771 5844 cap.

2184 5872 2271 5942 l7,
2303 5889 2354 5943 ρ.
2388 5871 2476 5928 64.
