3998 6344
207 259 322 321 937

1301 269 1629 330 HISTORIA
1663 241 2109 334 retensum.
2151 276 2354 338 uasa
2386 280 2454 339 ιι.

3423 284 3529 344 958

287 376 496 435 Dicitur
535 385 717 473 autem
758 380 886 452 quia
939 381 1105 440 etiam
1156 393 1406 445 mortuus
1444 389 1620 446 crucis
1663 397 1812 445 tactu
1840 394 1894 458 Α
1919 391 2324 451 aediﬁcabantur
2343 396 2612 454 ecclesiae.
2636 395 2940 470 Somnum,
2963 398 3054 456 lib.
3079 416 3136 470 η,
3154 416 3270 473 cap.
3295 399 3361 471 2;
3392 402 3523 459 edit.

209 473 534 530 surrexerit.
565 472 644 530 De
669 473 775 532 hoc
807 474 950 545 ligno
977 477 1170 551 sibylla
1199 480 1336 536 dixit
1364 482 1509 554 apud
1536 497 1778 554 paganos
1803 501 1818 539 :

345 573 386 622 Ο
410 581 488 624 ter
512 573 715 624 beatum
741 573 927 636 lignum
951 579 1001 628 in
1021 593 1119 642 quo
1139 580 1276 630 Deus
1293 590 1533 634 extensus
1557 592 1635 635 est
1657 585 1670 634 !

213 655 372 713 Tunc
407 670 540 726 ergo
575 671 698 727 qua:
739 674 871 714 crux
911 671 1056 718 esset
1091 661 1336 734 Domini,
1368 680 1488 736 qua:
1529 667 1821 737 latronum,

213 749 466 806 dubitare
491 758 794 822 ceperunt.
825 750 1059 811 Proinde
1086 754 1382 826 Macarius,
1423 759 1658 815 civitatis
1685 775 1824 832 pra:-

211 841 334 909 sul,
365 840 672 912 hujusmodi
702 851 938 901 tractatu
965 846 1360 905 dubitationem
1387 850 1570 906 solvit.
1610 849 1824 908 Mulieri

214 950 453 1006 namque
490 936 774 994 nobilitate
799 938 981 1012 clarae,
1021 941 1182 1013 longa
1212 943 1528 1013 {egritudine
1565 945 1820 1015 fatigans,

215 1043 385 1084 unam
428 1028 642 1085 illarum
680 1031 925 1088 crucium
967 1049 1090 1090 cum
1132 1035 1384 1092 oratione
1419 1037 1824 1108 promptissima

218 1117 520 1186 adhibens,
553 1119 806 1182 virtutem
834 1122 1132 1182 Salvatoris
1155 1127 1395 1196 agnovit.
1435 1126 1561 1184 Mox
1589 1129 1734 1184 enim
1763 1137 1824 1185 ut

218 1213 506 1269 mulierem
535 1229 667 1269 crux
697 1215 891 1287 attigit,
923 1219 1229 1289 passionem
1259 1221 1568 1278 saevissimae
1603 1222 1823 1293 aegritu-

214 1305 362 1361 dinis
383 1304 658 1377 eii‘ugavit,
683 1315 738 1364 et
759 1308 973 1366 feminae
995 1312 1226 1371 salutem
1246 1313 1505 1372 restituit.
1523 1313 1819 1384 Somnum,

212 1397 310 1453 lib.
341 1413 398 1464 ιι,
432 1415 549 1470 cap.
584 1399 610 1452 1
639 1416 656 1468 ;
685 1400 810 1456 edit.
844 1400 1035 1458 Christ.

289 1491 382 1548 Sic
409 1492 594 1562 itaque
622 1501 798 1550 mater
824 1495 1168 1566 imperatoris
1196 1497 1343 1569 quod
1369 1499 1624 1570 cupiebat
1647 1513 1820 1570 agno-

211 1599 396 1648 scens,
421 1583 488 1640 de
515 1584 682 1642 clavis
702 1586 921 1656 quidem
947 1589 1143 1660 quibus
1167 1605 1360 1646 manus
1380 1589 1585 1647 Christi
1607 1589 1824 1647 fuerant

213 1678 526 1749 perforatae,
557 1679 696 1736 alios
724 1680 780 1736 in
807 1681 1016 1751 galeam
1043 1683 1270 1740 immisit
1296 1684 1640 1756 imperatoris
1675 1703 1689 1740 :
1723 1685 1822 1742 filii

1929 486 2124 545 Christ.
2166 487 2344 546 Vales.
2372 507 2490 562 cap.
2522 491 2577 559 5,
2608 510 2660 564 p.
2692 491 2817 548 445.

2515 603 2746 662 CAPUT
2785 606 2927 663 XIX.

1924 699 2015 778 De
2033 701 2147 778 loco
2171 700 2258 756 ubi
2296 701 2447 757 Vesta
2484 701 2609 778 olim
2646 695 2926 778 colebatur,
2972 711 3022 758 et
3057 721 3193 778 nunc
3222 705 3526 778 archangeli

1997 771 2213 848 basilica
2262 784 2403 848 stat,
2435 783 2487 828 et
2514 773 2578 828 de
2605 773 2871 829 miraculis
2913 790 3027 846 qua:
3070 777 3179 831 illic
3207 795 3302 848 pro
3331 771 3526 834 Christi

1996 845 2206 899 nomine
2232 845 2578 900 celebrantur.

1995 937 2225 1008 insignis
2253 939 2434 1009 itaque
2462 939 2614 997 locus
2644 953 2714 996 ex
2742 939 2837 995 illo
2868 947 3112 1012 tempore
3141 940 3334 998 claruit
3360 957 3526 1014 pere-

1924 1031 2094 1102 grinis
2131 1039 2187 1086 et
2222 1032 2455 1100 urbicis,
2486 1032 2576 1088 ubi
2604 1032 2734 1089 olim
2772 1032 2987 1103 quidem
3029 1032 3193 1090 Vesta
3221 1034 3526 1107 mlebatur,

1922 1132 2113 1197 postea
2131 1141 2264 1181 vero
2287 1125 2514 1182 ecclesia
2535 1123 2676 1182 facta
2697 1133 2810 1194 est;
2841 1126 2932 1198 qui
2955 1125 3106 1182 locus
3127 1143 3272 1183 nunc
3291 1126 3530 1185 Michae-

1876 1265 1881 1272 .
1923 1217 2055 1274 lium
2090 1228 2453 1290 nuncupatur,
2481 1219 2537 1274 in
2573 1219 2797 1275 dextera
2828 1220 3037 1291 positus
3071 1229 3227 1292 parte
3263 1221 3526 1292 navigan-
3558 1295 3560 1300 _

1923 1313 2060 1369 tium
2096 1329 2127 1368 a
2169 1312 2344 1370 Ponto
2380 1313 2450 1369 ad
2493 1313 3018 1386 Constantinopolim
3043 1356 3061 1383 ,
3107 1316 3313 1373 distans
3350 1317 3418 1372 ab
3461 1333 3527 1372 ea
3559 1335 3565 1360 κ

1923 1407 2140 1479 navigio
2169 1409 2385 1478 quidem
2413 1408 2601 1465 stadiis
2624 1409 2738 1466 fere
2767 1410 2991 1480 triginta
3025 1420 3082 1466 et
3114 1412 3354 1482 quinque
3380 1430 3395 1480 ;
3427 1427 3528 1484 per

1924 1508 2125 1556 terram
2152 1517 2284 1556 vero
2313 1501 2768 1559 circumeuntibus
2797 1518 3015 1558 omnem
3048 1503 3225 1558 sinum
3259 1519 3429 1573 usque
3459 1502 3531 1561 ad

1922 1593 2264 1665 septuaginta
2287 1601 2343 1649 et
2367 1594 2597 1665 amplius
2626 1595 2884 1650 tenditur.
2912 1594 3149 1651 Sortitus
3178 1602 3262 1651 est
3290 1595 3454 1667 igitur
3483 1595 3530 1652 is

1924 1685 2077 1744 locus
2113 1687 2534 1758 appellationem
2571 1703 2715 1743 nunc
2750 1703 2920 1758 usque
2960 1696 3252 1753 servatam,
3287 1703 3355 1744 eo
3380 1687 3530 1757 quod

217 1774 414 1845 capitis
435 1761 846 1846 providentiani'
854 1792 1068 1848 gerens,
1097 1785 1158 1834 ut
1179 1777 1360 1848 jacula
1382 1779 1570 1836 bellica
1597 1780 1821 1836 submo-
1854 1796 1904 1857 Β
1929 1780 2044 1836 illic
2091 1778 2380 1837 manifeste
2435 1780 2677 1836 cernitur
2726 1795 2990 1852 apparere
3038 1779 3265 1837 Michael
3313 1779 3531 1834 divinus

214 1874 404 1934 veret;
452 1867 590 1924 alios
626 1867 782 1926 freno
822 1870 1023 1941 equino
1059 1871 1412 1942 permiscuit,
1451 1881 1507 1929 et
1543 1874 1817 1930 cautelam

215 1959 562 2031 imperatoris
585 1976 769 2032 agens,
793 1971 849 2018 et
867 1971 1107 2020 veterem
1127 1965 1469 2037 prophetiam
1493 1966 1812 2038 adimplens.

215 2049 360 2108 Olim
400 2054 545 2109 enim
589 2054 879 2112 Zacharias
927 2056 1258 2115 clamaverat
1295 2059 1590 2131 propheta,
1631 2060 1820 2118 dicens

217 2144 374 2216 (Cap.
403 2162 512 2213 xlv,
539 2145 630 2220 20)
659 2165 672 2200 :
699 2145 770 2202 Et
794 2149 894 2203 erit
921 2149 1058 2222 quod
1085 2149 1143 2205 in
1172 2151 1324 2223 freno
1349 2161 1426 2207 est
1447 2159 1684 2208 sanctum
1709 2151 1822 2210 Do-

214 2240 361 2294 mino
387 2241 742 2312 omnipotenti.
785 2241 1050 2298 Saiutaris
1081 2259 1213 2301 vero
1241 2245 1420 2302 crucis
1458 2253 1668 2316 partem
1701 2247 1826 2318 qui-

215 2331 341 2386 dem
364 2332 596 2402 aliquam
617 2333 889 2405 regalibus
907 2333 1201 2393 distribuit.
1221 2334 1642 2406 Tnsonoae'rus,
1665 2339 1756 2396 lib.
1778 2355 1818 2411 ι,

217 2443 341 2498 cap.
374 2428 460 2496 18,
489 2448 542 2501 p.
573 2428 664 2488 48.

291 2521 465 2590 Quam
493 2522 886 2588 Constantinus
914 2531 1247 2603 suscipiens,
1280 2541 1337 2589 et
1360 2534 1592 2592 credens
1619 2534 1823 2592 salvari

217 2613 493 2672 civitatem
517 2618 607 2674 ubi
637 2619 752 2676 htec
773 2623 1037 2691 particula
1058 2635 1388 2694 servaretur,
1410 2627 1465 2683 in
1487 2643 1586 2684 sua
1617 2637 1819 2698 statua,

217 2707 361 2765 sicut
389 2709 579 2778 fertur,
612 2713 667 2768 in
692 2714 811 2771 fore
836 2715 1178 2773 Constantini
1207 2720 1385 2788 posita
1422 2736 1585 2792 super
1613 2722 1826 2778 colum-

217 2815 343 2856 nam
365 2803 809 2875 por‘phyreticam
829 2805 1025 2862 devote
1048 2807 1310 2864 condidit.
1338 2808 1639 2880 Socm'rxs,
1661 2811 1752 2867 tib.
1778 2829 1818 2882 ι,

213 2910 334 2965 cap.
367 2895 464 2963 45;
494 2898 620 2953 edit.
645 2896 840 2954 Christ.
880 2899 1068 2968 Vales.
1088 2918 1203 2971 cap.
1240 2900 1327 2969 17,
1358 2920 1412 2974 p.
1444 2901 1514 2957 47

292 2991 578 3063 Reliquam
606 3009 738 3051 vero
769 3002 982 3064 partem,
1009 2996 1067 3050 in
1101 3005 1358 3066 argentea
1388 2998 1547 3055 theca
1581 2999 1822 3058 clausam

213 3084 455 3141 civitatis
479 3084 700 3140 tradidit
723 3086 1011 3143 sacerdoti.
1035 3087 1102 3144 Et
1122 3091 1358 3162 undique
1378 3107 1712 3164 congregans
1733 3111 1823 3151 ar-

1928 1872 2286 1942 archangelus
2323 1890 2336 1926 :
2374 1872 2518 1944 quod
2559 1871 2724 1928 etiam
2766 1887 2867 1943 ego
2903 1872 3052 1943 jutus
3097 1872 3296 1929 eximie
3336 1887 3530 1928 verum

1929 1965 2088 2036 233
2106 1979 2227 2020 esse
2247 1963 2533 2020 confirmo.
2556 1961 2805 2019 Ostendit
2825 1963 2984 2032 igitur
3004 1963 3110 2020 hoc
3131 1964 3206 2019 ita
3223 1978 3342 2020 esse
3362 1964 3531 2019 etiam

1927 2055 2111 2112 multis
2139 2057 2260 2112 aliis
2289 2057 2458 2113 virtus
2483 2056 2666 2112 divina
2695 2071 2793 2128 per
2820 2057 3055 2127 ipsarum
3092 2071 3275 2111 rerum
3315 2054 3528 2126 experi-

1925 2160 2130 2208 menta.
2170 2151 2401 2219 Quidam
2430 2151 2574 2208 enim
2604 2152 2658 2207 in
2688 2151 2865 2207 causis
2895 2149 3202 2207 crudelibus
3233 2159 3326 2206 aut
3352 2148 3526 2205 inevi-

1927 2244 2183 2300 tabilibus
2205 2243 2478 2314 periculis,
2504 2242 2594 2298 alii
2616 2257 2748 2298 vero
2771 2243 2824 2297 in
2851 2242 3197 2312 languoribus
3216 2249 3310 2297 aut
3329 2240 3528 2310 ignotis

1927 2334 2270 2406 passionibus
2300 2333 2621 2400 incidentes,
2653 2333 2742 2388 hic
2761 2341 2983 2388 orantes
3005 2331 3072 2387 ad
3093 2332 3282 2399 Deum,
3309 2330 3531 2387 liberari

1927 2435 2370 2499 promeruerunt.
2420 2426 2528 2483 Sed
2576 2441 2698 2496 quae
2741 2425 2966 2496 singulis
3007 2433 3062 2482 et
3099 2423 3373 2496 quomodo
3407 2423 3530 2480 illic

1927 2521 2188 2578 miracula
2212 2519 2557 2590 contigerint,
2586 2535 2809 2576 narrare
2843 2519 3062 2588 longum
3095 2526 3196 2574 est.
3234 2518 3365 2585 Quae
3397 2531 3530 2572 vero

1927 2615 2280 2684 provenerint
2301 2613 2553 2684 Aquilino
2581 2613 2737 2668 nobis
2766 2621 2920 2682 noto,
2942 2622 2996 2668 et
3017 2614 3070 2668 in
3097 2613 3274 2668 causis
3297 2612 3529 2668 forensi-

1925 2704 2030 2761 bus
2053 2705 2222 2771 socio,
2258 2705 2452 2776 partim
2475 2704 2544 2759 ab
2573 2719 2642 2760 eo
2677 2704 2919 2772 audiens,
2951 2704 3147 2774 partim
3179 2703 3295 2774 ipse
3323 2716 3531 2773 cogno-

1926 2811 2088 2854 scens
2116 2797 2422 2853 necessario
2450 2795 2707 2867 pandam.
2735 2795 2870 2852 Cum
2899 2811 3024 2851 eum
3055 2795 3428 2851 ardentissima
3448 2795 3529 2851 fe-

1926 2890 2041 2947 bris
2059 2891 2238 2946 rubris
2260 2890 2491 2946 choleris
2514 2900 2662 2946 mota
2687 2889 2862 2963 [mss.,
2884 2889 3060 2945 rubris
3085 2889 3355 2945 coloribus
3375 2885 3531 2960 nota]

1929 2983 2451 3056 comprehendisset,
2479 2983 2729 3038 aestuanti
2754 2982 3007 3054 poculum
3028 2981 3292 3038 dederunt
3312 2981 3526 3047 medici,

1907 3078 2076 3151 .quod
2103 3077 2372 3145 evomuit;
2411 3091 2648 3149 moxque
2676 3092 2799 3133 cum
2827 3077 3034 3132 vomitu
3060 3073 3266 3131 diffusae
3295 3074 3530 3130 cholerae

213 3175 413 3243 tiﬂces.
436 3177 698 3234 maximas
726 3179 836 3236 illic
866 3191 1194 3254 ornatasque
1226 3185 1512 3242 aedificavit
1541 3188 1819 3248 ecclesias.
1848 3197 1895 3261 ο
1926 3170 2268 3242 superficiem
2306 3171 2487 3228 vultus
2529 3169 2646 3242 ejus
2684 3171 2846 3226 simili
2885 3171 2967 3227 sui
3006 3171 3192 3226 colore
3232 3169 3526 3225 tinxerunt.

213 3267 313 3324 liis
342 3269 414 3323 ita
440 3271 636 3338 gestis,
667 3273 918 3330 convivio
953 3275 1198 3332 exhibito
1226 3277 1521 3348 virginibus
1549 3281 1735 3349 sacris,
1767 3290 1826 3339 et

217 3363 333 3434 ipsa
361 3364 714 3421 ministerium
745 3368 954 3423 ancillae
993 3383 1217 3438 gerens,
1251 3372 1392 3426 ultra
1431 3374 1822 3444 octogesimum

227 3472 428 3512 annum
470 3461 645 3515 :etatis
670 3474 855 3530 agens,
887 3473 942 3518 et
971 3463 1053 3519 his
1089 3465 1284 3521 similia
1313 3467 1514 3524 faciens
1556 3470 1719 3525 rediit
1755 3469 1825 3526 ad

223 3547 412 3604 filium.
452 3549 520 3604 Et
549 3567 672 3606 cum
696 3554 881 3609 laetitia
913 3558 1165 3612 transivit
1200 3573 1231 3613 e
1262 3560 1483 3630 sarculo,
1514 3561 1680 3616 multa
1714 3561 1826 3619 lilio

223 3642 446 3712 pietatis
479 3644 735 3699 mandata
757 3648 1128 3718 committens,
1151 3650 1461 3707 novissimis
1489 3653 1826 3710 benedictio-

223 3734 381 3790 nibus
410 3737 726 3808 adimpleto.
759 3737 1180 3808 Tusononsrus,
1205 3744 1295 3798 lib.
1327 3761 1364 3811 ι,
1395 3763 1512 3819 cap.
1543 3747 1630 3814 l8,
1652 3768 1705 3819 p.
1732 3749 1821 3806 48.

295 3824 425 3882 Post
455 3827 570 3884 inec
599 3829 760 3898 igitur
786 3829 1085 3901 imperator
1112 3849 1298 3890 curam
1331 3837 1620 3893 maximam
1664 3839 1824 3896 Chri-

222 3918 520 3976 stianorum
551 3921 774 3989 habens,
799 3939 1130 3995 paganorum
1162 3931 1576 4000 superstitiones
1605 3949 1825 3991 aversa-

223 4009 387 4066 batur
416 4029 431 4079 ;
471 4015 815 4086 removitque
846 4021 1285 4090 monomachias,
1317 4033 1373 4080 et
1408 4042 1534 4084 suas
1568 4027 1828 4099 imagines

221 4103 279 4160 in
299 4105 515 4177 templis
537 4109 665 4178 poni
686 4114 975 4184 praecepit;
1005 4122 1062 4170 et
1083 4118 1324 4173 cubitum
1353 4134 1462 4189 quo
1483 4132 1828 4179 mensuratur

221 4194 394 4261 Nilus,
429 4213 536 4254 non
565 4199 678 4269 jam
709 4201 765 4256 in
797 4205 1057 4276 templum
1089 4207 1363 4281 Serapidis
1389 4213 1545 4268 annis
1580 4215 1823 4284 singulis,

222 4288 322 4346 sed
359 4291 410 4347 in
447 4293 733 4350 ecclesiam
772 4299 980 4368 portari
1012 4301 1264 4358 sancivit.
1305 4304 1622 4376 Securus,
1652 4308 1743 4364 lib.
1774 4324 1825 4374 ι,

222 4397 342 4452 cap.
371 4381 474 4452 ﬂ;
513 4384 638 4441 edit.
673 4386 866 4443 Christ.
910 4388 1087 4446 Vales.
1124 4409 1240 4465 cap.
1274 4393 1363 4460 l8,
1395 4415 1449 4468 p.
1481 4396 1571 4452 48.

255 4485 259 4490 '
293 4472 354 4528 In
377 4477 628 4532 omnibus
651 4478 834 4550 itaque
854 4480 1045 4538 volens
1072 4483 1302 4541 similem
1329 4491 1620 4545 monstrari
1643 4490 1828 4548 Romae

1931 3265 2294 3332 Quamobrem
2305 3263 2564 3337 quidquid
2584 3262 2899 3320 comederet
2918 3272 2971 3320 et
2992 3262 3204 3318 biberet
3223 3261 3529 3318 evomebat.

1927 3357 2174 3430 Cumque
2203 3359 2309 3416 hoc
2347 3357 2441 3413 diu
2479 3365 2789 3429 pateretur,
2816 3371 2920 3412 nec
2946 3371 3070 3412 esca
3101 3355 3170 3411 ad
3203 3355 3531 3414 nutrimenta

1929 3449 2250 3523 proliceret,
2281 3450 2566 3505 haesitabat
2594 3465 2682 3505 ars
2723 3449 3086 3514 medicorum;
3128 3456 3185 3503 et
3212 3447 3338 3502 dum
3369 3445 3533 3505 morti

1928 3542 2140 3600 vicinus
2168 3550 2333 3612 esset,
2356 3540 2518 3612 jussit
2542 3541 2653 3597 suis
2676 3548 2733 3595 ut
2755 3556 2878 3596 eum
2907 3539 2974 3594 ad
3000 3539 3179 3594 locum
3203 3538 3346 3594 hunc
3367 3538 3533 3593 duce-

1929 3647 2055 3694 rent
2085 3657 2098 3692 :
2130 3637 2360 3694 credens
2384 3644 2477 3690 aut
2505 3636 2615 3691 illic
2642 3651 2699 3691 se
2731 3634 2868 3691 mori
2898 3643 2993 3689 aut
3019 3633 3280 3703 languore
3310 3621 3530 3703 privari.

1929 3725 2248 3798 Jacentique
2273 3743 2372 3799 per
2392 3736 2606 3785 noctem
2637 3726 2817 3782 divina
2845 3725 3016 3782 virtus
3044 3740 3311 3796 apparens
3332 3737 3534 3794 praece~

1929 3821 2011 3892 pit
2039 3831 2102 3877 ut
2127 3820 2387 3892 quidquid
2415 3820 2764 3886 comederet,
2810 3819 2865 3874 in
2911 3819 3217 3888 hujusmodi
3255 3817 3533 3888 potionem
3611 3861 3616 3882 ,

1930 3913 2186 3983 tingeret,
2219 3929 2339 3984 qua:
2368 3921 2513 3970 esset
2540 3928 2607 3970 ex
2638 3913 2844 3983 pipere,
2874 3922 2930 3967 et
2953 3911 3101 3977 vino,
3129 3918 3186 3966 et
3207 3909 3369 3964 melle
3396 3923 3533 3962 con-

1929 4003 2093 4060 fecta.
2125 4005 2244 4072 Quo
2269 4004 2435 4074 facto,
2467 4005 2536 4060 ab
2559 4004 2878 4076 aegritudine
2906 4003 3161 4057 liberatus
3189 4009 3304 4068 cst;
3335 4000 3535 4070 quippe

1931 4111 2056 4151 cum
2085 4095 2310 4150 medicis
2338 4095 2553 4150 ratione
2586 4093 2868 4149 medicinae
2895 4093 3141 4148 videatur
3167 4105 3288 4148 esse
3315 4098 3536 4148 contra-

1930 4189 2070 4246 rium
2102 4188 2272 4244 calida
2302 4189 2496 4260 pocula
2523 4187 2809 4243 cholericis
2835 4185 3114 4243 exhibere.

2004 4279 2199 4336 Audivi
2221 4281 2366 4336 enim
2392 4289 2448 4336 et
2467 4279 2792 4335 Probianum
2815 4279 2990 4333 virum
3017 4277 3071 4333 in
3099 4277 3304 4348 palatio
3332 4278 3534 4334 haben-

1933 4384 2042 4432 tem
2073 4376 2320 4432 militiam
2359 4376 2693 4434 medicorum
2714 4418 2730 4444 ,
2762 4376 2966 4432 crudeli
3007 4375 3254 4447 podagrae
3281 4377 3534 4448 passione

1931 4468 2241 4538 detentum,
2272 4469 2346 4526 ibi
2374 4470 2654 4526 doloribus
2682 4470 3001 4538 liberatum,
3031 4470 3191 4539 eique
3219 4470 3534 4540 apparuisse

223 4565 785 4640 Constantinopolim,
814 4570 1102 4631 frustratus
1128 4591 1234 4632 non
1265 4586 1368 4635 est.
1398 4579 1534 4635 Nam
1559 4590 1614 4638 et
1635 4599 1830 4656 corpo-
1853 4593 1911 4658 ι)
1934 4570 2174 4658 “Feta?”
2194 4561 2522 4658 mirabiliter
2560 4560 2822 4658 ViSione'P
2855 4560 2978 4632 (Au'
3010 4559 3169 4616 Dom'
3188 4560 3369 4658 .559»
3399 4561 3534 4618 cum

221 4658 376 4714 ribus
405 4667 462 4714 et
489 4659 692 4718 divitiis
725 4663 902 4734 major
931 4665 1121 4724 eil‘ecta
1159 4681 1261 4725 est.
1295 4671 1449 4738 Quod
1476 4673 1602 4732 ideo
1632 4693 1828 4750 prove-

225 4754 376 4810 nisse
405 4755 570 4811 credo
597 4765 822 4828 propter
850 4774 1089 4816 amorem
1119 4762 1236 4832 Dei,
1261 4781 1420 4835 quem
1447 4767 1635 4825 civitas
1663 4772 1828 4843 gerit,

226 4855 286 4901 et
311 4846 681 4904 habitatorum
707 4851 852 4906 circa
880 4851 1184 4922 indigentes
1211 4858 1490 4915 auxilium.
1523 4859 1580 4916 lu
1612 4871 1827 4919 tantum

226 4953 463 5010 namque
498 4941 631 4998 fides
664 4945 852 5011 crevit,
891 4951 950 5000 ut
986 4947 1140 5003 multi
1168 4950 1382 5019 quidem
1415 4951 1718 5012 Iudaeorum
1745 4958 1826 5014 ci-

224 5030 395 5096 vium,
425 5033 618 5102 pagani
648 5049 776 5090 vero
803 5048 941 5105 pene
963 5052 1153 5095 omnes
1173 5039 1534 5098 Christianam
1561 5046 1671 5103 illic
1691 5063 1826 5103 con-

225 5127 576 5177 verterentur
614 5123 681 5178 ad
722 5124 902 5179 tidem.
953 5125 1011 5181 ln
1042 5143 1148 5198 qua
1179 5130 1329 5198 urbe,
1365 5143 1641 5192 crescente
1683 5144 1824 5193 tem-

225 5227 393 5284 pore,
429 5215 622 5284 religio
661 5217 905 5273 noscitur
938 5220 1235 5290 ampliata;
1281 5239 1459 5295 neque
1487 5243 1612 5294 arm,
1649 5244 1825 5300 neque

227 5320 438 5377 pagana
469 5309 670 5380 templa
698 5353 714 5380 ,
760 5320 854 5365 aut
894 5312 1158 5370 sacriﬁcia
1199 5315 1342 5372 facta
1381 5329 1541 5388 sunt,
1585 5323 1688 5379 nisi
1727 5324 1828 5382 sub

225 5395 445 5456 Juliano
472 5402 621 5458 brevi
654 5411 933 5475 tempore;
976 5406 1118 5476 quod
1160 5424 1287 5464 mox
1324 5413 1586 5482 probatur
1624 5417 1828 5472 exstin-

227 5499 400 5547 ctum.
448 5491 599 5550 lianc
631 5495 795 5564 igitur
823 5504 1079 5567 tanquam
1109 5514 1283 5572 nuper
1322 5503 1593 5560 conditam
1629 5507 1828 5564 Christi

232 5581 512 5639 civitatem
532 5585 912 5643 Constantinus
939 5605 1036 5644 suo
1059 5592 1274 5646 nomine
1296 5592 1598 5648 dedicavit:
1631 5591 1815 5647 multis

232 5688 359 5729 eam
387 5686 443 5732 et
471 5680 679 5748 magnis
699 5695 969 5736 exornans
998 5682 1258 5738 ecclesiis.
1300 5681 1636 5754 Juvahatque
1671 5684 1818 5739 Divi-

234 5766 378 5821 nitas
404 5767 746 5839 imperatoris
770 5781 915 5838 vota,
943 5781 996 5846 et
1024 5773 1450 5844 apparitionibus
1472 5776 1655 5832 multis
1679 5779 1817 5833 indi-

235 5856 466 5915 cabatur
516 5862 642 5932 quia
682 5871 882 5918 sancta:
920 5864 1288 5937 salutaresque
1335 5878 1518 5925 essent
1545 5884 1662 5940 qua:
1705 5869 1814 5927 illic

519 5951 788 6016 ΡΑΤιιοι.
836 5956 1061 6020 LXIX.

1935 4655 2081 4711 enim
2104 4654 2304 4711 dudum
2324 4668 2564 4727 paganus
2586 4663 2748 4720 esset,
2774 4654 2944 4710 factus
2966 4665 3154 4724 postea
3174 4655 3532 4722 Christianus,

1935 4746 2276 4816 aliquatenus
2315 4747 2511 4817 dogma
2550 4746 2896 4817 sequebatur.
2942 4745 3130 4802 Totius
3169 4763 3298 4803 vero
3345 4747 3532 4802 salutis

1935 4853 2174 4904 causam,
2192 4838 2242 4893 id
2263 4847 2348 4894 est
2364 4838 2782 4895 sacratissimam
2799 4854 3036 4908 crucem,
3051 4839 3270 4896 nolebat
3283 4841 3532 4894 adorare.

1936 4927 2089 4987 Hanc
2114 4932 2332 4988 habenti
2360 4933 2687 4992 sententiam
2726 4933 2906 4988 divina
2943 4933 3112 4988 virtus
3148 4948 3447 5003 apparens,
3481 4943 3536 4986 et

1935 5022 2150 5093 signum
2187 5025 2509 5080 monstravit
2533 5025 2741 5091 crucis,
2773 5023 2925 5095 quod
2963 5031 3078 5079 erat
3108 5023 3342 5093 positum
3371 5022 3426 5076 in
3457 5023 3533 5076 ai-

1935 5113 2075 5170 tario
2104 5113 2348 5185 ejusdem
2394 5115 2658 5172 ecclesiae.
2698 5113 2763 5170 Et
2793 5123 2982 5188 aperte
3009 5114 3188 5187 palam
3216 5113 3342 5169 fecit
3361 5155 3377 5182 ,
3405 5113 3529 5183 quia

1935 5223 2004 5264 ex
2031 5225 2140 5282 quo
2168 5210 2456 5286 crucifixus
2486 5220 2567 5269 est
2594 5211 2856 5277 Christus,
2885 5211 3065 5268 omnia
3093 5226 3211 5280 quae
3241 5210 3306 5265 ad
3334 5211 3532 5266 utilita

1935 5310 2048 5360 tem
2078 5304 2298 5360 humani
2331 5307 2544 5374 generis
2573 5305 2714 5362 facta
2745 5312 2898 5369 sunt,
2931 5302 3174 5373 quolibet
3200 5303 3362 5358 modo
3393 5320 3530 5374 prae-

1935 5405 2020 5454 ter
2041 5399 2291 5454 virtutem
2317 5400 2604 5456 adoranda:
2630 5401 2806 5456 crucis
2831 5404 2979 5467 gesta
3010 5413 3115 5452 non
3138 5405 3335 5462 essent,
3359 5414 3531 5467 neque

1935 5489 2005 5545 ab
2021 5491 2224 5561 angelis
2246 5493 2463 5557 sanctis,
2482 5507 2654 5561 neque
2675 5491 2741 5544 ab
2762 5487 3069 5544 hominibus
3089 5489 3212 5560 piis.
3236 5489 3531 5554 Somnum,

1951 5584 2040 5639 lib.
2067 5603 2102 5650 ι,
2130 5602 2245 5655 cap.
2273 5586 2335 5652 2,
2368 5585 2492 5638 edit.
2522 5583 2713 5638 Christ.
2759 5578 2932 5634 Vales.
2963 5597 3080 5651 cap.
3111 5582 3174 5648 5,
3207 5597 3259 5651 p.
3290 5579 3414 5635 M5.

2548 5694 2774 5750 CAPUT
2817 5695 2934 5750 XX.

2344 5786 2416 5839 De
2444 5785 2751 5856 templorum
2780 5786 3148 5842 destructione.

1948 5873 2080 5933 Cum
2107 5880 2286 5949 itaque
2319 5877 2496 5948 populi
2529 5887 2584 5934 et
2611 5878 2862 5936 civitates
2905 5878 2970 5934 ad
3016 5878 3223 5936 cultum
3271 5879 3537 5940 Christia-

3139 5976 3218 6036 30
