4006 6474
443 301 548 358 939

1670 284 1740 340 M.
1785 280 2062 338 AURELII
2098 271 2497 336 CASSIODORI

3647 262 3754 319 9‘0

443 417 630 477 uitatis
651 412 995 478 accederent,
1027 415 1082 463 et
1108 405 1287 461 ceteri
1308 419 1410 475 pro
1438 371 1559 458 liliis
1579 409 1634 457 et
1662 400 1917 457 uxoribus
1941 415 2048 454 me-
2072 417 2123 475 Α
2151 395 2425 470 paululum
2447 408 2567 450 cum
2599 390 2719 448 aliis
2760 385 3105 462 pontiﬁcibus
3159 385 3274 456 ipse
3330 378 3752 478 conscripserat,

443 517 662 568 tuentes
711 520 781 560 ne
837 502 963 572 quid
985 500 1111 555 mali
1133 506 1448 570 paterentur
1493 497 1536 552 si
1586 493 2041 560 contradicercut,

445 602 618 675 quieti
637 604 916 664 vacarent,
940 593 1124 650 nudati
1155 589 1353 649 solatio
1397 589 1754 646 multitudinis
1810 587 2044 658 templo-

445 711 566 753 rum
588 692 824 750 cultores
849 699 906 746 et
926 686 1238 745 sacerdotes
1255 685 1543 742 simulacra
1560 683 1704 754 apud
1724 699 1786 740 se
1810 681 2045 754 reposita

445 782 838 858 pretiosissima
896 778 1252 845 tradiderunt,
1277 784 1333 832 et
1360 793 1478 849 qua:
1506 775 1652 831 Jovis
1683 773 1904 829 fulmina
1955 789 2049 830 vo-

447 879 748 944 cabantur;
778 883 835 932 et
862 891 961 946 per
985 873 1307 943 semetipsos
1336 871 1452 928 haec
1481 870 1782 926 educebant
1826 885 1896 925 ex
1915 867 2047 941 ady-

450 974 522 1032 tis
551 983 606 1030 et
635 971 964 1043 templorum
994 968 1284 1024 latentibus
1313 967 1446 1022 locis
1478 983 1491 1020 :
1524 979 1752 1037 quaeque
1795 965 1944 1036 prius
1964 964 2050 1019 in-

451 1065 684 1121 visibilia
711 1063 857 1136 apud
884 1078 981 1118 eos
1009 1071 1186 1128 erant,
1211 1069 1268 1116 et
1300 1060 1428 1116 solis
1465 1057 1836 1114 sacerdotibus
1883 1057 2054 1112 mani-

451 1162 615 1227 festa,
644 1161 783 1217 facta
811 1168 938 1216 sunt
971 1159 1218 1214 omnibus
1244 1155 1401 1211 valde
1433 1154 1707 1210 vilissima.
1767 1151 1898 1206 Alite
1927 1164 2056 1206 vero

455 1255 719 1324 imagines
737 1261 793 1308 et
813 1260 1005 1308 statuat
1027 1267 1093 1307 ex
1115 1249 1505 1322 pretiosissima
1521 1245 1782 1302 confecta:
1808 1241 2053 1308 materia,

455 1348 582 1416 igne
601 1355 856 1403 cremata:
871 1354 1017 1412 sunt,
1039 1352 1094 1398 et
1113 1343 1354 1415 pecuniae
1372 1340 1584 1412 publice
1600 1338 1688 1413 μ’.
1708 1339 1806 1410 leg.
1826 1333 2058 1408 pubicae]

455 1439 698 1496 sociatae.
719 1438 848 1506 Qum
867 1452 998 1492 vero
1014 1452 1078 1490 ex
1095 1450 1202 1490 aere
1219 1433 1535 1489 mirabiliter
1558 1430 1697 1486 facta
1716 1429 2059 1494 videbantur,

459 1531 529 1587 ad
549 1525 1073 1600 Constantinopolim
1099 1537 1224 1583 sunt
1251 1526 1476 1582 advecta
1506 1533 1729 1580 ornatus
1753 1537 1915 1577 causa
1935 1521 2060 1593 (Αη.

460 1623 619 1681 Dom.
653 1619 802 1695 335),
835 1630 891 1677 et
913 1622 1179 1676 hactenus
1211 1620 1263 1674 in
1291 1619 1508 1690 publico
1537 1616 1825 1682 collocata,
1875 1621 1929 1668 et
1967 1627 2064 1683 per

460 1721 690 1793 plateas,
722 1726 776 1774 et
806 1718 861 1773 in
885 1719 1052 1786 circo,
1083 1727 1246 1786 atque
1276 1711 1636 1783 regalibus,id
1662 1719 1744 1767 est
1767 1709 1958 1782 Pythia
1981 1707 2065 1763 di-

2147 496 2373 562 repente
2401 483 2774 543 Nicomediam
2795 481 3051 539 deserens
3093 473 3756 546 Constantinopolitanam

2147 581 2374 652 arripuit
2399 580 2608 649 sedem,
2630 577 2835 648 regulis
2853 591 2886 632 e
2911 574 3128 632 diverso
3159 570 3590 638 clamitantibus,
3643 567 3757 640 epi-

2148 691 2345 747 scopos
2363 683 2422 731 et
2442 673 2789 745 presbyteros
2814 685 2922 725 non
2941 667 3105 724 licere
3125 682 3194 723 ex
3208 665 3313 720 alia
3335 663 3557 720 civitate
3577 669 3758 718 trans-

2151 769 2233 827 ire
2271 768 2339 824 ad
2381 769 2564 822 aliam.
2596 763 2706 820 Sed
2729 763 2925 818 mirum
2947 776 3058 817 non
3079 769 3167 816 cst
3193 765 3252 826 ut
3270 757 3366 830 qui
3387 756 3467 812 sic
3488 755 3760 810 ittsaniunt

2151 864 2409 918 adversus
2421 857 2692 929 Unigeuiti
2712 857 2990 924 deitatem,
3013 854 3238 909 licenter
3253 851 3420 906 etiam
3431 848 3567 903 alias
3587 855 3759 900 trans-

2152 955 2465 1027 grediautur
2491 953 2674 1023 ileges.
2719 948 2838 1004 Non
2865 947 3008 1004 enim
3058 955 3188 1000 tunc
3217 939 3569 1010 solummodo
3623 937 3761 993 hanc

2153 1047 2452 1105 novitatem
2482 1044 2630 1110 fecit,
2661 1041 2756 1097 sed
2785 1041 2950 1097 etiam
2982 1037 3113 1095 olim
3160 1035 3304 1091 aliud
3343 1033 3524 1091 simile
3568 1046 3759 1102 perpe-
3795 1090 3798 1091 ν

2156 1143 2336 1198 travit.
2370 1139 2473 1208 Qui
2499 1139 2625 1194 dum
2655 1138 2712 1192 in
2740 1136 2941 1208 Beryto
2971 1139 3116 1189 esset
3135 1130 3446 1202 episcopus,
3479 1124 3767 1180 transilivit

2159 1235 2214 1291 in
2243 1233 2635 1300 Nicomediam,
2667 1239 2723 1285 et
2751 1245 2822 1285 ex
2847 1243 2912 1284 ea
2940 1227 3120 1284 denuo
3160 1233 3283 1296 post
3303 1221 3598 1280 concilium
3625 1219 3765 1274 insa-

2162 1326 2252 1381 nia
2281 1335 2483 1381 auertat:
2502 1321 2797 1394 impietatis
2823 1328 3047 1376 exactus
3067 1325 3170 1386 est,
3194 1326 3250 1372 et
3271 1332 3393 1372 cum
3416 1329 3486 1370 eo
3514 1311 3766 1378 Theogo-

2164 1421 2286 1476 nius
2305 1419 2571 1473 Nicaanus:
2606 1413 2759 1483 Quod
2795 1414 3089 1484 imperator
3139 1407 3530 1466 Constantinus
3578 1403 3770 1459 litteris

2165 1515 2511 1573 manifestum
2537 1512 2686 1568 fecit.
2722 1509 2835 1579 Ego
2864 1523 2991 1564 vero
3019 1506 3142 1562 huic
3179 1503 3330 1575 operi
3359 1501 3525 1555 linem
3568 1497 3768 1568 episto-

2168 1608 2234 1664 lae
2263 1609 2505 1664 inserere
2527 1603 2791 1676 judicavi.
2816 1600 3043 1671 Scripsit
3071 1597 3214 1652 enim
3243 1595 3360 1649 hzec
3394 1588 3772 1646 Itiicomedieu~

2169 1702 2317 1758 sibus
2342 1719 2355 1755 :
2386 1699 2517 1767 Quis
2542 1705 2626 1755 est
2653 1696 2741 1752 hic
2767 1696 2859 1766 qui
2885 1693 2960 1748 ita
3000 1689 3262 1762 populum
3288 1685 3474 1742 docuit
3518 1684 3773 1738 innocen—

461 1779 723 1869 vinatoris
752 1779 1119 1881 Apollinis,'et'
1142 1779 1305 1862 musze
1330 1779 1696 1872 I'Ieliconides,
1725 1813 1778 1858 et
1813 1779 2068 1874 'Delphici
2099 1806 2146 1868 Β
2174 1805 2284 1852 tem
2306 1797 2330 1850 ?
2353 1793 2616 1852 Eusebius
2632 1793 2819 1862 utique
2849 1787 3139 1860 tyrannica:
3151 1782 3488 1840 dudelitatis
3508 1779 3770 1881 excultor.

463 1904 722 1976 tripodes.
748 1901 1097 1972 Spoliataque
1124 1909 1249 1957 sunt
1275 1900 1458 1969 jauuis
1501 1897 1724 1967 templa,
1749 1907 1806 1950 et
1859 1893 1963 1947 alia
1992 1893 2068 1947 la-

464 1996 756 2069 quearibus
787 2002 915 2049 sunt
942 1993 1164 2058 nudata,
1187 1992 1290 2045 alia
1321 2006 1454 2045 vero
1484 1990 1730 2057 neglecta
1760 1984 1827 2040 ad
1883 1982 2073 2038 sordes

465 2103 635 2158 nsque
684 2088 1000 2155 ruinamque
1057 2084 1313 2156 perducta
1368 2093 1513 2138 sunt.
1563 2081 1713 2136 Tunc
1758 2080 1937 2148 itaque
1971 2093 2070 2147 pe-

465 2183 678 2237 rierunt
699 2187 755 2233 et
783 2179 998 2249 penitus
1025 2186 1150 2232 sunt
1171 2191 1379 2242 eversa,
1400 2175 1450 2228 id
1471 2183 1571 2239 cst,
1606 2174 1658 2227 in
1683 2171 1853 2240 ngea
1873 2169 2073 2225 Ciliciae

466 2273 731 2341 templum
755 2269 1074 2340 Esculapii,
1102 2269 1230 2323 etin
1255 2268 1487 2336 Apliacis
1515 2265 1664 2334 juxta
1717 2271 1957 2317 montem
1987 2260 2075 2314 Li-

466 2360 693 2430 banum,
723 2367 782 2416 et
815 2360 1048 2415 Adonim
1070 2359 1286 2413 ﬂuvium
1331 2357 1559 2412 Veneris
1586 2356 1777 2410 domus
1803 2373 1816 2407 :
1848 2362 2077 2422 utraque

472 2455 616 2525 apud
667 2452 788 2507 illos
837 2452 1108 2521 insignia;
1142 2467 1207 2506 eo
1247 2451 1390 2520 quod
1422 2449 1665 2521 rEgeatac
1691 2448 2070 2517 gloriarentur,

472 2548 632 2618 quasi
664 2547 982 2614 languentes
1013 2560 1243 2614 corpore
1269 2550 1590 2600 curarentur
1632 2543 1772 2614 apud
1819 2559 1932 2609 eos,
1961 2542 2072 2597 da:-

473 2655 637 2696 mone
662 2640 913 2694 noctibus
941 2647 1235 2710 apparente
1257 2647 1418 2710 atque
1445 2647 1688 2694 curante.
1736 2636 1794 2692 In
1845 2637 2076 2708 Aphacis

473 2743 676 2800 autem,
700 2732 848 2802 quod
877 2748 976 2805 per
1004 2733 1403 2788 invoratiouem
1461 2731 1753 2802 quamdam
1785 2741 1935 2787 certo
1988 2731 2078 2785 die

474 2825 542 2880 de
570 2826 883 2880 summitate
909 2824 1100 2880 Libani
1123 2825 1322 2880 montis
1349 2825 1487 2895 ignis
1514 2824 1724 2894 fulgens
1747 2824 1911 2880 veluti
1932 2823 2079 2878 sidus

475 2920 534 2976 in
559 2921 867 2992 proximum
895 2920 1094 2977 ﬂumen
1128 2922 1388 2978 velociter
1409 2923 1788 2989 oceumbebat,
1817 2920 1967 2992 quod
1994 2921 2079 2976 di-

477 3012 670 3068 cebant
699 3011 964 3069 Venerem
992 3029 1132 3069 esse.
1159 3012 1458 3083 Somnum,
1489 3014 1580 3071 lib.
1635 3030 1695 3080 ιι,
1726 3031 1841 3084 cap.
1872 3013 1928 3083 4;
1951 3015 2080 3070 edit.

478 3102 674 3165 Christ.
712 3105 910 3179 .Vales.
932 3125 1051 3180 cap.
1079 3106 1130 3177 5,
1165 3127 1215 3180 p.
1248 3107 1373 3163 M9.

1062 3259 1295 3318 CAPUT
1339 3257 1482 3318 XXI.

839 3351 917 3412 De
944 3353 1278 3410 conversione
1294 3351 1654 3410 barbarorum.

553 3447 766 3502 Interea
785 3454 907 3501 cum
950 3445 1240 3501 multitudo
1271 3447 1433 3500 nimia
1475 3445 1715 3516 gentium
1741 3461 1810 3503 ex
1857 3445 2086 3503 Thracia

486 3539 790 3594 transiisset
809 3539 864 3592 in
895 3538 1097 3603 Asiam,
1123 3547 1177 3593 et
1199 3537 1290 3593 alii
1321 3539 1536 3595 aliunde
1583 3537 1800 3595 barbari
1851 3542 2088 3610 egissent

487 3637 676 3686 centra
700 3628 995 3696 Romanos,
1035 3629 1192 3684 multi
1237 3629 1580 3685 sacerdotum
1635 3627 1834 3686 Christi
1891 3633 2090 3704 captivi

488 3736 612 3777 cum
641 3722 720 3776 eis
745 3730 919 3776 erant.
951 3719 1195 3790 Cumque
1219 3721 1536 3790 languentes
1559 3727 1843 3793 curarent,
1888 3735 1942 3780 et
1989 3725 2093 3780 dae-

487 3825 677 3872 mones
705 3811 1024 3883 eﬂ'ugarent,
1050 3810 1326 3870 Christum
1349 3815 1688 3872 solummodo
1728 3817 2089 3889 nominantes,

489 3916 547 3961 et
568 3905 762 3961 Filium
791 3905 889 3961 Dei
915 3906 1250 3972 invocantes,
1302 3907 1524 3979 insuper
1571 3918 1626 3964 et
1680 3912 2094 3970 conversatione

489 4000 939 4073 philosophantes
967 4001 1299 4073 inculpabili,
1327 4011 1382 4058 et
1413 4018 1629 4060 omnem
1688 4006 1954 4060 maculam
1983 4007 2094 4061 vir-

491 4091 696 4147 tutibus
724 4092 1054 4158 evincentes,
1087 4094 1339 4150 admirati
1367 4094 1583 4150 barbari
1617 4097 1859 4151 virorum
1906 4099 2092 4165 vitam,

489 4184 654 4242 simul
683 4192 738 4240 et
765 4199 931 4255 opera
955 4187 1194 4257 egregia,
1223 4186 1364 4243 bene
1383 4201 1443 4244 se
1484 4203 1677 4259 sapere
1727 4189 2094 4258 crediderunt,

492 4285 552 4334 et
577 4279 745 4333 Deum
774 4279 979 4336 habere
1009 4280 1319 4351 propitium,
1372 4280 1417 4336 si
1454 4283 1708 4338 meliores
1758 4283 2100 4340 imitarentur

453 4370 764 4438 .bomines,
792 4379 850 4426 et
875 4372 1015 4428 sicut
1046 4373 1144 4442 ipsi
1175 4371 1660 4444 placarentDeu‘m.
1678 4371 1744 4429 Et
1765 4375 2101 4432 constititen-

492 4471 582 4520 tes
609 4465 826 4519 sibimet
854 4479 921 4520 ex
950 4467 1030 4521 eis
1057 4467 1198 4522 bene
1247 4467 1440 4537 agendi
1483 4476 1746 4535 rectores,
1797 4467 2100 4523 edoceban-

2173 1887 2332 1956 Quod
2359 1886 2503 1942 enim
2527 1885 2728 1954 ubique
2759 1881 2969 1954 tyranni
3022 1886 3278 1934 noscatur
3323 1890 3444 1933 esse
3491 1875 3683 1938 cliens,
3712 1888 3776 1929 ex

2172 1980 2358 2036 multis
2388 1979 2549 2032 rebus
2575 1980 2820 2046 apparet.
2853 1970 2970 2026 Hoc
2991 1984 3224 2040 namque
3251 1967 3524 2023 veracium
3569 1966 3775 2036 episeo-

2173 2089 2368 2146 porum
2398 2078 2622 2128 testatur
2653 2068 2921 2132 interitus,
2957 2063 3118 2136 23A.
3143 2064 3248 2119 hoc
3298 2063 3464 2118 etiam
3515 2059 3776 2116 Christia-

2178 2181 2375 2221 norum
2403 2161 2777 2219 crudelissima
2807 2157 3114 2230 persecutio
3160 2155 3362 2211 clamat
3408 2161 3623 2223 aperte.
3646 2149 3777 2206 Nihil

2177 2257 2323 2314 enim
2347 2255 2416 2311 de
2440 2254 2649 2325 injuriis
2672 2251 2803 2308 mihi
2830 2249 2987 2307 factis
3008 2264 3150 2306 nunc
3173 2247 3393 2318 aio,per
3412 2261 3552 2316 quas
3569 2243 3777 2315 quando

2179 2348 2418 2404 maxime
2441 2345 2792 2402 adversarum
2845 2343 3083 2415 partium
3139 2339 3345 2396 insidiae
3388 2337 3780 2403 discurrebant,

2180 2441 2284 2496 iste
2314 2439 2480 2495 etiam
2507 2439 2699 2494 oculos
2740 2444 2932 2492 contra
2961 2450 3049 2490 me
3093 2432 3327 2489 habebat
3373 2432 3631 2487 intentos.
3677 2426 3784 2483 'Cui

2189 2533 2294 2588 hoc
2314 2529 2485 2587 defuit
2511 2531 2706 2595 solum,
2729 2529 2874 2600 quod
2905 2544 3016 2584 non
3035 2535 3092 2582 et
3111 2535 3379 2580 armatum
3426 2521 3786 2579 ministerium

2181 2632 2415 2696 tyranno
2445 2619 2676 2679 licenter
2705 2620 2971 2678 exhibuit.
3004 2619 3194 2689 Neque
3236 2633 3325 2673 me
3352 2615 3612 2687 quispiam
3633 2621 3787 2686 putet

2189 2717 2256 2772 ad
2288 2713 2483 2770 horum
2517 2715 2894 2786 probationem
2921 2713 3098 2768 minus
3123 2713 3467 2767 instructum.
3524 2707 3784 2764 Iudicium

2182 2825 2419 2881 namque
2457 2808 2802 2865 n'lanifcstum
2833 2816 2936 2874 est,
2958 2805 3084 2877 quia
3115 2805 3461 2877 presbyteros
3513 2811 3574 2859 et
3611 2801 3783 2857 diaco-

2183 2921 2287 2961 nos
2313 2912 2602 2975 sequentes
2627 2901 2918 2957 Eusebium
2947 2906 3138 2970 aperte
3166 2906 3382 2954 constat
3421 2911 3455 2951 a
3484 2910 3576 2951 me
3605 2895 3784 2965 depre-

2182 2999 2406 3056 hensos.
2429 2997 2536 3052 Sed
2560 2996 2677 3051 haec
2697 2995 2912 3065 quidem
2937 3003 3152 3050 transeo
3179 3007 3313 3065 quae,
3330 3006 3476 3047 nunc
3516 3006 3632 3046 non
3654 2988 3783 3044 indi-

2186 3091 2458 3163 gnationis
2504 3090 2700 3160 gratia,
2753 3089 2847 3145 sed
2870 3087 2937 3144 ad
2975 3088 3186 3143 illorum
3231 3084 3612 3143 confusionem
3656 3098 3792 3140 amo

2111 3197 2162 3264 α
2190 3182 2401 3257 prolata
2431 3179 2561 3257 [ed.,
2585 3180 2836 3253 probata]
2860 3189 3177 3238 noscuntur.
3207 3179 3323 3236 Hoc
3344 3179 3521 3235 solum
3541 3177 3792 3248 formido,

2191 3279 2297 3334 hoc
2317 3277 2516 3348 cogito,
2545 3279 2690 3346 quod
2711 3291 2810 3330 vos
2831 3275 2899 3329 ad
2925 3273 3366 3330 communionem
3407 3271 3656 3327 criminis
3698 3287 3787 3326 vo-

2189 3373 2303 3428 cari
2330 3370 2625 3442 conspicio.
2654 3369 2882 3441 Propter
2899 3369 3117 3424 Eusebii
3139 3383 3374 3440 namque
3414 3367 3786 3423 seductiouem

2189 3473 2246 3523 et
2265 3464 2694 3534 subversioncm,
2717 3463 3106 3520 conscientiam
3132 3461 3452 3533 percepistis
3475 3477 3507 3516 a
3555 3462 3781 3517 veritate

2189 3570 2516 3630 separatam.
2541 3556 2651 3614 Sed
2679 3558 2781 3613 erit
2810 3557 2972 3628 hujus
2994 3557 3073 3613 rei
3103 3571 3211 3612 non
3241 3556 3396 3612 tarda
3417 3556 3731 3622 salubrius,
3753 3554 3795 3610 si

2191 3653 2502 3725 episcopum
2519 3652 2731 3708 fidelem
2759 3661 2814 3708 et
2839 3653 3107 3722 integrum
3133 3669 3275 3708 nunc
3304 3662 3610 3721 sumentes,
3633 3652 3797 3722 respi-

2194 3745 2348 3801 ciatis
2375 3744 2443 3801 ad
2471 3745 2660 3801 Deum.
2695 3741 2850 3811 Quod
2881 3745 3066 3813 utique
3087 3744 3153 3798 ad
3169 3758 3410 3814 praesens
3437 3744 3492 3798 in
3522 3743 3680 3798 vobis
3720 3748 3800 3797 est

2197 3837 2456 3902 studium,
2481 3847 2536 3893 et
2557 3833 2702 3892 istud
2724 3836 2778 3891 in
2801 3836 2954 3891 vobis
2984 3849 3104 3891 esse
3125 3843 3476 3906 oportuerat;
3519 3843 3578 3890 et
3605 3834 3798 3888 dudm

2197 3930 2252 3985 in
2298 3939 2480 3986 vestro
2535 3930 2776 4001 pendere
2809 3927 3040 4000 judicio,
3066 3928 3169 3984 nisi
3199 3929 3488 3998 praedictus
3540 3925 3800 3982 Eusebius

2196 4023 2433 4095 pessima
2485 4023 2832 4079 consciorum
2887 4036 3109 4078 suorum
3138 4021 3368 4078 tuitione
3410 4021 3649 4077 venisset
3703 4021 3802 4075 huc

2201 4117 2351 4190 [mss.
2381 4126 2431 4170 et
2459 4118 2584 4172 edit.
2623 4117 2707 4184 V.,
2733 4116 2861 4190 hic],
2888 4127 2944 4173 et
2971 4116 3216 4173 ordinem
3256 4116 3602 4173 rectitudinis
3635 4117 3800 4186 impu-

2205 4210 2524 4266 dentissime
2553 4207 2902 4265 confudisset.
2945 4206 3052 4265 Sed
3092 4208 3350 4278 quoniam
3396 4208 3465 4262 de
3504 4215 3804 4262 memorato

2201 4304 2435 4361 Eusebio
2466 4305 2605 4376 apud
2631 4313 2864 4360 vestram
2892 4303 3210 4360 charitatem
3238 4318 3341 4358 nos
3367 4303 3606 4358 breviter
3661 4303 3803 4370 loqui

2201 4395 2377 4461 decet,
2403 4393 2606 4450 audite.
2635 4394 2883 4449 Meminit
2906 4403 3086 4450 vestra
3109 4394 3372 4464 patientia
3402 4392 3605 4449 factum
3643 4394 3698 4448 in
3722 4393 3808 4448 Ni-

2203 4504 2312 4546 caea
2336 4489 2553 4544 civitate
2579 4487 2866 4544 concilium
2895 4506 2907 4540 :
2941 4487 3028 4543 cui
3064 4495 3120 4542 et
3148 4500 3250 4556 ego
3298 4487 3414 4557 ipse
3463 4486 3805 4542 conscientia:

499 4562 610 4621 tur,
637 4562 691 4609 et
711 4555 1145 4625 baptizabantur,
1171 4567 1228 4615 et
1280 4567 1677 4630 consequenter
1733 4559 1786 4616 in
1842 4562 2080 4618 ecclesia:

2207 4597 2341 4637 mete
2387 4581 2589 4637 cultum
2643 4580 2902 4635 decenter
2948 4555 3201 4647 exhibui,
3242 4555 3376 4634 nihil
3424 4577 3573 4633 aliud
3628 4579 3809 4633 volens

501 4647 876 4705 occurrebant.
916 4645 1220 4720 Somnum,
1243 4652 1333 4709 lib.
1366 4670 1424 4721 ιι,
1447 4671 1564 4726 cap.
1635 4649 1687 4710 5.
1710 4652 1857 4711 Edit.
1904 4654 2099 4712 Christ.

488 4739 692 4797 Vales.
715 4755 832 4811 cap.
863 4739 921 4810 6,
943 4760 995 4812 p.
1014 4742 1140 4799 451.

1088 4897 1320 4955 CAPUT
1361 4899 1528 4956 XXII.

506 4989 659 5060 Quod
679 4991 937 5049 Eusebius
968 4992 1384 5049 Nicomediensis
1413 4994 1932 5066 Constantmopowos
1951 5014 2100 5054 inva-

576 5069 701 5120 serit
723 5067 1100 5138 episcopatum,
1126 5077 1176 5122 ct
1196 5067 1260 5121 de
1281 5068 1470 5123 litteris
1498 5067 1830 5124 Constant—iui
1858 5071 2103 5126 adversus

579 5152 713 5191 eum.

577 5225 841 5283 Fautores
912 5227 1074 5298 igitur
1138 5229 1251 5286 Arii
1301 5232 1626 5301 nequissima
1679 5248 1788 5287 non
1834 5232 2104 5303 reliquere

507 5320 751 5375 consilia.
786 5317 958 5392 Hujus
983 5321 1126 5377 enim
1155 5337 1317 5379 causa
1347 5326 1399 5379 in
1431 5325 1769 5382 confessione
1793 5325 1915 5382 fidei
1945 5327 2108 5382 etiam

507 5413 758 5470 manibus
781 5423 1193 5486 consenserunt,
1219 5417 1312 5487 qui
1333 5426 1520 5489 postea
1553 5419 1746 5475 imitati
1792 5429 1918 5476 sunt
1961 5426 2112 5490 gesta

508 5505 781 5578 luporum.
805 5504 939 5562 Nam
961 5524 1084 5564 cum
1111 5510 1482 5566 sanctissimus
1503 5509 1828 5578 Alexander,
1875 5513 1963 5580 qui
1999 5513 2112 5568 suis

499 5599 848 5673 ‘oratiouibus
875 5599 1060 5656 Arium
1116 5600 1598 5671 fueratjaculatus,
1653 5606 1702 5658 id
1730 5612 1810 5660 est
1868 5604 2111 5676 Byzantii

497 5685 777 5766 pontifex,
804 5692 882 5747 sic
912 5693 1055 5749 enim
1087 5703 1214 5750 tunc
1241 5697 1540 5752 vocabatur
1593 5696 2106 5768 Constantinopolis,

499 5769 584 5854 ‘ad
607 5786 884 5841 meliorem
915 5787 1208 5842 translatus
1234 5789 1424 5845 {uisset
1465 5792 1646 5854 vitam,
1709 5788 1972 5846 Eusebius
2012 5792 2109 5847 de-

503 5849 704 5941 ζΪυιιιιοι·
726 5880 1037 5951 impietatis,
1093 5884 1488 5954 parvipendens
1541 5884 1751 5955 regulas
1803 5900 1938 5957 quas
1985 5895 2113 5945 ante

2209 4691 2371 4746 quam
2395 4673 2745 4731 concordiam
2767 4673 3020 4728 omnibus
3065 4671 3337 4740 fabricari,
3364 4682 3422 4726 et
3460 4686 3576 4742 pra:
3605 4669 3809 4727 cumulis

2210 4781 2438 4838 arguere
2476 4776 2531 4824 et
2558 4781 2839 4823 removere
2868 4766 3008 4822 hanc
3035 4780 3273 4831 causam,
3315 4781 3436 4837 quae
3489 4765 3808 4837 principium

2209 4859 2424 4931 quidem
2456 4858 2643 4914 habuit
2668 4874 2766 4929 per
2795 4857 2906 4912 Arii
2928 4856 3280 4912 Alexandrini
3310 4857 3642 4927 superbiam,
3693 4872 3812 4912 cor-

2209 4952 2465 5007 roborata
2489 4966 2619 5006 vero
2644 4959 2726 5006 est
2752 4965 2850 5022 per
2877 4947 3093 5004 Eusebii
3119 4964 3346 5021 pravum
3389 4946 3811 5019 pestiferuruque

2207 5051 2416 5099 votum.
2442 5041 2548 5099 Sed
2577 5043 2693 5114 ipse
2722 5039 3004 5109 Eusebius,
3036 5057 3070 5098 o
3097 5039 3358 5095 amabiles
3407 5047 3574 5110 atque
3601 5040 3809 5095 charis-

2209 5136 2349 5194 simi!
2370 5151 2493 5191 cum
2508 5142 2709 5206 quanta
2725 5132 3267 5206 putatisdiscussione
3280 5129 3544 5205 [ed.,Niv.
3559 5141 3612 5187 et
3625 5130 3812 5200 Proin,

2211 5228 2566 5303 discursione]
2613 5231 2834 5302 (quippe
2889 5227 3222 5285 conscientia
3263 5243 3366 5284 sua
3422 5227 3646 5297 victus),
3695 5242 3812 5280 cum

2217 5337 2417 5397 quanta
2447 5323 3059 5383 confusionemendacio
3089 5321 3274 5392 utique
3321 5322 3602 5378 declarato
3627 5322 3814 5396 ,ἀθεε-

2216 5421 2343 5478 bat?
2366 5421 2666 5476 Immittens
2686 5419 2904 5490 quidem
2928 5418 3058 5473 mihi
3079 5418 3340 5486 diversos,
3367 5417 3461 5486 qui
3490 5431 3590 5486 pro
3631 5431 3699 5470 eo
3724 5414 3818 5469 de-

2217 5520 2537 5584 poscerent;
2563 5520 2752 5583 petens
2777 5525 2910 5567 vero
2940 5527 2970 5565 a
3000 5526 3088 5564 me
3130 5509 3401 5579 quoddam
3441 5508 3724 5576 solatium,
3754 5521 3820 5562 ne

2219 5613 2369 5660 tanto
2398 5606 2541 5660 malo
2571 5605 2871 5672 convictus,
2897 5619 2996 5659 suo
3027 5604 3235 5658 honore
3285 5605 3610 5672 privaretur.
3645 5599 3824 5656 Tes‘tis

2217 5709 2302 5764 est
2329 5700 2460 5755 mihi
2487 5700 2631 5755 Deus
2658 5699 2816 5769 hujus
2846 5698 2945 5766 rei,
2971 5698 3063 5768 qui
3085 5705 3140 5753 et
3171 5697 3223 5752 in
3245 5713 3332 5752 me
3361 5705 3418 5753 et
3457 5697 3513 5752 i
3539 5697 3701 5752 vobis
3727 5697 3821 5752 ho-

2219 5793 2384 5862 nigno
2413 5809 2601 5850 amore
2621 5795 2903 5850 consistat.
2935 5791 3069 5847 Nam
3095 5790 3260 5846 etiam
3309 5805 3399 5845 me
3417 5790 3517 5846 ille
3566 5790 3821 5856 devertit,

2219 5895 2278 5945 et
2298 5887 2610 5946 indecenter
2631 5888 2879 5956 arripuit,
2907 5884 3052 5958 quod
3077 5899 3174 5945 vos
3196 5899 3414 5956 quoque
3451 5885 3648 5943 nostis.
3676 5883 3719 5940 Τ
3725 5895 3825 5941 unc
