4006 6496
239 427 332 485 Ml

1295 425 1618 484 IIISTOBIA
1659 423 2098 480 TRIPARTI'I‘A.
2144 425 2344 480 LIBER
2382 429 2448 483 II.

3421 433 3526 484 933

243 539 380 596 enim
401 537 584 594 omnia
635 546 788 611 gesta
809 544 933 595 sunt
974 538 1114 593 sicut
1157 539 1276 609 ipse
1313 538 1672 603 desiderabat,
1701 535 1825 608 quia
1855 538 1912 600 Α
1930 546 2142 602 verant,-
2172 547 2369 595 etcum
2391 540 2469 595 eis
2498 548 2761 596 venerunt
2785 542 2850 598 ad
2882 544 3238 601 Antiochiam.
3265 542 3334 600 Et
3376 546 3528 602 sche-
3554 546 3569 636 [

244 645 398 688 omne
426 631 628 686 malum
659 632 713 686 in
740 646 838 687 sua
867 630 1197 686 conscientia
1225 629 1575 686 recondebat.
1633 627 1742 683 Sed
1769 635 1829 682 ut

244 733 432 782 cetera
452 728 823 798 perversitatis
849 726 965 795 ejus
992 725 1257 792 omittam,
1286 725 1416 794 quid
1453 713 1689 779 maxime
1709 737 1832 778 cum

243 815 554 888 'I'heogom'o‘
576 818 828 889 nequitiae
850 832 961 873 sua!
989 817 1254 888 participe
1274 815 1469 886 egerit,
1499 815 1700 880 audite,
1741 812 1836 868 de-

245 913 426 980 posco.
460 909 858 966 Alexandrinos
875 909 1141 980 quosdam
1169 925 1198 963 a
1226 915 1413 964 nostra
1437 907 1543 964 fide
1569 906 1830 962 receden-

247 1010 322 1057 tes
349 1001 456 1058 huc
486 1002 633 1077 [mss
667 1009 720 1058 et
743 1003 827 1058 ed.
865 999 960 1069 V.,~
1007 1002 1120 1073 hic]
1167 1001 1423 1057 destinari
1450 1013 1832 1070 praeceperam.

246 1095 498 1162 quoniam
520 1092 716 1150 horum
743 1095 1044 1150 ministerio
1071 1093 1266 1150 mentis
1292 1093 1540 1148 damas
1586 1091 1832 1160 urgebat.

248 1184 348 1240 Sed
379 1186 468 1241 isti
496 1187 715 1256 benigni
733 1195 787 1241 et
815 1186 1004 1257 optimi
1034 1186 1191 1240 nimis
1211 1185 1469 1256 episcopi,
1493 1197 1630 1254 quos
1675 1181 1836 1237 simul

247 1275 460 1330 concilii
490 1277 688 1333 veritas
708 1275 777 1331 ad
795 1276 1170 1348 paenitentiam
1185 1275 1516 1340 reservabat,
1530 1288 1637 1329 non
1659 1271 1836 1327 solum

248 1377 568 1439 receperunt
589 1385 703 1437 eos,
735 1377 790 1426 et
819 1370 960 1442 apud
982 1385 1040 1425 se
1069 1376 1501 1435 reservavsrunt,
1549 1367 1643 1422 sed
1673 1367 1837 1422 etiam

247 1461 401 1518 malis
423 1475 611 1518 eorum
635 1464 1003 1520 voluntatibus
1031 1463 1430 1519 communicare
1457 1463 1832 1518 decreverunt.

245 1551 583 1624 Quapropter
607 1555 710 1611 hoc
731 1557 878 1611 circa
889 1557 1021 1611 istos
1045 1556 1284 1625 ingratos
1312 1554 1526 1609 decrevi
1553 1565 1834 1622 peragere,

245 1655 302 1700 ut
329 1648 540 1720 abrepti
559 1651 753 1719 procul
775 1633 1189 1720 deportarentur
1210 1649 1422 1704 exsilio.
1465 1646 1616 1701 Nunc
1654 1643 1838 1715 itaque

244 1749 484 1794 vestrum
507 1750 592 1796 est
620 1742 692 1796 ad
717 1741 890 1796 Deum
923 1743 1014 1797 ilia
1035 1742 1144 1808 ﬁde
1164 1742 1460 1814 respicere,
1489 1755 1596 1811 qua
1623 1753 1838 1810 semper

243 1839 296 1886 et
317 1830 434 1887 ﬁeri
463 1834 736 1897 convenit,
759 1817 959 1889 ePesse
985 1834 1159 1899 decet,
1201 1844 1256 1889 et
1309 1849 1490 1903 agere.
1535 1831 1834 1904 Episcopos

1938 644 2026 684 ma
2055 629 2274 698 quidem
2294 632 2392 687 sub
2415 643 2620 688 honore
2653 636 3078 704 praemittebatur
3113 637 3376 694 adventus
3431 655 3524 698 eo-
3554 629 3573 718 ξ

1900 733 1906 738 '
1936 737 2091 786 rum;
2121 722 2266 791 quoii
2294 738 2422 778 vero
2450 725 2860 797 pr0pinabatur,
2904 737 3022 783 erat
3051 728 3264 797 pietatis
3300 729 3519 785 bellum.
3552 749 3557 754 ’

1938 813 2212 869 Mulierem
2244 830 2476 885 namque
2512 825 2847 888 prostantem
2895 822 3143 876 mercede
3189 824 3527 893 negotiantes

1937 905 2069 979 [ed.,
2086 905 2210 962 Niv.
2234 917 2282 961 et
2305 903 2496 977 Frob.,
2518 908 2928 983 conducentes],
2953 919 3009 966 et
3033 911 3269 982 linguam
3290 915 3404 985 ejus
3425 916 3525 972 sibi

1939 997 2175 1068 impendi
2203 1000 2610 1070 persuadentes,
2640 1001 2708 1058 ad
2751 1001 3042 1058 concilium
3079 1013 3343 1060 venerunt
3397 1005 3522 1078 (An.

1938 1089 2094 1145 Dom.
2120 1090 2267 1161 531).
2294 1090 2532 1158 Proinde
2557 1093 2692 1149 alios
2719 1108 2907 1150 omnes
2927 1093 3073 1150 foras
3101 1095 3181 1150 ire
3207 1095 3524 1166 praecipien-

1938 1188 2040 1249 tes,
2068 1190 2152 1238 ter
2172 1183 2534 1245 miserrimam
2581 1184 2932 1242 introduxere
2981 1186 3282 1243 mulierem.
3343 1188 3414 1242 At
3439 1187 3532 1242 illa

1938 1274 2258 1330 infantulum
2298 1277 2398 1331 sub
2460 1278 2693 1334 mamilla
2753 1280 3165 1348 demonstrans,
3232 1280 3412 1336 aiebat
3463 1295 3531 1336 ex

1939 1367 2230 1422 concubitu
2251 1365 2518 1424 Eustathii
2540 1370 2688 1424 illum
2715 1385 2774 1426 se
2799 1379 2856 1426 et
2879 1373 3191 1442 concepisse
3204 1380 3260 1427 et
3287 1385 3532 1442 generas-

1940 1472 2020 1525 se,
2052 1472 2282 1527 eumque
2303 1457 2569 1516 clamabat
2606 1463 2798 1533 saepius
2823 1463 3206 1533 impudentem.
3239 1461 3288 1519 Is
3317 1473 3497 1520 autem
3516 1507 3532 1532 ,

1940 1548 2032 1618 qui
2055 1549 2335 1606 calumnite
2354 1551 2471 1622 ejus
2498 1561 2608 1607 tam
2638 1553 2936 1610 manifesta:
2962 1555 3209 1610 conscius
3230 1563 3368 1625 erat,
3416 1555 3534 1626 jus-

1941 1639 2010 1696 sit
2033 1647 2090 1695 ut
2119 1639 2261 1697 hanc
2289 1657 2405 1699 rem
2431 1645 2476 1699 si
2506 1645 2597 1714 qui
2620 1648 2826 1700 scirent
2853 1645 3182 1702 deducerent
3209 1645 3336 1718 [ed.,
3367 1645 3538 1703 dedni

1939 1732 2212 1804 cerentur]
2243 1735 2308 1789 ad
2337 1737 2592 1792 medium.
2625 1737 2721 1793 Illa
2741 1753 2871 1793 vero
2895 1738 3105 1793 dicente
3128 1740 3334 1793 nullum
3360 1753 3418 1793 se
3440 1741 3538 1794 ha-

1939 1827 2070 1881 bere
2093 1830 2457 1885 accusationis
2484 1839 2696 1897 testem,
2739 1830 3115 1901 jusjurandum
3156 1832 3207 1886 ei
3254 1832 3539 1901 justissimi

243 1925 384 1979 enim
419 1925 750 1995 purificatos,
779 1935 834 1983 et
855 1928 1208 1992 orthodoxos,
1235 1936 1398 1997 atque
1423 1925 1715 1982 clementes
1733 1941 1836 1983 nos

1941 1916 2144 1987 judices
2165 1919 2460 1976 intulerunt
2479 1939 2492 1986 ;
2516 1921 2636 1991 lege
2649 1921 2856 1978 scilicet
2875 1932 3063 1992 aperte
3077 1923 3341 1978 clamante
3355 1923 3533 1994 (Deut.

239 2015 548 2091 gaudemus.
562 2017 786 2074 habere.
814 2017 874 2072 Si
897 2017 1018 2088 quis
1042 2025 1227 2072 autem
1253 2015 1323 2071 ad
1363 2016 1680 2072 memoriam
1726 2015 1840 2072 illo-

239 2123 356 2164 rum
388 2109 777 2179 pestilentium,
805 2118 900 2165 aut
927 2109 994 2164 ad
1020 2108 1237 2164 laudem
1285 2108 1584 2180 improvide
1631 2123 1838 2179 praesu-

237 2200 337 2255 mit
363 2201 593 2256 forsitan
621 2203 866 2271 excitari,
899 2211 1125 2274 repente
1164 2202 1220 2258 in
1269 2218 1367 2259 sua
1417 2202 1839 2272 prmsumptione

243 2292 480 2347 ministri
504 2291 622 2360 Dei,
637 2293 742 2349 hoc
761 2302 846 2350 est
871 2310 995 2350 meo
1019 2309 1186 2364 opere
1212 2294 1618 2366 comprimetur.
1649 2295 1837 2349 Domi-

237 2398 341 2437 nus
369 2398 470 2439 vos
489 2386 776 2451 custodiat,
800 2373 996 2442 fratres
1039 2386 1358 2443 charissimi.
1415 2385 1832 2451 THIODOIETUS,

237 2471 330 2527 lib.
361 2489 406 2543 ι,
453 2490 573 2546 cap.
606 2465 674 2530 18
697 2483 747 2531 et
777 2474 862 2544 l9,
893 2495 948 2548 p.
981 2467 1071 2534 49.

794 2608 1024 2665 CAPUT
1063 2609 1254 2668 XXIII.

241 2695 394 2762 Quod
419 2714 599 2755 rursus
618 2697 873 2775 Eusebius
924 2702 1065 2775 apud
1116 2701 1512 2759 Constantinum
1558 2705 1839 2775 impetrata

687 2774 837 2826 uenia
863 2788 959 2842 pro
987 2773 1202 2828 Arionis
1232 2776 1413 2845 egerit.

309 2860 466 2918 Tunc
485 2862 648 2934 igitur
691 2864 780 2919 isti
810 2872 868 2920 et
906 2864 1168 2934 damnati,
1197 2875 1253 2922 et
1294 2881 1326 2922 e
1353 2867 1660 2924 civitatibus
1713 2877 1840 2924 sunt

237 2953 472 3022 expulsi.
497 2952 568 3008 Et
595 2954 648 3009 in
677 2954 988 3011 Nicomedia
1008 2957 1224 3026 quidem
1265 2958 1538 3029 Amphion
1569 2959 1696 3032 [ed.,
1727 2958 1839 3030 Ap-

237 3041 390 3115 pion]
425 3044 714 3116 episcopus
743 3046 1025 3104 ordinatus
1051 3057 1157 3118 est,
1185 3049 1237 3104 in
1258 3050 1438 3106 Nicaea
1462 3062 1643 3108 autem
1664 3051 1835 3109 Chre—

235 3143 379 3190 stus.
413 3135 522 3190 Sed
545 3154 730 3194 rursus
751 3148 1040 3196 consuetas
1061 3142 1488 3200 machinationes
1499 3152 1839 3216 exercentes,

237 3234 294 3280 et
320 3230 668 3297 imperatoris
690 3233 1030 3288 clementiam
1066 3237 1436 3293 accessibilem
1477 3240 1589 3298 suis
1609 3237 1838 3296 fallaciis

1941 2025 2053 2076 xux,
2081 2008 2168 2080 15)
2200 2027 2212 2063 :
2244 2010 2302 2065 In
2323 2011 2532 2069 duobus
2560 2022 2654 2072 aut
2681 2016 2850 2070 tribus
2871 2015 3098 2070 testibus
3126 2015 3273 2070 credi
3298 2030 3416 2071 esse
3446 2031 3536 2070 νει-

1941 2103 2107 2167 racia,
2129 2119 2246 2172 quae
2269 2103 2560 2174 dicuntur;
2591 2122 2801 2163 necnon
2829 2118 2882 2162 et
2903 2109 3166 2178 Apostolo
3195 2108 3537 2178 {suscipiente

1940 2192 1994 2264 (I
2012 2195 2144 2248 Tim.
2159 2209 2210 2260 ν,
2245 2197 2360 2266 19),
2389 2207 2449 2252 ut
2473 2200 2648 2254 nullus
2673 2200 2932 2256 adversus
2951 2200 3322 2274 presbyterum
3349 2201 3537 2257 inscri-

1941 2287 2180 2356 ptionem
2212 2288 2340 2364 [ed.,
2375 2291 2797 2363 accusationem]
2828 2291 3028 2349 factam
3076 2302 3228 2349 extra
3256 2293 3391 2350 duos
3446 2304 3538 2349 aut

1942 2386 2053 2434 tres
2078 2388 2242 2437 testes
2270 2384 2519 2452 accipiat.
2574 2381 2698 2449 Sed
2729 2385 2816 2440 isti
2896 2400 3076 2441 sacras
3131 2393 3538 2442 contemnentes

1938 2469 2108 2541 leges,
2136 2481 2326 2528 contra
2347 2472 2509 2529 talem
2531 2476 2709 2530 virum
2730 2478 3129 2532 accusationem
3158 2477 3274 2534 sine
3290 2480 3536 2535 testimo-

1939 2566 2034 2620 nio
2063 2579 2402 2638 receperunt.
2436 2567 2572 2623 Cum
2619 2584 2748 2640 ergo
2789 2571 2878 2625 illa
2921 2571 3116 2627 mulier
3163 2570 3537 2641 jusjurandum

1938 2660 2100 2731 335
2127 2661 2464 2730 praebuisset,
2490 2661 2688 2731 adjecit
2715 2680 2728 2715 :
2762 2662 3037 2716 afﬁrmans
3089 2663 3214 2731 quia
3253 2662 3428 2718 infans
3447 2664 3537 2719 ille

1939 2751 2007 2806 de
2027 2753 2316 2806 concubitu
2345 2761 2487 2808 esset
2513 2751 2800 2807 Eustathii.
2847 2751 2999 2809 Tunc
3045 2753 3229 2820 itaque
3276 2763 3534 2823 tanquam

1940 2843 2194 2900 adversus
2213 2847 2514 2902 adulterum
2536 2848 2621 2902 isti
2646 2855 2918 2904 amatores
2963 2849 3206 2904 veritatis
3260 2851 3536 2920 protulere

1940 2935 2238 3004 decretum,
2295 2937 2414 2992 aliis
2455 2940 2654 3009 quippe
2678 2940 2744 2995 de
2797 2935 3306 3011 pontiﬁcibus(cum
3351 2937 3534 3010 utique

1939 3031 2093 3086 multi
2122 3031 2388 3097 adessent,
2422 3041 2478 3089 et
2505 3049 2604 3104 pro
2631 3033 2946 3104 apostolicis
3001 3035 3339 3104 dogmatibus
3374 3049 3534 3106 repu-

1940 3133 2191 3194 gnarent,
2215 3131 2269 3179 et
2294 3126 2618 3182 omnimodis
2643 3142 2764 3196 qua:
2782 3127 2995 3183 fuerant
3016 3129 3337 3184 concinnata
3358 3130 3534 3185 nesci-

1941 3217 2112 3290 rent)
2191 3227 2377 3289 aperte
2433 3220 2868 3289 reclamantibus,
2902 3230 2958 3276 et
3019 3236 3271 3292 magnum
3346 3223 3535 3278 Eusta-

235 3317 601 3387 invenientes,
627 3323 859 3379 restituti
887 3334 1034 3394 sunt,
1057 3326 1402 3398 prioremque
1425 3329 1723 3400 potentiam
1745 3345 1833 3386 re-

1942 3312 2115 3368 thium
2191 3314 2662 3384 collaudantibus,
2736 3317 3121 3388 decretumque
3189 3318 3404 3374 illorum
3440 3320 3536 3375 ini-

235 3421 526 3482 cepernnt.
577 3411 844 3472 Eusebius
896 3419 1117 3483 etenim,
1173 3419 1314 3474 sicut
1353 3419 1467 3491 jam
1495 3420 1629 3490 dixi,
1676 3423 1840 3478 etiam

236 3501 904 3576 Constantinopolitanum
927 3510 1098 3565 tenuit
1119 3512 1358 3581 tyranice
1386 3513 1754 3583 praesulatum,
1783 3521 1842 3570 et

237 3583 516 3666 potiorem
566 3600 807 3672 percepit
853 3603 1348 3674 prmsumptionem,
1401 3604 1716 3675 frequenter
1767 3606 1840 3662 ad

238 3688 632 3760 imperatorem
653 3693 900 3759 veniens,
931 3702 987 3751 et
1012 3695 1262 3752 fiduciam
1287 3711 1355 3752 ex
1381 3698 1570 3754 crebra
1599 3698 1837 3756 collocu-

239 3779 389 3836 tione
418 3790 715 3853 mercatus,
743 3793 933 3841 contra
957 3787 1202 3842 veritatis
1223 3796 1648 3859 propugnatores
1665 3805 1838 3848 saevas

236 3875 625 3930 contentiones
651 3874 905 3932 instituit.
932 3873 998 3931 Et
1025 3878 1257 3949 primum
1305 3880 1523 3951 quidem
1551 3897 1751 3953 cupere
1777 3897 1838 3939 se

236 3961 748 4036 Hierosolymorum
779 3967 900 4022 loca
925 3965 1199 4038 professus
1219 3978 1320 4038 est,
1344 3979 1399 4027 et
1427 3973 1834 4043 imperatorem,

237 4063 503 4128 tanquam
553 4055 966 4115 famosissimum
1013 4063 1223 4120 visurus
1263 4063 1634 4134 :edificationis
1678 4080 1834 4136 opus,

236 4149 470 4218 provida
495 4151 823 4220 cogitatione
852 4155 1101 4225 captavit.
1135 4154 1473 4227 Quapropter
1501 4173 1622 4212 cum
1668 4159 1838 4212 multo

237 4237 455 4316 honore
486 4231 736 4298 dimissus
759 4253 862 4314 est,
908 4246 1237 4318 imperatore
1291 4249 1538 4304 vehicula
1577 4259 1632 4303 et
1659 4250 1762 4304 alia
1787 4251 1838 4305 ei

235 4330 603 4387 distribuente
630 4335 842 4390 solatia.
867 4336 1148 4393 Profectus
1194 4339 1355 4407 igitur
1408 4347 1493 4394 est
1518 4355 1638 4395 cum
1687 4355 1753 4396 eo
1781 4347 1840 4396 et

237 4407 596 4493 Theogonius
622 4420 889 4490 Nicaenus,
913 4429 1183 4498 particeps
1209 4429 1563 4498 malignorum
1593 4430 1840 4486 consilio-

234 4530 360 4570 rum
391 4513 536 4580 ejus,
567 4513 724 4567 sicuti
747 4513 860 4584 jam
916 4517 1167 4574 diximus.
1221 4518 1636 4589 Tnsononn'rus,
1678 4520 1766 4576 lib.
1793 4538 1833 4589 ι,

235 4623 355 4678 cap.
393 4604 466 4660 20
492 4614 544 4661 et
571 4597 660 4661 21.
691 4606 835 4663 Εάιι.
861 4608 1050 4665 Christ.

812 4745 1041 4802 CAPUT
1080 4747 1260 4805 XXIV.

240 4832 360 4898 Qua
392 4834 584 4915 fraude
611 4833 915 4915 Eustathius
938 4839 1286 4915 Antiochenus
1328 4841 1395 4894 sit
1434 4843 1728 4915 episcopatu
1755 4848 1840 4901 de-

310 4907 593 5029 positusdet
613 4907 928 5029 inexilium
948 4910 1267 4981 deportatus,
1291 4921 1340 4966 et
1359 4912 1446 4983 qui
1464 4907 1581 4983 post
1593 4907 1708 4970 eum
1720 4919 1835 4990 fue-

312 4994 394 5029 rm
445 4993 507 5029 or
548 4993 636 5029 tua
661 4995 698 5029 ι.

312 4993 421 5030 ηηι
445 4993 698 5031 oramau.

310 5062 614 5124 Venientes
635 5061 919 5144 autemyin
960 5073 1326 5144 Antiochiam,
1374 5085 1430 5132 et
1480 5078 1836 5136 amicitiarum

239 5157 420 5215 induti
444 5149 678 5228 vultum,
707 5162 939 5218 maxima
961 5165 1281 5222 mulcatione
1297 5167 1426 5242 [ed.,
1442 5166 1566 5243 Niu.
1580 5180 1629 5224 et
1647 5167 1834 5240 Frob.,

239 5251 672 5322 ministratione]
712 5254 868 5324 potiti
902 5265 1046 5333 sunt.
1079 5257 1334 5315 Veritatis
1357 5262 1499 5315 enim
1536 5276 1839 5333 propugna-

242 5352 330 5400 tor
357 5339 594 5414 magnus
621 5341 930 5400 Eustathius
962 5332 1164 5419 largam
1187 5351 1264 5407 eis
1289 5332 1706 5423 hospitalitatem
1727 5356 1838 5411 fra-

242 5426 523 5492 ternitatis
551 5437 817 5494 exhibuit.
842 5437 1084 5510 Cumque
1106 5442 1172 5496 ad
1194 5445 1553 5501 sacratissima
1573 5448 1693 5502 loca
1719 5464 1840 5517 per-

241 5530 547 5594 venissent,
577 5536 632 5583 et
659 5530 956 5586 concordes
983 5532 1240 5588 vidissent
1258 5549 1369 5598 eos,
1415 5537 1518 5591 hoc
1540 5545 1644 5606 est,
1675 5537 1843 5596 Euse-

242 5615 393 5674 bium
424 5612 837 5686 Czesariensem,
863 5619 1289 5694 Scythopolitam
1343 5625 1731 5696 Patrophilum,
1786 5639 1845 5688 et

241 5709 464 5764 Aetium
485 5707 702 5780 Lyddm,
737 5707 1015 5769 Laodicea:
1042 5713 1377 5772 Theodotum
1403 5728 1458 5773 et
1486 5720 1619 5776 alios
1647 5724 1736 5792 qui
1768 5724 1843 5780 le-

243 5805 401 5872 pram
431 5797 549 5852 Arii
570 5811 936 5872 susceperant,
960 5803 1334 5860 nuntiaverunt
1358 5809 1434 5863 eis
1462 5809 1604 5878 quod
1646 5813 1846 5882 cogita-

1943 3417 2109 3476 quum
2133 3407 2332 3479 suscipi
2361 3409 2795 3479 prohibentibus.
2827 3410 2943 3468 Hoc
2966 3413 3149 3483 itaque
3186 3413 3351 3480 facto,
3380 3413 3532 3470 velo-

1943 3499 2079 3556 citer
2099 3500 2258 3572 hujus
2276 3509 2420 3558 notae
2438 3502 2566 3577 [ed.,
2591 3503 2718 3560 Niv.
2749 3513 2800 3561 et
2818 3502 3006 3575 Frob.,
3031 3504 3212 3579 noxae]
3235 3508 3534 3564 concinna-

1942 3602 2094 3654 tores
2119 3593 2188 3651 ad
2215 3598 2596 3668 imperatorem
2619 3597 2847 3670 profecti
2875 3603 3019 3666 sunt,
3062 3601 3221 3671 eique
3258 3615 3535 3672 persuase-

1941 3696 2068 3744 runt
2086 3689 2212 3760 quia
2235 3706 2363 3745 vera
2382 3689 2571 3747 fuisset
2599 3691 2882 3762 inscriptio
2926 3693 3054 3767 [ed.,
3111 3694 3427 3766 accusatio],
3479 3703 3535 3749 et

1941 3779 2297 3852 depositionis
2323 3781 2594 3840 Eustatbii
2616 3784 2761 3856 justa
2785 3786 3053 3841 sententia
3101 3801 3262 3855 quem
3278 3796 3533 3858 tanquam

1941 3875 2248 3932 adulterum
2275 3886 2437 3948 atque
2461 3886 2748 3949 tyrannum
2768 3879 2964 3949 expelli
3012 3878 3274 3943 fecerunt,
3323 3881 3531 3935 exerci-

1941 3975 2171 4046 tatorem
2188 3969 2404 4040 pietatis
2429 3967 2590 4026 simul
2611 3977 2668 4025 et
2693 3970 2961 4025 castitatis
2989 3970 3284 4038 egregium.
3316 3967 3384 4023 Et
3439 3970 3531 4026 ille

1939 4061 2156 4130 quidem
2186 4075 2284 4131 per
2306 4059 2561 4115 Thracias
2589 4061 2656 4115 ad
2682 4061 2878 4131 Illyrici
2907 4061 3168 4115 deductus
3221 4069 3306 4114 est
3339 4060 3532 4119 civita-

1941 4159 2070 4206 tem.
2102 4151 2194 4205 lsti
2217 4167 2347 4206 vero
2375 4153 2525 4222 prius
2551 4152 2767 4221 quidem
2797 4167 2896 4223 pro
2920 4167 2985 4207 eo
3011 4152 3394 4208 ordinaverunt
3419 4153 3531 4210 Eu-

1944 4242 2150 4296 lalium.
2185 4240 2324 4308 Quo,
2358 4250 2602 4314 tempore
2630 4257 2822 4313 pauco,
2853 4243 3087 4309 vivente,
3119 4242 3409 4300 Eusebium
3429 4242 3533 4300 Pa-

1951 4333 2311 4388 lazstinensem
2344 4333 2470 4388 illuc
2491 4333 2638 4406 [ιηδε.
2669 4342 2717 4386 et
2738 4333 2822 4388 ed.
2856 4333 2940 4399 V.,
2991 4333 3123 4408 illic]
3172 4335 3404 4403 migrare
3430 4351 3530 4390 νο·
3565 4393 3570 4396 _

1940 4423 2159 4478 luerunt
2183 4441 2199 4490 ;
2236 4437 2410 4494 eoque
2437 4423 2672 4494 fugiente
2694 4424 3073 4493 mutatioaem,
3096 4434 3150 4479 et
3179 4425 3336 4480 simul
3360 4425 3532 4497 impe-

1940 4524 2125 4570 ratore
2152 4515 2494 4586 prohibente,
2519 4513 2762 4570 fecerunt
2783 4515 3176 4586 Euphronium.
3201 4515 3318 4584 Quo
3345 4517 3527 4584 etiam,

1943 4623 2085 4662 anno
2137 4615 2193 4662 et
2247 4607 2433 4678 paucis
2485 4605 2762 4686 mensibus
2816 4606 2871 4662 in
2920 4606 3231 4678 episcopatu
3254 4607 3527 4677 defuncto,

1857 4681 1916 4745 D
1945 4700 2151 4757 Placito
2182 4711 2207 4738 θ
2239 4700 2378 4756 illius
2412 4683 2670 4756 Ecclesia:
2700 4700 2968 4756 tradidere
2997 4702 3390 4772 pontificatum.
3439 4700 3532 4757 Isti

1945 4811 2077 4850 vero
2098 4809 2288 4850 omnes
2309 4801 2515 4865 pestem
2544 4793 2654 4847 Arii
2678 4794 2912 4849 habuere
2955 4795 3203 4850 celatam.
3237 4793 3530 4863 Propterea

1946 4905 2180 4960 namque
2204 4889 2358 4944 multi
2381 4890 2466 4960 pie
2490 4889 2805 4954 viventium,
2838 4897 2893 4944 et
2920 4889 3284 4954 sacerdotum,
3344 4895 3398 4942 et
3444 4902 3533 4942 re-

1946 4982 2238 5052 liquormn,
2296 4981 2662 5036 ecclesiastica
2709 4981 3076 5050 relinquentes
3121 4980 3365 5050 collegia,
3389 4980 3531 5051 apud

1947 5073 2265 5144 semetipsos
2286 5072 2702 5128 conveniebant.
2724 5071 2870 5139 Quos
2900 5073 3132 5128 universi
3151 5071 3533 5127 Eustatbianos

1945 5164 2308 5237 appellabant,
2338 5163 2464 5233 quia
2494 5171 2616 5233 post
2643 5178 2916 5234 egressum
2946 5164 3088 5218 illius
3133 5177 3378 5219 seorsum
3401 5179 3533 5218 con-

1944 5257 2322 5326 gregabantur.
2350 5255 2522 5312 Porro
2549 5257 2742 5313 mulier
2766 5258 2856 5312 illa
2880 5265 2962 5311 ter
2988 5257 3184 5310 misera
3227 5256 3531 5327 passionem

1945 5347 2301 5404 crudelissimi
2331 5347 2604 5416 languoris
2626 5347 2928 5413 incurrens,
2981 5343 3350 5400 manifestavit
3405 5345 3533 5400 insi-

1945 5439 2094 5506 dias;
2139 5447 2193 5494 et
2224 5437 2371 5493 illam
2405 5437 2677 5508 tragoedia
2697 5435 3143 5506 compositionem
3175 5436 3378 5507 pariter
3404 5451 3533 5492 enu—

1947 5530 2114 5596 d'avit,
2146 5546 2254 5585 non
2275 5529 2484 5586 duobus
2505 5529 2593 5585 vel
2621 5529 2816 5596 tribus,
2837 5528 2931 5583 sed
2978 5521 3162 5586 multis
3203 5528 3356 5585 valde
3402 5530 3532 5598 [ed.,

1951 5621 2262 5696 admodum]
2285 5622 2679 5688 sacerdotibus,
2725 5637 2846 5690 quae
2884 5623 3202 5678 concinnata
3218 5623 3432 5678 videbar
3448 5630 3533 5678 tur

1952 5718 2249 5774 insinuans.
2265 5717 2356 5772 Ait
2379 5717 2522 5771 enim
2549 5731 2648 5785 pro
2671 5717 2911 5787 pecuniis
2935 5717 3078 5773 illam
3100 5733 3158 5775 se
3198 5719 3372 5777 facere
3402 5736 3532 5791 pm.

1951 5810 2245 5882 sumpsisse
2263 5805 2611 5866 calumniam.
2639 5805 3022 5880 Jusjurandum
3051 5820 3234 5870 tamen
3283 5829 3392 5872 non
3420 5831 3529 5870 οων

322 5967 348 5996 ι
379 5954 538 6010 Alter
563 5957 816 6014 codictmi
839 5960 1146 6019 Cra-corum
1181 5967 1455 6032 υλαηςντίῳ
1477 5967 1713 6024 habebat
1737 6017 1750 6036 ,
1779 5971 1837 6025 al:

1942 5972 2210 6036 φλακείτῳ.
