4006 6480
441 296 554 357 ωδ

1659 286 1732 343 Μ.
1774 281 2054 342 AURELII
2090 278 2490 340 CASSIODORI

3644 278 3748 334 9H

439 416 574 473 nino
602 411 764 468 fuisse
794 408 1007 473 falsum,
1034 405 1159 476 quia
1188 402 1278 459 ille
1305 401 1483 458 infans
1510 399 1579 457 de
1605 416 1715 474 quo
1761 400 2041 471 iuraverat
2066 402 2119 462 Α
2148 398 2404 453 adversus
2432 397 2617 453 hostes
2636 394 2713 452 ita
2738 395 2919 452 cuncti
2941 393 3445 463 commovebantur,
3502 401 3569 451 ut
3612 409 3757 465 pene

444 505 590 563 ﬁlius
614 512 731 561 erat
762 501 1038 571 cujusdam
1070 496 1341 552 Eustathii
1371 495 1605 563 nomine,
1630 495 1769 553 fabri
1808 494 2041 551 ferrarii.

445 599 865 662 Tueonoasrus,
893 593 985 649 lib.
1015 608 1053 658 i,
1077 609 1196 661 cup.
1226 588 1314 655 2|,
1346 608 1400 659 p.
1428 587 1513 642 52.

1036 722 1267 779 CAPUT
1292 721 1386 776 XX
1400 723 1459 777 V.

515 844 595 899 De
618 842 870 898 divisione
889 837 1195 894 Antiocheni
1223 836 1401 908 populi
1415 842 1624 907 propter
1650 834 2002 890 Eustathium.

517 953 671 1009 Tunc
696 952 858 1021 igitur
879 951 933 1005 in
962 948 1247 1003 Antiochia
1274 947 1452 1018 gravis
1481 946 1673 1003 seditio
1696 946 2046 1004 deEustathii

442 1045 785 1117 depositione
810 1042 1066 1110 surrexit,
1092 1049 1146 1097 et
1202 1047 1389 1111 postea
1427 1040 1494 1095 de
1544 1040 1888 1110 episcopatus
1942 1041 2046 1096 ele-

440 1141 626 1197 ctione
654 1146 835 1193 tantus
859 1138 997 1207 ignis
1028 1150 1284 1191 accensus
1309 1143 1411 1201 est,
1445 1143 1501 1189 ut
1536 1149 1674 1203 pene
1702 1133 1889 1189 civitas
1917 1134 2037 1188 uni-

440 1248 600 1288 versa
623 1231 914 1301 deperiret,
948 1228 1149 1299 populo
1181 1228 1232 1281 in
1259 1227 1391 1280 duas
1416 1235 1600 1296 partes
1628 1225 1941 1281 dissidente.
1975 1224 2043 1280 Et

439 1323 563 1378 aliis
582 1322 800 1393 quidem
830 1320 1119 1375 Eusebium
1169 1318 1468 1372 Palmstinie
1490 1318 1770 1381 transferri
1814 1326 2042 1374 conten-

441 1417 699 1473 dentibus
722 1416 779 1470 in
807 1413 1168 1477 Antiochiam,
1213 1410 1334 1465 aliis
1364 1418 1545 1465 autem
1593 1410 1933 1465 studentibus
1984 1418 2042 1463 ut

439 1517 805 1565 reverteretur
832 1504 1164 1561 Eustathius.
1193 1502 1325 1557 Erat
1354 1502 1497 1557 enim
1529 1504 1582 1556 in
1606 1510 1834 1572 utraque
1889 1511 2045 1572 parte

439 1608 499 1657 et
522 1600 755 1673 populus
778 1598 1035 1665 civitatis,
1068 1603 1124 1652 et
1152 1595 1401 1651 militaris
1429 1609 1642 1659 manus,
1674 1602 1730 1651 et
1784 1602 2043 1665 tanquam

2150 506 2321 560 usque
2334 492 2398 543 ad
2418 490 2624 559 gladios
2645 490 3009 561 pervenirent,
3031 488 3133 542 nisi
3147 488 3287 543 Deus
3297 489 3528 543 ettimor
3549 487 3753 558 princi-

2156 584 2242 656 pis
2255 584 2556 639 cohiberet.
2586 583 2720 639 Nam
2747 584 3043 655 imperator
3055 583 3167 637 suis
3178 582 3422 653 epistolis
3434 581 3753 636 seditionem

2153 678 2509 748 compescuit.
2549 676 2814 733 Eusebius
2865 684 3050 731 autem
3103 673 3407 731 Palaestina:
3453 673 3754 745 repudiavit

2156 770 2279 845 [ms.
2312 768 2529 835 Theod.,
2563 767 2896 841 repedavit];
2929 768 3075 839 quod
3121 768 3419 823 admiratus
3458 768 3755 837 imperator

2152 864 2368 936 scripsit
2381 864 2431 919 ei
2458 863 2834 935 :propositum
2856 862 3099 928 laudans,
3132 876 3367 933 eumque
3391 862 3615 917 beatum
3643 860 3753 917 cla-

2152 972 2328 1023 mans,
2368 966 2425 1011 et
2452 956 2597 1026 quod
2625 972 2736 1012 non
2762 956 2922 1012 unius
2960 955 3215 1023 civitatis,
3265 954 3362 1010 sed
3392 954 3557 1009 totius
3613 952 3753 1008 orbis

2151 1048 2334 1119 potius
2361 1047 2524 1118 digne
2552 1048 2939 1105 decerneretur
2958 1048 3270 1119 episcopus.
3322 1047 3401 1103 De
3426 1056 3629 1102 caetero
3657 1062 3752 1101 au-

2148 1152 2259 1200 tem
2290 1159 2388 1215 per
2417 1159 2589 1200 annos
2614 1152 2743 1200 octo
2773 1143 2971 1199 dicitur
2984 1143 3339 1199 Antiochense
3377 1140 3637 1197 Ecclesiae
3664 1155 3753 1195 νι-

2149 1250 2302 1291 casse
2330 1236 2509 1291 sedes.
2542 1234 2783 1291 Tandem
2798 1251 2929 1291 vero
2956 1234 3135 1290 studio
3158 1234 3501 1289 inimicorum
3525 1232 3751 1287 Nicaeum

2153 1326 2301 1396 fidei,
2326 1326 2613 1384 ordinatur
2642 1327 3010 1399 Euphronius.
3043 1327 3139 1383 His
3166 1327 3330 1398 igitur
3381 1326 3434 1380 in
3470 1326 3579 1381 hoc
3601 1326 3754 1381 volu-
3784 1374 3785 1385 χ

2147 1421 2297 1475 mine
2350 1422 2455 1475 rite
2515 1422 2808 1486 contextis,
2853 1429 3068 1492 tempus
3090 1427 3175 1475 est
3224 1427 3285 1474 ut
3327 1418 3610 1489 sequentis
3637 1418 3753 1474 libri

2148 1511 2434 1567 ordinetur
2465 1511 2595 1584 icit,
2626 1510 2928 1584 ordiamur]
2974 1511 3208 1567 initium.
3263 1512 3567 1579 Securus,
3602 1510 3694 1566 tib.
3714 1526 3752 1579 ι,

2154 1617 2272 1673 cap.
2305 1601 2395 1657 18.
2422 1602 2566 1659 Edit.
2596 1604 2790 1660 Christ.
2834 1602 3012 1660 Vales.
3042 1620 3162 1674 cap.
3190 1601 3281 1671 2‘,
3304 1621 3358 1675 p.
3385 1602 3473 1660 59.
3774 1640 3781 1669 ,

439 1722 3737 1750 m

1632 1815 1984 1900 LIBER
2064 1818 2610 1909 TERTIUS.

2067 2020 2116 2080 B
2142 2030 2262 2071 rum
2284 2015 2465 2072 omnia
2485 2015 2802 2087 publicavit.
2828 2014 3154 2087 Symeonem
3185 2026 3317 2071 vero
3359 2010 3554 2070 deduci
3597 2011 3753 2084 jussit

861 2011 1023 2083 23s
1056 2007 1289 2065 CAPUT
1311 2006 1602 2064 PRIMUM.

540 2106 622 2166 De
642 2106 980 2164 conuersione
1002 2107 1169 2178 gentis
1198 2103 1453 2160 Indorum
1470 2112 1624 2175 atque
1640 2102 1945 2163 Persarum.

516 2245 577 2301 ln
606 2245 942 2317 temporibus
990 2242 1228 2312 religiosi
1276 2242 1538 2312 principis
1573 2240 1934 2312 Constantini,
1994 2253 2050 2302 et

439 2334 701 2397 ludorum
732 2344 923 2405 gentes
952 2345 1009 2391 et
1036 2334 1316 2389 Iberorum
1344 2334 1639 2389 Christiani
1670 2334 1939 2405 dogmatis
1968 2354 2048 2394 ru-

441 2431 681 2487 dimenta
711 2434 1089 2499 susceperunt.
1116 2427 1223 2481 Sed
1252 2426 1416 2482 etiam
1445 2425 1731 2483 Armenios
1755 2436 1882 2485 tunc
1936 2431 2050 2501 pri-

442 2541 593 2582 mum
620 2524 799 2579 audivi
822 2524 1158 2580 Christianos
1192 2522 1434 2579 effectos.
1464 2524 1629 2579 Aiunt
1671 2527 1814 2581 enim
1846 2526 2051 2582 Tirida-

440 2626 553 2673 tem
574 2632 759 2687 regem
800 2626 927 2673 tunc
987 2618 1164 2687 gentis
1202 2618 1345 2672 illius
1394 2634 1461 2673 ex
1510 2620 1745 2688 quodam
1808 2622 2049 2677 mirabili

442 2711 597 2779 signo
620 2709 738 2777 Dei,
771 2708 915 2779 quod
956 2710 1103 2766 circa
1134 2709 1252 2779 ejus
1273 2709 1493 2765 domum
1535 2712 1738 2781 evenit,
1780 2712 2050 2770 Christia-

440 2818 572 2859 num
597 2803 760 2859 fuisse
784 2803 1005 2868 factum,
1031 2810 1086 2857 et
1113 2818 1303 2859 omnes
1326 2804 1483 2859 simul
1530 2804 1648 2874 ejus
1679 2805 1871 2861 ditioni
1924 2807 2049 2863 sub-

441 2896 615 2966 jectos
670 2910 776 2951 una
831 2896 1199 2966 praeceptione
1240 2897 1469 2967 jussisse
1530 2906 1590 2953 ut
1638 2898 1887 2955 similiter
1934 2900 2048 2957 Deo

440 2991 581 3045 colla
612 2990 1011 3045 submitterent.
1060 2990 1212 3046 Unde
1255 3000 1311 3048 et
1358 2993 1499 3064 apud
1528 3003 1756 3049 caeteros
1804 2994 2049 3053 conﬁnes

442 3078 813 3136 Christianum
844 3080 1041 3150 dogma
1064 3081 1334 3146 transivit,
1367 3090 1422 3138 et
1474 3084 1818 3141 multitudine
1861 3087 2051 3143 dilata-

439 3183 555 3229 tum
604 3182 705 3230 est.
782 3173 940 3245 Apud
980 3174 1173 3229 Persas
1243 3182 1423 3230 autem
1471 3175 1685 3231 initium
1737 3176 2050 3235 Christiani-

439 3267 567 3321 tatis
596 3268 806 3322 aestimo
830 3266 1184 3331 celebratum,
1211 3266 1341 3321 dum
1373 3266 1596 3336 quidam
1647 3284 1837 3324 eorum
1887 3284 2049 3326 occa—

439 3361 597 3417 sione
625 3360 938 3417 commercii
969 3360 1037 3414 ad
1062 3356 1346 3416 Ostroinos
1380 3368 1435 3415 ct
1493 3362 1561 3416 ad
1618 3361 1903 3419 Armenios
1958 3379 2048 3419 ve-

440 3454 675 3519 nientes,
708 3461 767 3508 ut
790 3454 1012 3521 assolet,
1035 3454 1237 3509 sanctis
1273 3454 1375 3509 illis
1423 3456 1867 3525 colloquerentur
1894 3458 2042 3524 viris,

440 3550 700 3601 eteorum
728 3544 955 3601 virtutes
982 3546 1377 3615 experirentur.
1402 3546 1697 3617 Somnum,
1722 3548 1814 3603 lib.
1839 3565 1876 3605 ii
1925 3566 2041 3621 cap.

442 3632 501 3693 7.
529 3634 677 3691 Edit.
709 3632 903 3691 Christ.
939 3634 1118 3690 Vales.
1152 3653 1269 3707 cap.
1304 3636 1359 3704 8,
1384 3655 1439 3709 p.
1471 3636 1595 3692 454.

1077 3789 1303 3848 CAPUT
1341 3789 1403 3846 ΙΙ.

446 3908 716 3979 Quomodo
739 3906 912 3963 Iudici
939 3906 1264 3979 Christianos
1288 3907 1643 3979 accusaverim
1665 3907 1806 3979 apud
1827 3906 2043 3974 Persas,

518 3985 621 4052 qui,
673 3990 722 4036 et
772 3980 971 4051 quanti,
1025 3986 1075 4032 et
1118 3976 1299 4050 quibus
1348 3978 1514 4033 modis
1552 3976 1707 4050 passi
1753 3981 1860 4034 sint
1908 3980 2050 4052 apud

566 4071 731 4109 87808.

518 4164 761 4238 Cumque
776 4174 1021 4238 tempore
1033 4163 1361 4234 procedente
1372 4172 1701 4232 crescerent,
1720 4174 1776 4221 et
1791 4165 2050 4222 ecclesias

442 4268 501 4316 et
529 4258 845 4316 sacerdotes
874 4257 1079 4329 pariter
1133 4265 1469 4325 ceterosque
1522 4257 1804 4313 ministros
1848 4258 2049 4313 habere

443 4360 744 4422 coeperunt.
765 4349 882 4404 Hoc
904 4355 1086 4403 autem
1108 4346 1309 4402 factum
1326 4363 1433 4402 non
1464 4350 1812 4405 mediocriter
1845 4350 2050 4405 contri-

444 4445 627 4500 stabat
654 4456 862 4511 magos,
887 4441 982 4511 qui
1009 4441 1329 4509 religionem
1354 4443 1668 4508 Persarum,
1700 4444 1868 4498 veluti
1915 4458 2051 4513 qua:-
2076 4450 2077 4455 ‘

446 4535 573 4589 dam
600 4532 957 4589 sacerdotalis
988 4532 1177 4596 tribus,
1229 4549 1328 4603 per
1386 4536 1790 4591 successionem
1839 4534 2051 4604 generis

447 4627 516 4681 ab
539 4625 694 4680 initio
740 4626 1088 4679 commissam
1136 4626 1342 4682 habere
1382 4637 1701 4683 noscuntur.
1762 4627 2051 4683 Afficiebat

447 4720 592 4776 enim
620 4717 677 4773 id
705 4716 867 4772 etiam
892 4715 1107 4773 Iudaeos
1129 4720 1451 4774 naturaliter
1471 4721 1872 4790 quodammodo
1901 4721 2051 4777 Chii-

445 4812 607 4871 stiani
634 4810 906 4880 dogmatis
944 4811 1210 4866 inimicos.
1271 4812 1615 4885 Quapmpter
1661 4826 2050 4871 accusaverunt

446 4905 589 4977 apud
612 4903 878 4975 Saporem
906 4910 1037 4957 tunc
1062 4918 1247 4971 regem
1300 4902 1626 4975 Symeonem
1677 4907 2045 4976 archiepisco-

445 5012 571 5067 pum
594 4995 858 5051 Seleuciaa
880 5003 935 5049 et
967 4993 1336 5064 Ctesiphontis
1389 4997 1667 5050 civitatum
1718 4998 1770 5051 in
1831 4997 2048 5056 Perside

445 5087 729 5156 regalium,
749 5096 1008 5156 tanquam
1039 5087 1245 5142 amicus
1277 5097 1417 5142 esset
1446 5086 1645 5143 Caesari
1678 5089 2047 5147 Romanorum

446 5178 902 5249 eiquePersaruin
956 5179 1174 5247 negotia
1231 5179 1529 5251 depalaret.
1573 5181 1811 5239 Credens
1866 5194 2049 5240 autem

447 5273 886 5343 derogationibus
914 5277 998 5332 his
1027 5276 1284 5347 Sapores,
1315 5277 1546 5347 primum
1577 5278 1793 5348 quidem
1833 5280 2051 5336 tributis

444 5363 724 5421 immensis
744 5366 1080 5425 Christianos
1109 5369 1400 5437 alliciebat,
1418 5385 1483 5425 eo
1496 5372 1639 5441 quod
1670 5372 1932 5443 plurimos
1953 5388 2048 5428 eo-

444 5470 565 5510 rum
596 5466 939 5528 agnosceret,
969 5460 1062 5528 qui
1110 5468 1486 5530 paupertatem
1535 5463 1706 5531 inagis
1748 5464 2048 5531 eligerent;

447 5549 863 5620 crudelibusque
891 5551 1021 5606 viris
1053 5552 1360 5619 hujusmodi
1415 5557 1729 5610 exactiones
1800 5554 2051 5624 injunxit,

444 5650 714 5712 quatenus
743 5658 811 5697 ex
837 5648 1822 5715 egestatepecuniarum,etnimietate
1836 5657 2054 5704 exacto-

445 5748 567 5787 rum
586 5734 697 5788 vim
728 5735 891 5804 passi,
922 5737 1443 5809 propriaareligionis
1467 5738 1585 5807 jura
1621 5746 2050 5796 contemnerent.

447 5821 585 5876 Post
613 5825 728 5879 hth
757 5834 936 5880 autem
959 5829 1271 5885 sacerdotes
1298 5830 1687 5899 ministrosque
1737 5830 1831 5885 Dei
1862 5834 2051 5901 gladiis

452 5912 759 5971 minacibus
786 5917 1086 5987 interemit,
1120 5921 1374 5976 ecclesias
1396 5920 1758 5994 subvertit,“
1777 5939 1929 5995 “vasa
1954 5940 2049 5983 ea-

2153 2111 2220 2165 ad
2250 2125 2330 2175 se,
2362 2118 2617 2179 tanquam
2648 2110 2981 2181 proditorem
3001 2109 3285 2164 Persarum
3303 2114 3452 2177 regni
3475 2118 3643 2177 atque
3671 2123 3751 2164 re-

2152 2200 2387 2271 ligionis.
2442 2201 2583 2271 Magi
2625 2202 2915 2273 siquidem,
2963 2204 3344 2258 auxiliantibus
3391 2202 3494 2257 sibi
3538 2200 3750 2271 Judaais,

2153 2316 2274 2357 cum
2320 2299 2669 2356 festinatione
2698 2312 2915 2356 sanctas
2969 2302 3227 2356 ecclesias
3262 2301 3635 2354 destruebant.
3661 2298 3751 2370 Sy.

2152 2410 2313 2450 meon
2336 2403 2518 2451 autem
2550 2396 2995 2467 comprehensus,
3021 2394 3275 2463 ferroque
3302 2404 3535 2460 vinctus,
3567 2397 3634 2448 ad
3672 2408 3750 2448 re-

2152 2471 2285 2560 geni
2306 2505 2479 2559 usque
2503 2489 2805 2545 deducitur.
2835 2488 2936 2556 Qui
2968 2491 3048 2543 vir
3075 2488 3299 2544 ellectus
3326 2496 3408 2543 est
3433 2499 3674 2556 magnus,
3700 2493 3756 2540 et

2154 2585 2306 2640 omni
2336 2584 2654 2640 fortitudine
2684 2585 2978 2656 pretiosus.
3006 2583 3139 2639 Nam
3166 2598 3287 2638 cuin
3317 2597 3431 2638 eum
3485 2594 3751 2649 torquen—

2152 2674 2278 2731 dum
2305 2674 2541 2746 Sapores
2557 2675 2805 2745 jussisset
2835 2676 3125 2738 introduci,
3156 2687 3337 2744 neque
3360 2682 3549 2732 timuit.
3576 2686 3757 2741 neque

2154 2768 2423 2825 adoravit.
2458 2767 2565 2823 Pro
2589 2783 2696 2837 qua
2724 2783 2781 2823 re
2807 2766 3182 2823 vehementius
3225 2764 3480 2822 eﬂeratus
3527 2779 3648 2833 rex,
3679 2763 3757 2818 in-

2154 2864 2375 2934 quisivit
2395 2879 2492 2919 cur
2511 2879 2620 2917 non
2645 2862 2945 2931 adorasset,
2971 2862 3171 2933 quippe
3198 2860 3347 2931 quod
3402 2859 3555 2931 prius
3584 2858 3757 2913 l'acere

2155 2962 2534 3013 consueverat.
2566 2955 2648 3010 Ad
2685 2970 2845 3025 quem
2882 2954 3116 3026 Symeon
3146 2972 3159 3007 :
3190 2952 3348 3008 Prius
3390 2950 3612 3022 quidem
3653 2964 3756 3005 non

2152 3053 2368 3109 vinctus
2389 3051 2725 3116 adducebar,
2752 3059 2811 3105 ut
2831 3063 3083 3119 negarem
3113 3048 3227 3103 veri
3260 3045 3353 3101 Dei
3382 3046 3677 3113 culturam,
3705 3052 3759 3099 et

2154 3145 2290 3200 nihil
2334 3146 2389 3198 in
2438 3143 2547 3199 hoc
2593 3143 2868 3210 dubitans,
2899 3157 3020 3211 quze
3067 3148 3191 3197 sunt
3210 3138 3476 3194 solemnia
3501 3137 3760 3207 regisinh

2152 3238 2569 3309 plebam;nunc
2635 3243 2815 3291 autem
2870 3234 2950 3291 fas
3005 3232 3137 3288 mihi
3182 3247 3290 3288 non
3339 3239 3423 3287 est
3477 3230 3583 3285 hoc
3638 3242 3762 3297 age-

2155 3345 2235 3386 re.
2305 3328 2441 3385 Veni
2495 3343 2729 3398 namque
2768 3343 2865 3399 pro
2914 3334 3101 3381 nostro
3142 3324 3397 3393 dogmate
3452 3332 3509 3377 et
3560 3321 3763 3393 pietate

2077 3432 2125 3497 ρ
2156 3420 2552 3477 decertaturus.
2602 3418 2730 3474 llaec
2784 3419 3054 3474 dicentem
3124 3416 3384 3490 pra-cepit
3456 3430 3553 3471 rex
3634 3415 3763 3469 ado-

2152 3530 2276 3572 rare
2306 3514 2464 3585 237
2516 3512 2717 3576 solem,
2762 3518 2819 3566 et
2862 3510 3078 3565 facienti
3126 3508 3357 3579 plurima
3400 3522 3462 3562 se
3507 3506 3760 3560 daturum

2154 3623 2278 3664 cum
2304 3607 2541 3661 maximo
2565 3606 2773 3659 honore
2800 3619 3023 3659 munera
3046 3601 3453 3674 compromisit;
3483 3601 3762 3657 reluctan-

2157 3708 2265 3756 tem
2294 3716 2425 3755 vero
2455 3699 2830 3753 interminatus
2856 3706 2938 3752 est
2967 3711 3086 3752 esse
3114 3695 3437 3751 moriturum
3459 3702 3516 3749 Ct
3542 3710 3762 3751 omnem

2154 3790 2584 3847 Christianorum
2624 3798 2865 3858 gentem.
2904 3788 3148 3859 Cumque
3175 3803 3277 3844 nec
3317 3787 3623 3844 terroribus
3664 3804 3763 3858 po-

2153 3884 2346 3939 tuisset
2384 3896 2605 3938 movere
2634 3880 2993 3952 Symeonem,
3038 3897 3142 3937 nec
3169 3880 3411 3937 mulcere
3440 3881 3762 3952 promissio-

2153 3977 2335 4045 nibus,
2383 3976 2479 4031 sed
2524 3975 2735 4032 fortiter
2782 3984 3161 4046 permaneret,
3212 3990 3492 4045 nunquam
3540 3989 3764 4045 quoque

2154 4070 2409 4125 adoraret
2434 4069 2604 4125 solem
2622 4113 2638 4139 ,
2668 4085 2737 4126 ne
2766 4070 3012 4140 proditor
3039 4084 3149 4125 suae
3177 4069 3453 4139 religionis
3482 4069 3763 4137 existeret,

2152 4164 2413 4235 praecepit
2434 4179 2556 4220 eum
2583 4164 2637 4219 in
2662 4163 2891 4219 vinculis
2910 4163 3167 4228 retineri,
3197 4162 3427 4219 credens
3448 4178 3576 4218 eum
3600 4176 3764 4233 posse

2152 4255 2315 4327 longo
2346 4266 2592 4328 tempore
2616 4257 2907 4313 declinare.
2940 4256 3186 4327 Cumque
3215 4257 3507 4313 duceretur
3535 4256 3605 4309 ad
3626 4270 3762 4317 car-

2154 4366 2366 4419 cerem,
2422 4350 2553 4406 vidit
2605 4366 2729 4423 eum
2786 4349 3075 4406 Ustazadcs
3133 4351 3273 4424 [al.,
3337 4349 3654 4418 Ustazanes,
3710 4355 3767 4404 et

2156 4441 2467 4515 Ustazares]
2487 4442 2672 4498 senior
2690 4442 2906 4512 quidam
2929 4443 3232 4513 eunuchus,
3254 4444 3493 4499 nutritor
3514 4442 3761 4514 Saporis,

2155 4544 2211 4592 et
2238 4537 2412 4606 major
2436 4536 2598 4605 regia:
2624 4536 2837 4592 domus.
2887 4534 2955 4590 Et
2983 4551 3315 4607 consurgens
3338 4536 3587 4592 adoravit
3613 4552 3758 4592 eum.

2155 4627 2391 4684 Sedebat
2422 4644 2653 4699 namque
2683 4638 2809 4685 ante
2851 4628 3045 4699 januas
3092 4631 3265 4699 regis;
3312 4646 3476 4701 quem
3523 4630 3761 4702 Symeou

2155 4719 2454 4791 increpavit
2480 4721 2763 4789 injuriosc,
2796 4730 2851 4775 et
2878 4737 3000 4776 cuiu
3030 4722 3211 4778 furore
3238 4723 3510 4789 clamavit,
3543 4736 3761 4777 aversa-

2156 4823 2352 4885 tusque
2381 4813 2645 4884 despexit.
2679 4812 2729 4868 ls
2759 4813 2900 4868 enim
2930 4813 3057 4868 dum
3087 4811 3424 4869 Christianus
3453 4823 3617 4878 esset,
3653 4826 3759 4867 non

2160 4915 2287 4961 ante
2334 4905 2561 4961 multum
2593 4914 2809 4974 tempus
2836 4921 2943 4960 vmi
2974 4922 3165 4978 passus
3194 4906 3518 4962 adoraverat
3566 4904 3753 4960 solem.

2160 4997 2279 5064 Quo
2308 4998 2466 5063 facto,
2507 5007 2734 5067 repente
2764 4996 2894 5053 ﬂens
2923 5000 3223 5065 eunuchus,
3252 5014 3376 5053 cum
3434 4997 3639 5066 gemitu
3669 5011 3758 5051 ve-

2159 5098 2296 5144 stem
2322 5089 2540 5161 quidem
2571 5088 2774 5145 claram
2822 5105 2927 5160 qua
2979 5090 3197 5145 indutus
3241 5099 3360 5146 erat
3410 5099 3613 5145 exutus
3660 5093 3758 5152 est,

2160 5191 2213 5237 et
2236 5182 2513 5252 lugubrem
2544 5182 2816 5253 accipiens
2845 5183 3123 5250 amictum,
3153 5191 3279 5238 ante
3306 5182 3529 5237 domum
3561 5182 3756 5251 regiam

2160 5276 2385 5331 sedebat
2425 5275 2558 5331 flens
2600 5286 2763 5346 atque
2803 5288 3065 5344 gemens:
3098 5272 3246 5329 lleu!
3296 5273 3502 5342 inquit,
3548 5272 3759 5344 qualem

2158 5369 2374 5423 credam
2406 5382 2525 5424 esse
2550 5367 2692 5421 circa
2721 5381 2809 5421 me
2839 5366 3044 5434 Deum,
3071 5380 3233 5437 quem
3264 5355 3365 5435 ego
3395 5365 3612 5433 negavi,
3638 5364 3756 5417 dum

2162 5474 2260 5529 pro
2309 5457 2413 5512 hac
2461 5472 2626 5513 causa
2675 5456 2879 5512 dudum
2919 5456 3270 5511 amicissimus
3318 5454 3558 5526 Symeon
3591 5465 3759 5523 neque

2162 5552 2388 5606 verbum
2418 5551 2550 5605 mihi
2578 5549 2903 5617 reddiderit,
2938 5559 2993 5604 et
3022 5550 3099 5605 sic
3125 5557 3404 5605 aversatus
3430 5564 3555 5603 cum
3580 5547 3759 5602 fui-ure

2164 5648 2502 5702 transiverit?
2538 5645 2782 5716 Cumque
2810 5647 2922 5700 haec
2950 5644 3185 5716 Sapores
3214 5643 3484 5714 audisset,
3527 5653 3757 5699 evocans

2161 5754 2316 5807 cum,
2347 5755 2565 5794 causam
2597 5740 2771 5795 luctus
2802 5739 3097 5807 inquisivit,
3147 5748 3240 5792 aut
3278 5739 3323 5793 si
3374 5752 3483 5807 qua
3522 5736 3576 5791 ei
3618 5736 3753 5791 circa

2162 5831 2381 5887 domum
2425 5848 2665 5888 :crunina
2709 5832 3015 5900 contigerit.
3050 5830 3405 5902 Respondens
3445 5830 3747 5895 Ustazades.

2158 5925 2236 5982 ait
2266 5922 2347 5980 :0
2396 5940 2515 5996 rex,
2570 5925 2700 5981 nihil
2748 5926 2803 5981 in
2841 5923 3001 5994 hujus
3038 5925 3217 5980 seculi
3265 5923 3433 5981 domo
3479 5919 3744 5984 infortunii
