  <div class='ocr_page' id='page_1' title='image "/cluster/home/n/w/nwhite01/storage/ocr_20150623/69/hvd.32044015469349/480.png"; bbox 0 0 4006 6478; ppageno 0'>
   <div class='ocr_carea' id='block_1_1' title="bbox 305 344 411 402">
    <p class='ocr_par' dir='ltr' id='par_1_1' title="bbox 305 344 411 402">
     <span class='ocr_line' id='line_1_1' title="bbox 305 344 411 402; baseline -0.028 0"><span class='ocrx_word' id='word_1_1' title='bbox 305 344 411 402; x_wconf 72' lang='grc'><strong>945</strong></span> 
     </span>
    </p>
   </div>
   <div class='ocr_carea' id='block_1_2' title="bbox 1369 349 2534 411">
    <p class='ocr_par' dir='ltr' id='par_1_2' title="bbox 1369 349 2534 411">
     <span class='ocr_line' id='line_1_2' title="bbox 1369 349 2534 411; baseline 0.003 -5"><span class='ocrx_word' id='word_1_2' title='bbox 1369 349 1692 408; x_wconf 81' lang='lat' dir='ltr'><strong>HISTORIA</strong></span> <span class='ocrx_word' id='word_1_3' title='bbox 1731 349 2169 409; x_wconf 85' lang='lat' dir='ltr'><strong>TRIPARTITA.</strong></span> <span class='ocrx_word' id='word_1_4' title='bbox 2211 353 2415 410; x_wconf 81' lang='lat' dir='ltr'><strong>LIBER</strong></span> <span class='ocrx_word' id='word_1_5' title='bbox 2449 355 2534 411; x_wconf 90' lang='lat' dir='ltr'><strong>III.</strong></span> 
     </span>
    </p>
   </div>
   <div class='ocr_carea' id='block_1_3' title="bbox 3476 351 3592 424">
    <p class='ocr_par' dir='ltr' id='par_1_3' title="bbox 3476 351 3592 424">
     <span class='ocr_line' id='line_1_3' title="bbox 3476 351 3592 424; baseline 0 -17"><span class='ocrx_word' id='word_1_6' title='bbox 3476 351 3592 424; x_wconf 71' lang='lat'><strong>946,</strong></span> 
     </span>
    </p>
   </div>
   <div class='ocr_carea' id='block_1_4' title="bbox 306 451 3667 544">
    <p class='ocr_par' dir='ltr' id='par_1_4' title="bbox 306 451 3667 544">
     <span class='ocr_line' id='line_1_4' title="bbox 306 451 3667 544; baseline 0.002 -26"><span class='ocrx_word' id='word_1_7' title='bbox 306 479 495 536; x_wconf 88' lang='lat' dir='ltr'><strong>passus</strong></span> <span class='ocrx_word' id='word_1_8' title='bbox 522 479 658 519; x_wconf 92' lang='lat' dir='ltr'><strong>sum.</strong></span> <span class='ocrx_word' id='word_1_9' title='bbox 716 462 930 521; x_wconf 89' lang='lat' dir='ltr'><strong>Utinam</strong></span> <span class='ocrx_word' id='word_1_10' title='bbox 960 481 1059 539; x_wconf 91' lang='lat' dir='ltr'><strong>pro</strong></span> <span class='ocrx_word' id='word_1_11' title='bbox 1088 467 1172 524; x_wconf 86' lang='lat' dir='ltr'><strong>his</strong></span> <span class='ocrx_word' id='word_1_12' title='bbox 1197 481 1318 539; x_wconf 83' lang='lat' dir='ltr'><strong>quae</strong></span> <span class='ocrx_word' id='word_1_13' title='bbox 1347 451 1488 524; x_wconf 35' lang='lat' dir='ltr'><strong>mihi.</strong></span> <span class='ocrx_word' id='word_1_14' title='bbox 1504 484 1648 525; x_wconf 91' lang='lat' dir='ltr'><strong>nunc</strong></span> <span class='ocrx_word' id='word_1_15' title='bbox 1693 483 1892 524; x_wconf 85' lang='lat' dir='ltr'><strong>evene-</strong></span> <span class='ocrx_word' id='word_1_16' title='bbox 1917 472 1970 531; x_wconf 79' lang='grc' dir='ltr'><strong>Α</strong></span> <span class='ocrx_word' id='word_1_17' title='bbox 1994 472 2197 540; x_wconf 89' lang='lat' dir='ltr'><strong>pariter</strong></span> <span class='ocrx_word' id='word_1_18' title='bbox 2227 473 2478 528; x_wconf 91' lang='lat' dir='ltr'><strong>adorare.</strong></span> <span class='ocrx_word' id='word_1_19' title='bbox 2508 473 2749 544; x_wconf 86' lang='lat' dir='ltr'><strong>Cumque</strong></span> <span class='ocrx_word' id='word_1_20' title='bbox 2776 472 2915 528; x_wconf 90' lang='lat' dir='ltr'><strong>hanc</strong></span> <span class='ocrx_word' id='word_1_21' title='bbox 2939 471 3116 528; x_wconf 89' lang='lat' dir='ltr'><strong>nullus</strong></span> <span class='ocrx_word' id='word_1_22' title='bbox 3145 472 3366 542; x_wconf 87' lang='lat' dir='ltr'><strong>eligeret</strong></span> <span class='ocrx_word' id='word_1_23' title='bbox 3392 467 3594 537; x_wconf 68' lang='lat' dir='ltr'><strong>vitam,</strong></span> <span class='ocrx_word' id='word_1_24' title='bbox 3647 522 3667 538; x_wconf 74' lang='grc'>,</span> 
     </span>
    </p>
   </div>
   <div class='ocr_carea' id='block_1_5' title="bbox 306 557 1894 632">
    <p class='ocr_par' dir='ltr' id='par_1_5' title="bbox 306 557 1894 632">
     <span class='ocr_line' id='line_1_5' title="bbox 306 557 1894 632; baseline 0.004 -20"><span class='ocrx_word' id='word_1_25' title='bbox 306 564 450 621; x_wconf 92' lang='lat' dir='ltr'><strong>runt,</strong></span> <span class='ocrx_word' id='word_1_26' title='bbox 473 557 526 611; x_wconf 92' lang='lat' dir='ltr'><strong>in</strong></span> <span class='ocrx_word' id='word_1_27' title='bbox 548 558 821 615; x_wconf 81' lang='lat' dir='ltr'><strong>universas</strong></span> <span class='ocrx_word' id='word_1_28' title='bbox 842 561 1178 617; x_wconf 73' lang='lat' dir='ltr'><strong>calamitates</strong></span> <span class='ocrx_word' id='word_1_29' title='bbox 1198 562 1330 617; x_wconf 88' lang='lat' dir='ltr'><strong>alias</strong></span> <span class='ocrx_word' id='word_1_30' title='bbox 1353 562 1686 618; x_wconf 85' lang='lat' dir='ltr'><strong>incidissem!</strong></span> <span class='ocrx_word' id='word_1_31' title='bbox 1711 560 1894 632; x_wconf 90' lang='lat' dir='ltr'><strong>Lugeo</strong></span> 
     </span>
    </p>
   </div>
   <div class='ocr_carea' id='block_1_6' title="bbox 307 649 1894 721">
    <p class='ocr_par' dir='ltr' id='par_1_6' title="bbox 307 649 1894 721">
     <span class='ocr_line' id='line_1_6' title="bbox 307 649 1894 721; baseline 0.004 -18"><span class='ocrx_word' id='word_1_32' title='bbox 307 663 540 718; x_wconf 86' lang='lat' dir='ltr'><strong>namque</strong></span> <span class='ocrx_word' id='word_1_33' title='bbox 562 664 659 703; x_wconf 90' lang='lat' dir='ltr'><strong>cur</strong></span> <span class='ocrx_word' id='word_1_34' title='bbox 674 649 817 715; x_wconf 90' lang='lat' dir='ltr'><strong>vivo,</strong></span> <span class='ocrx_word' id='word_1_35' title='bbox 851 652 942 721; x_wconf 86' lang='lat' dir='ltr'><strong>qui</strong></span> <span class='ocrx_word' id='word_1_36' title='bbox 978 651 1175 707; x_wconf 90' lang='lat' dir='ltr'><strong>dudum</strong></span> <span class='ocrx_word' id='word_1_37' title='bbox 1203 653 1342 708; x_wconf 89' lang='lat' dir='ltr'><strong>mori</strong></span> <span class='ocrx_word' id='word_1_38' title='bbox 1371 652 1684 709; x_wconf 91' lang='lat' dir='ltr'><strong>debueram.</strong></span> <span class='ocrx_word' id='word_1_39' title='bbox 1717 652 1894 710; x_wconf 76' lang='lat' dir='ltr'><strong>Video</strong></span> 
     </span>
    </p>
   </div>
   <div class='ocr_carea' id='block_1_7' title="bbox 305 737 1893 811">
    <p class='ocr_par' dir='ltr' id='par_1_7' title="bbox 305 737 1893 811">
     <span class='ocr_line' id='line_1_7' title="bbox 305 737 1893 811; baseline 0.004 -17"><span class='ocrx_word' id='word_1_40' title='bbox 305 737 504 802; x_wconf 88' lang='lat' dir='ltr'><strong>solem,</strong></span> <span class='ocrx_word' id='word_1_41' title='bbox 538 753 696 807; x_wconf 88' lang='lat' dir='ltr'><strong>quem</strong></span> <span class='ocrx_word' id='word_1_42' title='bbox 727 740 821 795; x_wconf 92' lang='lat' dir='ltr'><strong>tibi</strong></span> <span class='ocrx_word' id='word_1_43' title='bbox 853 756 1043 811; x_wconf 89' lang='lat' dir='ltr'><strong>parere</strong></span> <span class='ocrx_word' id='word_1_44' title='bbox 1071 743 1278 811; x_wconf 89' lang='lat' dir='ltr'><strong>volens,</strong></span> <span class='ocrx_word' id='word_1_45' title='bbox 1323 759 1433 800; x_wconf 93' lang='lat' dir='ltr'><strong>non</strong></span> <span class='ocrx_word' id='word_1_46' title='bbox 1460 753 1587 800; x_wconf 92' lang='lat' dir='ltr'><strong>voto</strong></span> <span class='ocrx_word' id='word_1_47' title='bbox 1617 759 1752 799; x_wconf 70' lang='lat' dir='ltr'><strong>mea:</strong></span> <span class='ocrx_word' id='word_1_48' title='bbox 1792 759 1893 800; x_wconf 92' lang='lat' dir='ltr'><strong>vo-</strong></span> 
     </span>
    </p>
   </div>
   <div class='ocr_carea' id='block_1_8' title="bbox 305 830 1896 906">
    <p class='ocr_par' dir='ltr' id='par_1_8' title="bbox 305 830 1896 906">
     <span class='ocr_line' id='line_1_8' title="bbox 305 830 1896 906; baseline 0.004 -22"><span class='ocrx_word' id='word_1_49' title='bbox 305 830 542 898; x_wconf 88' lang='lat' dir='ltr'><strong>luntatis,</strong></span> <span class='ocrx_word' id='word_1_50' title='bbox 587 831 831 887; x_wconf 87' lang='lat' dir='ltr'><strong>adoravi.</strong></span> <span class='ocrx_word' id='word_1_51' title='bbox 882 833 1223 905; x_wconf 77' lang='lat' dir='ltr'><strong>Quapropter</strong></span> <span class='ocrx_word' id='word_1_52' title='bbox 1250 851 1350 906; x_wconf 93' lang='lat' dir='ltr'><strong>pro</strong></span> <span class='ocrx_word' id='word_1_53' title='bbox 1379 843 1610 905; x_wconf 89' lang='lat' dir='ltr'><strong>utroque</strong></span> <span class='ocrx_word' id='word_1_54' title='bbox 1639 851 1727 890; x_wconf 90' lang='lat' dir='ltr'><strong>me</strong></span> <span class='ocrx_word' id='word_1_55' title='bbox 1753 834 1896 890; x_wconf 84' lang='lat' dir='ltr'><strong>mori</strong></span> 
     </span>
    </p>
   </div>
   <div class='ocr_carea' id='block_1_9' title="bbox 301 923 1895 997">
    <p class='ocr_par' dir='ltr' id='par_1_9' title="bbox 301 923 1895 997">
     <span class='ocr_line' id='line_1_9' title="bbox 301 923 1895 997; baseline 0.003 -20"><span class='ocrx_word' id='word_1_56' title='bbox 301 923 653 994; x_wconf 77' lang='lat' dir='ltr'><strong>iustissimum</strong></span> <span class='ocrx_word' id='word_1_57' title='bbox 681 935 764 980; x_wconf 88' lang='lat' dir='ltr'><strong>est</strong></span> <span class='ocrx_word' id='word_1_58' title='bbox 788 944 800 978; x_wconf 88' lang='lat'><strong>:</strong></span> <span class='ocrx_word' id='word_1_59' title='bbox 832 926 955 995; x_wconf 93' lang='lat' dir='ltr'><strong>quia</strong></span> <span class='ocrx_word' id='word_1_60' title='bbox 986 935 1041 981; x_wconf 92' lang='lat' dir='ltr'><strong>et</strong></span> <span class='ocrx_word' id='word_1_61' title='bbox 1072 926 1319 997; x_wconf 90' lang='lat' dir='ltr'><strong>proditor</strong></span> <span class='ocrx_word' id='word_1_62' title='bbox 1347 943 1466 982; x_wconf 91' lang='lat' dir='ltr'><strong>sum</strong></span> <span class='ocrx_word' id='word_1_63' title='bbox 1495 926 1724 995; x_wconf 78' lang='lat' dir='ltr'><strong>Christi,</strong></span> <span class='ocrx_word' id='word_1_64' title='bbox 1755 935 1812 981; x_wconf 91' lang='lat' dir='ltr'><strong>et</strong></span> <span class='ocrx_word' id='word_1_65' title='bbox 1839 934 1895 982; x_wconf 87' lang='lat' dir='ltr'><strong>te</strong></span> 
     </span>
    </p>
   </div>
   <div class='ocr_carea' id='block_1_10' title="bbox 304 1015 1896 1086">
    <p class='ocr_par' dir='ltr' id='par_1_10' title="bbox 304 1015 1896 1086">
     <span class='ocr_line' id='line_1_10' title="bbox 304 1015 1896 1086; baseline 0.002 -17"><span class='ocrx_word' id='word_1_66' title='bbox 304 1030 519 1085; x_wconf 90' lang='lat' dir='ltr'><strong>quoque</strong></span> <span class='ocrx_word' id='word_1_67' title='bbox 547 1015 753 1086; x_wconf 87' lang='lat' dir='ltr'><strong>decepi.</strong></span> <span class='ocrx_word' id='word_1_68' title='bbox 803 1015 869 1069; x_wconf 90' lang='lat' dir='ltr'><strong>Et</strong></span> <span class='ocrx_word' id='word_1_69' title='bbox 900 1017 989 1072; x_wconf 91' lang='lat' dir='ltr'><strong>ille</strong></span> <span class='ocrx_word' id='word_1_70' title='bbox 1019 1017 1234 1086; x_wconf 89' lang='lat' dir='ltr'><strong>quidem</strong></span> <span class='ocrx_word' id='word_1_71' title='bbox 1278 1019 1394 1073; x_wconf 67' lang='lat' dir='ltr'><strong>hinc</strong></span> <span class='ocrx_word' id='word_1_72' title='bbox 1437 1019 1644 1086; x_wconf 92' lang='lat' dir='ltr'><strong>dicens,</strong></span> <span class='ocrx_word' id='word_1_73' title='bbox 1693 1017 1896 1086; x_wconf 88' lang='lat' dir='ltr'><strong>juravit</strong></span> 
     </span>
    </p>
   </div>
   <div class='ocr_carea' id='block_1_11' title="bbox 303 1106 1897 1171">
    <p class='ocr_par' dir='ltr' id='par_1_11' title="bbox 303 1106 1897 1171">
     <span class='ocr_line' id='line_1_11' title="bbox 303 1106 1897 1171; baseline 0.001 -9"><span class='ocrx_word' id='word_1_74' title='bbox 303 1106 424 1162; x_wconf 78' lang='lat' dir='ltr'><strong>cteli</strong></span> <span class='ocrx_word' id='word_1_75' title='bbox 452 1113 507 1161; x_wconf 90' lang='lat' dir='ltr'><strong>et</strong></span> <span class='ocrx_word' id='word_1_76' title='bbox 533 1114 691 1161; x_wconf 71' lang='lat' dir='ltr'><strong>terra:</strong></span> <span class='ocrx_word' id='word_1_77' title='bbox 719 1107 1062 1171; x_wconf 83' lang='lat' dir='ltr'><strong>Creatorem,</strong></span> <span class='ocrx_word' id='word_1_78' title='bbox 1113 1123 1266 1163; x_wconf 90' lang='lat' dir='ltr'><strong>suam</strong></span> <span class='ocrx_word' id='word_1_79' title='bbox 1296 1109 1522 1164; x_wconf 90' lang='lat' dir='ltr'><strong>ulterius</strong></span> <span class='ocrx_word' id='word_1_80' title='bbox 1552 1125 1664 1163; x_wconf 91' lang='lat' dir='ltr'><strong>non</strong></span> <span class='ocrx_word' id='word_1_81' title='bbox 1692 1123 1752 1164; x_wconf 91' lang='lat' dir='ltr'><strong>se</strong></span> <span class='ocrx_word' id='word_1_82' title='bbox 1782 1125 1897 1164; x_wconf 86' lang='lat' dir='ltr'><strong>mu-</strong></span> 
     </span>
    </p>
   </div>
   <div class='ocr_carea' id='block_1_12' title="bbox 303 1200 1893 1272">
    <p class='ocr_par' dir='ltr' id='par_1_12' title="bbox 303 1200 1893 1272">
     <span class='ocr_line' id='line_1_12' title="bbox 303 1200 1893 1272; baseline 0.001 -19"><span class='ocrx_word' id='word_1_83' title='bbox 303 1207 421 1254; x_wconf 90' lang='lat' dir='ltr'><strong>tare</strong></span> <span class='ocrx_word' id='word_1_84' title='bbox 463 1201 801 1254; x_wconf 89' lang='lat' dir='ltr'><strong>sententiam.</strong></span> <span class='ocrx_word' id='word_1_85' title='bbox 850 1200 1088 1272; x_wconf 90' lang='lat' dir='ltr'><strong>Sapores</strong></span> <span class='ocrx_word' id='word_1_86' title='bbox 1131 1210 1312 1257; x_wconf 90' lang='lat' dir='ltr'><strong>autem</strong></span> <span class='ocrx_word' id='word_1_87' title='bbox 1341 1201 1636 1256; x_wconf 85' lang='lat' dir='ltr'><strong>admiratus</strong></span> <span class='ocrx_word' id='word_1_88' title='bbox 1665 1201 1893 1255; x_wconf 85' lang='lat' dir='ltr'><strong>eunuchi</strong></span> 
     </span>
    </p>
   </div>
   <div class='ocr_carea' id='block_1_13' title="bbox 303 1294 1892 1366">
    <p class='ocr_par' dir='ltr' id='par_1_13' title="bbox 303 1294 1892 1366">
     <span class='ocr_line' id='line_1_13' title="bbox 303 1294 1892 1366; baseline 0.004 -22"><span class='ocrx_word' id='word_1_89' title='bbox 303 1294 693 1361; x_wconf 83' lang='lat' dir='ltr'><strong>constantiam,</strong></span> <span class='ocrx_word' id='word_1_90' title='bbox 723 1297 951 1366; x_wconf 88' lang='lat' dir='ltr'><strong>amplius</strong></span> <span class='ocrx_word' id='word_1_91' title='bbox 976 1297 1232 1353; x_wconf 82' lang='lat' dir='ltr'><strong>saeviebat</strong></span> <span class='ocrx_word' id='word_1_92' title='bbox 1258 1298 1514 1353; x_wconf 89' lang='lat' dir='ltr'><strong>adversus</strong></span> <span class='ocrx_word' id='word_1_93' title='bbox 1536 1296 1892 1363; x_wconf 86' lang='lat' dir='ltr'><strong>Christianos,</strong></span> 
     </span>
    </p>
   </div>
   <div class='ocr_carea' id='block_1_14' title="bbox 301 1384 1896 1459">
    <p class='ocr_par' dir='ltr' id='par_1_14' title="bbox 301 1384 1896 1459">
     <span class='ocr_line' id='line_1_14' title="bbox 301 1384 1896 1459; baseline 0.003 -22"><span class='ocrx_word' id='word_1_94' title='bbox 301 1391 558 1453; x_wconf 89' lang='lat' dir='ltr'><strong>tanquam</strong></span> <span class='ocrx_word' id='word_1_95' title='bbox 606 1385 884 1442; x_wconf 89' lang='lat' dir='ltr'><strong>maleﬁciis</strong></span> <span class='ocrx_word' id='word_1_96' title='bbox 913 1387 1017 1444; x_wconf 89' lang='lat' dir='ltr'><strong>hoc</strong></span> <span class='ocrx_word' id='word_1_97' title='bbox 1045 1404 1204 1459; x_wconf 90' lang='lat' dir='ltr'><strong>agere</strong></span> <span class='ocrx_word' id='word_1_98' title='bbox 1233 1389 1604 1459; x_wconf 56' lang='lat' dir='ltr'><strong>praevalerent.</strong></span> <span class='ocrx_word' id='word_1_99' title='bbox 1662 1384 1896 1441; x_wconf 89' lang='lat' dir='ltr'><strong>Parcens</strong></span> 
     </span>
    </p>
   </div>
   <div class='ocr_carea' id='block_1_15' title="bbox 302 1476 1896 1546">
    <p class='ocr_par' dir='ltr' id='par_1_15' title="bbox 302 1476 1896 1546">
     <span class='ocr_line' id='line_1_15' title="bbox 302 1476 1896 1546; baseline 0.003 -18"><span class='ocrx_word' id='word_1_100' title='bbox 302 1483 482 1529; x_wconf 88' lang='lat' dir='ltr'><strong>autem</strong></span> <span class='ocrx_word' id='word_1_101' title='bbox 513 1476 746 1546; x_wconf 89' lang='lat' dir='ltr'><strong>seniori,</strong></span> <span class='ocrx_word' id='word_1_102' title='bbox 789 1494 931 1532; x_wconf 90' lang='lat' dir='ltr'><strong>nunc</strong></span> <span class='ocrx_word' id='word_1_103' title='bbox 960 1478 1200 1544; x_wconf 91' lang='lat' dir='ltr'><strong>lenitate,</strong></span> <span class='ocrx_word' id='word_1_104' title='bbox 1251 1495 1392 1533; x_wconf 91' lang='lat' dir='ltr'><strong>nunc</strong></span> <span class='ocrx_word' id='word_1_105' title='bbox 1419 1479 1579 1533; x_wconf 89' lang='lat' dir='ltr'><strong>minis</strong></span> <span class='ocrx_word' id='word_1_106' title='bbox 1609 1476 1756 1531; x_wconf 90' lang='lat' dir='ltr'><strong>omni</strong></span> <span class='ocrx_word' id='word_1_107' title='bbox 1785 1476 1896 1532; x_wconf 80' lang='lat' dir='ltr'><strong>vir-</strong></span> 
     </span>
    </p>
   </div>
   <div class='ocr_carea' id='block_1_16' title="bbox 302 1567 1893 1638">
    <p class='ocr_par' dir='ltr' id='par_1_16' title="bbox 302 1567 1893 1638">
     <span class='ocr_line' id='line_1_16' title="bbox 302 1567 1893 1638; baseline 0 -18"><span class='ocrx_word' id='word_1_108' title='bbox 302 1573 417 1621; x_wconf 85' lang='lat' dir='ltr'><strong>tute</strong></span> <span class='ocrx_word' id='word_1_109' title='bbox 439 1582 562 1622; x_wconf 92' lang='lat' dir='ltr'><strong>eum</strong></span> <span class='ocrx_word' id='word_1_110' title='bbox 585 1584 643 1624; x_wconf 92' lang='lat' dir='ltr'><strong>se</strong></span> <span class='ocrx_word' id='word_1_111' title='bbox 666 1569 980 1624; x_wconf 81' lang='lat' dir='ltr'><strong>subvertere</strong></span> <span class='ocrx_word' id='word_1_112' title='bbox 998 1569 1291 1638; x_wconf 83' lang='lat' dir='ltr'><strong>judicabat.</strong></span> <span class='ocrx_word' id='word_1_113' title='bbox 1321 1567 1563 1637; x_wconf 86' lang='lat' dir='ltr'><strong>Cumque</strong></span> <span class='ocrx_word' id='word_1_114' title='bbox 1590 1567 1664 1622; x_wconf 94' lang='lat' dir='ltr'><strong>nil</strong></span> <span class='ocrx_word' id='word_1_115' title='bbox 1687 1573 1893 1635; x_wconf 81' lang='lat' dir='ltr'><strong>ageret,</strong></span> 
     </span>
    </p>
   </div>
   <div class='ocr_carea' id='block_1_17' title="bbox 299 1655 1890 1729">
    <p class='ocr_par' dir='ltr' id='par_1_17' title="bbox 299 1655 1890 1729">
     <span class='ocr_line' id='line_1_17' title="bbox 299 1655 1890 1729; baseline 0.001 -19"><span class='ocrx_word' id='word_1_116' title='bbox 299 1655 563 1712; x_wconf 86' lang='lat' dir='ltr'><strong>Ustazade</strong></span> <span class='ocrx_word' id='word_1_117' title='bbox 590 1658 877 1729; x_wconf 91' lang='lat' dir='ltr'><strong>proﬁtente</strong></span> <span class='ocrx_word' id='word_1_118' title='bbox 907 1674 1178 1728; x_wconf 90' lang='lat' dir='ltr'><strong>nunquam</strong></span> <span class='ocrx_word' id='word_1_119' title='bbox 1207 1675 1266 1714; x_wconf 92' lang='lat' dir='ltr'><strong>se</strong></span> <span class='ocrx_word' id='word_1_120' title='bbox 1298 1656 1411 1712; x_wconf 84' lang='lat' dir='ltr'><strong>fore</strong></span> <span class='ocrx_word' id='word_1_121' title='bbox 1440 1659 1518 1714; x_wconf 91' lang='lat' dir='ltr'><strong>sic</strong></span> <span class='ocrx_word' id='word_1_122' title='bbox 1549 1657 1776 1726; x_wconf 86' lang='lat' dir='ltr'><strong>fatuum,</strong></span> <span class='ocrx_word' id='word_1_123' title='bbox 1807 1657 1890 1711; x_wconf 89' lang='lat' dir='ltr'><strong>uti</strong></span> 
     </span>
    </p>
   </div>
   <div class='ocr_carea' id='block_1_18' title="bbox 299 1748 1895 1818">
    <p class='ocr_par' dir='ltr' id='par_1_18' title="bbox 299 1748 1895 1818">
     <span class='ocr_line' id='line_1_18' title="bbox 299 1748 1895 1818; baseline 0.001 -17"><span class='ocrx_word' id='word_1_124' title='bbox 299 1763 398 1818; x_wconf 90' lang='lat' dir='ltr'><strong>pro</strong></span> <span class='ocrx_word' id='word_1_125' title='bbox 428 1749 538 1803; x_wconf 92' lang='lat' dir='ltr'><strong>Deo</strong></span> <span class='ocrx_word' id='word_1_126' title='bbox 569 1758 814 1804; x_wconf 90' lang='lat' dir='ltr'><strong>creatore</strong></span> <span class='ocrx_word' id='word_1_127' title='bbox 843 1748 1160 1804; x_wconf 87' lang='lat' dir='ltr'><strong>cunctorum</strong></span> <span class='ocrx_word' id='word_1_128' title='bbox 1191 1749 1282 1802; x_wconf 92' lang='lat' dir='ltr'><strong>illa</strong></span> <span class='ocrx_word' id='word_1_129' title='bbox 1334 1748 1539 1803; x_wconf 89' lang='lat' dir='ltr'><strong>coleret</strong></span> <span class='ocrx_word' id='word_1_130' title='bbox 1566 1749 1745 1817; x_wconf 89' lang='lat' dir='ltr'><strong>potius</strong></span> <span class='ocrx_word' id='word_1_131' title='bbox 1772 1761 1895 1816; x_wconf 64' lang='lat' dir='ltr'><strong>quae</strong></span> 
     </span>
    </p>
   </div>
   <div class='ocr_carea' id='block_1_19' title="bbox 1997 556 3584 635">
    <p class='ocr_par' dir='ltr' id='par_1_19' title="bbox 1997 556 3584 635">
     <span class='ocr_line' id='line_1_19' title="bbox 1997 556 3584 635; baseline 0.002 -20"><span class='ocrx_word' id='word_1_132' title='bbox 1997 560 2349 630; x_wconf 88' lang='lat' dir='ltr'><strong>spiculatores</strong></span> <span class='ocrx_word' id='word_1_133' title='bbox 2377 563 2521 618; x_wconf 90' lang='lat' dir='ltr'><strong>circa</strong></span> <span class='ocrx_word' id='word_1_134' title='bbox 2550 569 2738 618; x_wconf 88' lang='lat' dir='ltr'><strong>necem</strong></span> <span class='ocrx_word' id='word_1_135' title='bbox 2767 573 3060 635; x_wconf 86' lang='lat' dir='ltr'><strong>martyrum</strong></span> <span class='ocrx_word' id='word_1_136' title='bbox 3087 563 3425 619; x_wconf 82' lang='lat' dir='ltr'><strong>laborabant.</strong></span> <span class='ocrx_word' id='word_1_137' title='bbox 3477 556 3584 634; x_wconf 44' lang='lat' dir='ltr'><strong>Sy:</strong></span> 
     </span>
    </p>
   </div>
   <div class='ocr_carea' id='block_1_20' title="bbox 1999 653 3586 720">
    <p class='ocr_par' dir='ltr' id='par_1_20' title="bbox 1999 653 3586 720">
     <span class='ocr_line' id='line_1_20' title="bbox 1999 653 3586 720; baseline 0.001 -14"><span class='ocrx_word' id='word_1_138' title='bbox 1999 668 2159 706; x_wconf 91' lang='lat' dir='ltr'><strong>meon</strong></span> <span class='ocrx_word' id='word_1_139' title='bbox 2205 661 2387 708; x_wconf 89' lang='lat' dir='ltr'><strong>autem</strong></span> <span class='ocrx_word' id='word_1_140' title='bbox 2416 653 2673 708; x_wconf 87' lang='lat' dir='ltr'><strong>assistens</strong></span> <span class='ocrx_word' id='word_1_141' title='bbox 2701 654 3042 709; x_wconf 90' lang='lat' dir='ltr'><strong>confortabat</strong></span> <span class='ocrx_word' id='word_1_142' title='bbox 3085 654 3383 720; x_wconf 90' lang='lat' dir='ltr'><strong>universos,</strong></span> <span class='ocrx_word' id='word_1_143' title='bbox 3434 664 3488 709; x_wconf 93' lang='lat' dir='ltr'><strong>et</strong></span> <span class='ocrx_word' id='word_1_144' title='bbox 3518 654 3586 709; x_wconf 87' lang='lat' dir='ltr'><strong>de</strong></span> 
     </span>
    </p>
   </div>
   <div class='ocr_carea' id='block_1_21' title="bbox 1998 741 3587 814">
    <p class='ocr_par' dir='ltr' id='par_1_21' title="bbox 1998 741 3587 814">
     <span class='ocr_line' id='line_1_21' title="bbox 1998 741 3587 814; baseline 0.003 -20"><span class='ocrx_word' id='word_1_145' title='bbox 1998 742 2394 797; x_wconf 88' lang='lat' dir='ltr'><strong>resurrectione</strong></span> <span class='ocrx_word' id='word_1_146' title='bbox 2423 757 2487 798; x_wconf 89' lang='lat' dir='ltr'><strong>ac</strong></span> <span class='ocrx_word' id='word_1_147' title='bbox 2522 742 2723 812; x_wconf 80' lang='lat' dir='ltr'><strong>Pietate</strong></span> <span class='ocrx_word' id='word_1_148' title='bbox 2750 741 3087 811; x_wconf 80' lang='lat' dir='ltr'><strong>loquebatur,</strong></span> <span class='ocrx_word' id='word_1_149' title='bbox 3136 751 3299 814; x_wconf 92' lang='lat' dir='ltr'><strong>atque</strong></span> <span class='ocrx_word' id='word_1_150' title='bbox 3326 743 3393 799; x_wconf 91' lang='lat' dir='ltr'><strong>de</strong></span> <span class='ocrx_word' id='word_1_151' title='bbox 3418 743 3587 799; x_wconf 89' lang='lat' dir='ltr'><strong>sacris</strong></span> 
     </span>
    </p>
   </div>
   <div class='ocr_carea' id='block_1_22' title="bbox 1999 829 3586 903">
    <p class='ocr_par' dir='ltr' id='par_1_22' title="bbox 1999 829 3586 903">
     <span class='ocr_line' id='line_1_22' title="bbox 1999 829 3586 903; baseline 0.003 -18"><span class='ocrx_word' id='word_1_152' title='bbox 1999 829 2290 902; x_wconf 88' lang='lat' dir='ltr'><strong>Seripturis</strong></span> <span class='ocrx_word' id='word_1_153' title='bbox 2317 831 2580 887; x_wconf 90' lang='lat' dir='ltr'><strong>adhibens</strong></span> <span class='ocrx_word' id='word_1_154' title='bbox 2624 829 2786 886; x_wconf 88' lang='lat' dir='ltr'><strong>ﬁdem</strong></span> <span class='ocrx_word' id='word_1_155' title='bbox 2804 870 2820 897; x_wconf 97' lang='lat'><strong>,</strong></span> <span class='ocrx_word' id='word_1_156' title='bbox 2875 831 3089 888; x_wconf 87' lang='lat' dir='ltr'><strong>dicebat</strong></span> <span class='ocrx_word' id='word_1_157' title='bbox 3119 850 3133 887; x_wconf 90' lang='lat'><strong>:</strong></span> <span class='ocrx_word' id='word_1_158' title='bbox 3164 832 3342 894; x_wconf 82' lang='lat' dir='ltr'><strong>Vitam</strong></span> <span class='ocrx_word' id='word_1_159' title='bbox 3370 833 3586 903; x_wconf 87' lang='lat' dir='ltr'><strong>quidem</strong></span> 
     </span>
    </p>
   </div>
   <div class='ocr_carea' id='block_1_23' title="bbox 2000 924 3588 996">
    <p class='ocr_par' dir='ltr' id='par_1_23' title="bbox 2000 924 3588 996">
     <span class='ocr_line' id='line_1_23' title="bbox 2000 924 3588 996; baseline 0.003 -20"><span class='ocrx_word' id='word_1_160' title='bbox 2000 937 2180 977; x_wconf 84' lang='lat' dir='ltr'><strong>veram</strong></span> <span class='ocrx_word' id='word_1_161' title='bbox 2203 938 2321 978; x_wconf 91' lang='lat' dir='ltr'><strong>esse</strong></span> <span class='ocrx_word' id='word_1_162' title='bbox 2342 924 2421 979; x_wconf 90' lang='lat' dir='ltr'><strong>sic</strong></span> <span class='ocrx_word' id='word_1_163' title='bbox 2440 925 2600 992; x_wconf 92' lang='lat' dir='ltr'><strong>mori,</strong></span> <span class='ocrx_word' id='word_1_164' title='bbox 2623 931 2856 979; x_wconf 89' lang='lat' dir='ltr'><strong>mortem</strong></span> <span class='ocrx_word' id='word_1_165' title='bbox 2876 939 3007 980; x_wconf 89' lang='lat' dir='ltr'><strong>vero</strong></span> <span class='ocrx_word' id='word_1_166' title='bbox 3027 925 3366 981; x_wconf 88' lang='lat' dir='ltr'><strong>manifestam</strong></span> <span class='ocrx_word' id='word_1_167' title='bbox 3386 939 3588 996; x_wconf 82' lang='lat' dir='ltr'><strong>negare</strong></span> 
     </span>
    </p>
   </div>
   <div class='ocr_carea' id='block_1_24' title="bbox 1997 1010 3587 1086">
    <p class='ocr_par' dir='ltr' id='par_1_24' title="bbox 1997 1010 3587 1086">
     <span class='ocr_line' id='line_1_24' title="bbox 1997 1010 3587 1086; baseline 0.004 -20"><span class='ocrx_word' id='word_1_168' title='bbox 1997 1010 2165 1067; x_wconf 91' lang='lat' dir='ltr'><strong>Deum</strong></span> <span class='ocrx_word' id='word_1_169' title='bbox 2212 1030 2225 1066; x_wconf 92' lang='lat'>:</span> <span class='ocrx_word' id='word_1_170' title='bbox 2270 1013 2532 1083; x_wconf 91' lang='lat' dir='ltr'><strong>adjiciens</strong></span> <span class='ocrx_word' id='word_1_171' title='bbox 2579 1013 2706 1084; x_wconf 82' lang='lat' dir='ltr'><strong>quia</strong></span> <span class='ocrx_word' id='word_1_172' title='bbox 2747 1023 2874 1084; x_wconf 89' lang='lat' dir='ltr'><strong>post</strong></span> <span class='ocrx_word' id='word_1_173' title='bbox 2913 1015 3188 1086; x_wconf 88' lang='lat' dir='ltr'><strong>paululum</strong></span> <span class='ocrx_word' id='word_1_174' title='bbox 3229 1017 3392 1072; x_wconf 89' lang='lat' dir='ltr'><strong>etiam</strong></span> <span class='ocrx_word' id='word_1_175' title='bbox 3437 1015 3587 1072; x_wconf 93' lang='lat' dir='ltr'><strong>nullo</strong></span> 
     </span>
    </p>
   </div>
   <div class='ocr_carea' id='block_1_25' title="bbox 1997 1103 3587 1173">
    <p class='ocr_par' dir='ltr' id='par_1_25' title="bbox 1997 1103 3587 1173">
     <span class='ocr_line' id='line_1_25' title="bbox 1997 1103 3587 1173; baseline 0.004 -18"><span class='ocrx_word' id='word_1_176' title='bbox 1997 1103 2298 1172; x_wconf 90' lang='lat' dir='ltr'><strong>perimente</strong></span> <span class='ocrx_word' id='word_1_177' title='bbox 2319 1112 2513 1173; x_wconf 89' lang='lat' dir='ltr'><strong>sponte</strong></span> <span class='ocrx_word' id='word_1_178' title='bbox 2533 1119 2680 1162; x_wconf 92' lang='lat' dir='ltr'><strong>mors</strong></span> <span class='ocrx_word' id='word_1_179' title='bbox 2705 1104 2921 1160; x_wconf 90' lang='lat' dir='ltr'><strong>accidit.</strong></span> <span class='ocrx_word' id='word_1_180' title='bbox 2953 1104 3053 1160; x_wconf 82' lang='lat' dir='ltr'><strong>Hic</strong></span> <span class='ocrx_word' id='word_1_181' title='bbox 3073 1112 3154 1160; x_wconf 90' lang='lat' dir='ltr'><strong>est</strong></span> <span class='ocrx_word' id='word_1_182' title='bbox 3173 1106 3317 1160; x_wconf 90' lang='lat' dir='ltr'><strong>enim</strong></span> <span class='ocrx_word' id='word_1_183' title='bbox 3339 1105 3587 1161; x_wconf 89' lang='lat' dir='ltr'><strong>omnibus</strong></span> 
     </span>
    </p>
   </div>
   <div class='ocr_carea' id='block_1_26' title="bbox 1999 1191 3588 1267">
    <p class='ocr_par' dir='ltr' id='par_1_26' title="bbox 1999 1191 3588 1267">
     <span class='ocr_line' id='line_1_26' title="bbox 1999 1191 3588 1267; baseline 0.004 -21"><span class='ocrx_word' id='word_1_184' title='bbox 1999 1193 2138 1246; x_wconf 90' lang='lat' dir='ltr'><strong>natis</strong></span> <span class='ocrx_word' id='word_1_185' title='bbox 2191 1191 2312 1249; x_wconf 88' lang='lat' dir='ltr'><strong>ﬁnis</strong></span> <span class='ocrx_word' id='word_1_186' title='bbox 2358 1194 2702 1249; x_wconf 86' lang='lat' dir='ltr'><strong>inevitabilis.</strong></span> <span class='ocrx_word' id='word_1_187' title='bbox 2752 1195 2881 1249; x_wconf 91' lang='lat' dir='ltr'><strong>Post</strong></span> <span class='ocrx_word' id='word_1_188' title='bbox 2905 1195 3022 1252; x_wconf 71' lang='lat' dir='ltr'><strong>haec</strong></span> <span class='ocrx_word' id='word_1_189' title='bbox 3048 1207 3229 1251; x_wconf 90' lang='lat' dir='ltr'><strong>autem</strong></span> <span class='ocrx_word' id='word_1_190' title='bbox 3259 1197 3588 1267; x_wconf 87' lang='lat' dir='ltr'><strong>perpetuitas</strong></span> 
     </span>
    </p>
   </div>
   <div class='ocr_carea' id='block_1_27' title="bbox 1997 1283 3633 1366">
    <p class='ocr_par' dir='ltr' id='par_1_27' title="bbox 1997 1283 3633 1366">
     <span class='ocr_line' id='line_1_27' title="bbox 1997 1283 3633 1366; baseline 0.004 -32"><span class='ocrx_word' id='word_1_191' title='bbox 1997 1296 2104 1335; x_wconf 93' lang='lat' dir='ltr'><strong>non</strong></span> <span class='ocrx_word' id='word_1_192' title='bbox 2137 1283 2385 1336; x_wconf 90' lang='lat' dir='ltr'><strong>omnibus</strong></span> <span class='ocrx_word' id='word_1_193' title='bbox 2413 1283 2660 1337; x_wconf 87' lang='lat' dir='ltr'><strong>similiter</strong></span> <span class='ocrx_word' id='word_1_194' title='bbox 2687 1284 2911 1350; x_wconf 90' lang='lat' dir='ltr'><strong>accidit,</strong></span> <span class='ocrx_word' id='word_1_195' title='bbox 2958 1285 3054 1340; x_wconf 91' lang='lat' dir='ltr'><strong>sed</strong></span> <span class='ocrx_word' id='word_1_196' title='bbox 3080 1285 3228 1340; x_wconf 91' lang='lat' dir='ltr'><strong>velut</strong></span> <span class='ocrx_word' id='word_1_197' title='bbox 3256 1301 3324 1340; x_wconf 84' lang='lat' dir='ltr'><strong>ex</strong></span> <span class='ocrx_word' id='word_1_198' title='bbox 3352 1286 3586 1356; x_wconf 91' lang='lat' dir='ltr'><strong>quodam</strong></span> <span class='ocrx_word' id='word_1_199' title='bbox 3603 1283 3633 1366; x_wconf 74' lang='grc'><strong>(’</strong></span> 
     </span>
    </p>
   </div>
   <div class='ocr_carea' id='block_1_28' title="bbox 2000 1372 3590 1448">
    <p class='ocr_par' dir='ltr' id='par_1_28' title="bbox 2000 1372 3590 1448">
     <span class='ocr_line' id='line_1_28' title="bbox 2000 1372 3590 1448; baseline 0.004 -22"><span class='ocrx_word' id='word_1_200' title='bbox 2000 1372 2240 1443; x_wconf 91' lang='lat' dir='ltr'><strong>pondere</strong></span> <span class='ocrx_word' id='word_1_201' title='bbox 2291 1389 2508 1428; x_wconf 85' lang='lat' dir='ltr'><strong>onmem</strong></span> <span class='ocrx_word' id='word_1_202' title='bbox 2558 1375 2828 1429; x_wconf 89' lang='lat' dir='ltr'><strong>rationem</strong></span> <span class='ocrx_word' id='word_1_203' title='bbox 2870 1376 3384 1448; x_wconf 84' lang='lat' dir='ltr'><strong>reddenthomines</strong></span> <span class='ocrx_word' id='word_1_204' title='bbox 3429 1377 3590 1448; x_wconf 86' lang='lat' dir='ltr'><strong>hujus</strong></span> 
     </span>
    </p>
   </div>
   <div class='ocr_carea' id='block_1_29' title="bbox 1997 1463 3592 1536">
    <p class='ocr_par' dir='ltr' id='par_1_29' title="bbox 1997 1463 3592 1536">
     <span class='ocr_line' id='line_1_29' title="bbox 1997 1463 3592 1536; baseline 0.003 -19"><span class='ocrx_word' id='word_1_205' title='bbox 1997 1463 2123 1517; x_wconf 77' lang='lat' dir='ltr'><strong>vitae</strong></span> <span class='ocrx_word' id='word_1_206' title='bbox 2149 1472 2203 1518; x_wconf 92' lang='lat' dir='ltr'><strong>et</strong></span> <span class='ocrx_word' id='word_1_207' title='bbox 2232 1478 2420 1517; x_wconf 91' lang='lat' dir='ltr'><strong>eorum</strong></span> <span class='ocrx_word' id='word_1_208' title='bbox 2450 1478 2570 1535; x_wconf 64' lang='lat' dir='ltr'><strong>quae</strong></span> <span class='ocrx_word' id='word_1_209' title='bbox 2597 1463 2734 1518; x_wconf 88' lang='lat' dir='ltr'><strong>bene</strong></span> <span class='ocrx_word' id='word_1_210' title='bbox 2759 1467 3024 1533; x_wconf 79' lang='lat' dir='ltr'><strong>gesserint</strong></span> <span class='ocrx_word' id='word_1_211' title='bbox 3050 1468 3487 1536; x_wconf 85' lang='lat' dir='ltr'><strong>retributionem,</strong></span> <span class='ocrx_word' id='word_1_212' title='bbox 3532 1475 3592 1524; x_wconf 89' lang='lat' dir='ltr'><strong>et</strong></span> 
     </span>
    </p>
   </div>
   <div class='ocr_carea' id='block_1_30' title="bbox 1997 1559 3666 1632">
    <p class='ocr_par' dir='ltr' id='par_1_30' title="bbox 1997 1559 3666 1632">
     <span class='ocr_line' id='line_1_30' title="bbox 1997 1559 3666 1632; baseline 0.001 -18"><span class='ocrx_word' id='word_1_213' title='bbox 1997 1573 2186 1630; x_wconf 68' lang='lat' dir='ltr'><strong>poenas</strong></span> <span class='ocrx_word' id='word_1_214' title='bbox 2232 1559 2497 1614; x_wconf 89' lang='lat' dir='ltr'><strong>malorum</strong></span> <span class='ocrx_word' id='word_1_215' title='bbox 2540 1560 2658 1615; x_wconf 86' lang='lat' dir='ltr'><strong>sine</strong></span> <span class='ocrx_word' id='word_1_216' title='bbox 2703 1560 3036 1616; x_wconf 89' lang='lat' dir='ltr'><strong>dubitatione</strong></span> <span class='ocrx_word' id='word_1_217' title='bbox 3083 1561 3360 1632; x_wconf 83' lang='lat' dir='ltr'><strong>recipient.</strong></span> <span class='ocrx_word' id='word_1_218' title='bbox 3418 1559 3590 1628; x_wconf 84' lang='lat' dir='ltr'><strong>Majus</strong></span> <span class='ocrx_word' id='word_1_219' title='bbox 3660 1602 3666 1630; x_wconf 76' lang='lat'><strong>._.</strong></span> 
     </span>
    </p>
   </div>
   <div class='ocr_carea' id='block_1_31' title="bbox 2000 1652 3592 1723">
    <p class='ocr_par' dir='ltr' id='par_1_31' title="bbox 2000 1652 3592 1723">
     <span class='ocr_line' id='line_1_31' title="bbox 2000 1652 3592 1723; baseline 0.003 -19"><span class='ocrx_word' id='word_1_220' title='bbox 2000 1660 2178 1706; x_wconf 91' lang='lat' dir='ltr'><strong>autem</strong></span> <span class='ocrx_word' id='word_1_221' title='bbox 2212 1654 2452 1707; x_wconf 92' lang='lat' dir='ltr'><strong>omnium</strong></span> <span class='ocrx_word' id='word_1_222' title='bbox 2481 1652 2748 1708; x_wconf 88' lang='lat' dir='ltr'><strong>bonorum</strong></span> <span class='ocrx_word' id='word_1_223' title='bbox 2777 1654 2908 1708; x_wconf 86' lang='lat' dir='ltr'><strong>nihil</strong></span> <span class='ocrx_word' id='word_1_224' title='bbox 2957 1662 3039 1708; x_wconf 89' lang='lat' dir='ltr'><strong>est</strong></span> <span class='ocrx_word' id='word_1_225' title='bbox 3085 1669 3148 1709; x_wconf 92' lang='lat' dir='ltr'><strong>ac</strong></span> <span class='ocrx_word' id='word_1_226' title='bbox 3184 1654 3401 1722; x_wconf 86' lang='lat' dir='ltr'><strong>beatius</strong></span> <span class='ocrx_word' id='word_1_227' title='bbox 3428 1669 3592 1723; x_wconf 88' lang='lat' dir='ltr'><strong>quam</strong></span> 
     </span>
    </p>
   </div>
   <div class='ocr_carea' id='block_1_32' title="bbox 2000 1743 3592 1817">
    <p class='ocr_par' dir='ltr' id='par_1_32' title="bbox 2000 1743 3592 1817">
     <span class='ocr_line' id='line_1_32' title="bbox 2000 1743 3592 1817; baseline 0.001 -19"><span class='ocrx_word' id='word_1_228' title='bbox 2000 1743 2197 1810; x_wconf 80' lang='lat' dir='ltr'><strong>eligere</strong></span> <span class='ocrx_word' id='word_1_229' title='bbox 2226 1745 2363 1798; x_wconf 91' lang='lat' dir='ltr'><strong>mori</strong></span> <span class='ocrx_word' id='word_1_230' title='bbox 2395 1759 2495 1814; x_wconf 91' lang='lat' dir='ltr'><strong>pro</strong></span> <span class='ocrx_word' id='word_1_231' title='bbox 2516 1743 2648 1800; x_wconf 91' lang='lat' dir='ltr'><strong>Deo.</strong></span> <span class='ocrx_word' id='word_1_232' title='bbox 2680 1743 2807 1800; x_wconf 61' lang='lat' dir='ltr'><strong>Rrec</strong></span> <span class='ocrx_word' id='word_1_233' title='bbox 2832 1746 3046 1800; x_wconf 86' lang='lat' dir='ltr'><strong>dicente</strong></span> <span class='ocrx_word' id='word_1_234' title='bbox 3075 1745 3364 1817; x_wconf 88' lang='lat' dir='ltr'><strong>Symeone,</strong></span> <span class='ocrx_word' id='word_1_235' title='bbox 3393 1755 3445 1800; x_wconf 90' lang='lat' dir='ltr'><strong>et</strong></span> <span class='ocrx_word' id='word_1_236' title='bbox 3473 1754 3592 1800; x_wconf 88' lang='lat' dir='ltr'><strong>tan-</strong></span> 
     </span>
    </p>
   </div>
   <div class='ocr_carea' id='block_1_33' title="bbox 299 1835 3590 1907">
    <p class='ocr_par' dir='ltr' id='par_1_33' title="bbox 299 1835 3590 1907">
     <span class='ocr_line' id='line_1_33' title="bbox 299 1835 3590 1907; baseline 0.001 -17"><span class='ocrx_word' id='word_1_237' title='bbox 299 1851 330 1890; x_wconf 89' lang='lat' dir='ltr'><strong>a</strong></span> <span class='ocrx_word' id='word_1_238' title='bbox 359 1837 474 1892; x_wconf 92' lang='lat' dir='ltr'><strong>Deo</strong></span> <span class='ocrx_word' id='word_1_239' title='bbox 502 1846 681 1894; x_wconf 91' lang='lat' dir='ltr'><strong>creata</strong></span> <span class='ocrx_word' id='word_1_240' title='bbox 709 1848 853 1903; x_wconf 89' lang='lat' dir='ltr'><strong>sunt,</strong></span> <span class='ocrx_word' id='word_1_241' title='bbox 901 1848 1028 1894; x_wconf 87' lang='lat' dir='ltr'><strong>tunc</strong></span> <span class='ocrx_word' id='word_1_242' title='bbox 1076 1840 1154 1894; x_wconf 91' lang='lat' dir='ltr'><strong>ira</strong></span> <span class='ocrx_word' id='word_1_243' title='bbox 1183 1849 1506 1906; x_wconf 88' lang='lat' dir='ltr'><strong>commotus,</strong></span> <span class='ocrx_word' id='word_1_244' title='bbox 1531 1838 1688 1907; x_wconf 86' lang='lat' dir='ltr'><strong>jussit</strong></span> <span class='ocrx_word' id='word_1_245' title='bbox 1716 1838 1894 1906; x_wconf 88' lang='lat' dir='ltr'><strong>gladio</strong></span> <span class='ocrx_word' id='word_1_246' title='bbox 1926 1845 1972 1903; x_wconf 86' lang='lat' dir='ltr'><strong>B</strong></span> <span class='ocrx_word' id='word_1_247' title='bbox 2000 1851 2162 1906; x_wconf 90' lang='lat' dir='ltr'><strong>quam</strong></span> <span class='ocrx_word' id='word_1_248' title='bbox 2185 1835 2321 1890; x_wconf 88' lang='lat' dir='ltr'><strong>ﬁlios</strong></span> <span class='ocrx_word' id='word_1_249' title='bbox 2341 1836 2689 1900; x_wconf 69' lang='lat' dir='ltr'><strong>edocente,in</strong></span> <span class='ocrx_word' id='word_1_250' title='bbox 2702 1837 3082 1892; x_wconf 89' lang='lat' dir='ltr'><strong>certaminibus</strong></span> <span class='ocrx_word' id='word_1_251' title='bbox 3104 1839 3272 1893; x_wconf 88' lang='lat' dir='ltr'><strong>sacris</strong></span> <span class='ocrx_word' id='word_1_252' title='bbox 3298 1836 3461 1892; x_wconf 91' lang='lat' dir='ltr'><strong>modo</strong></span> <span class='ocrx_word' id='word_1_253' title='bbox 3483 1851 3590 1905; x_wconf 88' lang='lat' dir='ltr'><strong>quo</strong></span> 
     </span>
    </p>
   </div>
   <div class='ocr_carea' id='block_1_34' title="bbox 299 1928 1890 1999">
    <p class='ocr_par' dir='ltr' id='par_1_34' title="bbox 299 1928 1890 1999">
     <span class='ocr_line' id='line_1_34' title="bbox 299 1928 1890 1999; baseline 0.001 -17"><span class='ocrx_word' id='word_1_254' title='bbox 299 1937 462 1999; x_wconf 89' lang='lat' dir='ltr'><strong>caput</strong></span> <span class='ocrx_word' id='word_1_255' title='bbox 490 1928 604 1998; x_wconf 89' lang='lat' dir='ltr'><strong>ejus</strong></span> <span class='ocrx_word' id='word_1_256' title='bbox 633 1931 894 1985; x_wconf 88' lang='lat' dir='ltr'><strong>abscindi.</strong></span> <span class='ocrx_word' id='word_1_257' title='bbox 953 1930 1198 1999; x_wconf 85' lang='lat' dir='ltr'><strong>Cumque</strong></span> <span class='ocrx_word' id='word_1_258' title='bbox 1246 1931 1535 1985; x_wconf 87' lang='lat' dir='ltr'><strong>duceretur</strong></span> <span class='ocrx_word' id='word_1_259' title='bbox 1563 1931 1632 1984; x_wconf 87' lang='lat' dir='ltr'><strong>ad</strong></span> <span class='ocrx_word' id='word_1_260' title='bbox 1681 1945 1890 1996; x_wconf 90' lang='lat' dir='ltr'><strong>necem,</strong></span> 
     </span>
    </p>
   </div>
   <div class='ocr_carea' id='block_1_35' title="bbox 299 2019 1896 2091">
    <p class='ocr_par' dir='ltr' id='par_1_35' title="bbox 299 2019 1896 2091">
     <span class='ocr_line' id='line_1_35' title="bbox 299 2019 1896 2091; baseline 0.003 -19"><span class='ocrx_word' id='word_1_261' title='bbox 299 2020 509 2086; x_wconf 78' lang='lat' dir='ltr'><strong>rogavit</strong></span> <span class='ocrx_word' id='word_1_262' title='bbox 528 2019 911 2089; x_wconf 89' lang='lat' dir='ltr'><strong>spiculatorem</strong></span> <span class='ocrx_word' id='word_1_263' title='bbox 930 2031 986 2075; x_wconf 92' lang='lat' dir='ltr'><strong>ut</strong></span> <span class='ocrx_word' id='word_1_264' title='bbox 1003 2023 1275 2091; x_wconf 90' lang='lat' dir='ltr'><strong>paululum</strong></span> <span class='ocrx_word' id='word_1_265' title='bbox 1299 2024 1605 2088; x_wconf 90' lang='lat' dir='ltr'><strong>sustineret,</strong></span> <span class='ocrx_word' id='word_1_266' title='bbox 1639 2031 1896 2091; x_wconf 88' lang='lat' dir='ltr'><strong>tanquam</strong></span> 
     </span>
    </p>
   </div>
   <div class='ocr_carea' id='block_1_36' title="bbox 299 2112 1895 2186">
    <p class='ocr_par' dir='ltr' id='par_1_36' title="bbox 299 2112 1895 2186">
     <span class='ocr_line' id='line_1_36' title="bbox 299 2112 1895 2186; baseline 0.002 -21"><span class='ocrx_word' id='word_1_267' title='bbox 299 2112 502 2181; x_wconf 89' lang='lat' dir='ltr'><strong>aliquid</strong></span> <span class='ocrx_word' id='word_1_268' title='bbox 522 2114 635 2181; x_wconf 90' lang='lat' dir='ltr'><strong>regi</strong></span> <span class='ocrx_word' id='word_1_269' title='bbox 656 2115 1022 2181; x_wconf 88' lang='lat' dir='ltr'><strong>mandaturus,</strong></span> <span class='ocrx_word' id='word_1_270' title='bbox 1041 2123 1103 2170; x_wconf 85' lang='lat' dir='ltr'><strong>et</strong></span> <span class='ocrx_word' id='word_1_271' title='bbox 1124 2132 1322 2171; x_wconf 88' lang='lat' dir='ltr'><strong>vocans</strong></span> <span class='ocrx_word' id='word_1_272' title='bbox 1343 2116 1628 2186; x_wconf 87' lang='lat' dir='ltr'><strong>quemdam</strong></span> <span class='ocrx_word' id='word_1_273' title='bbox 1659 2113 1895 2169; x_wconf 92' lang='lat' dir='ltr'><strong>ﬁdelium</strong></span> 
     </span>
    </p>
   </div>
   <div class='ocr_carea' id='block_1_37' title="bbox 301 2206 1895 2281">
    <p class='ocr_par' dir='ltr' id='par_1_37' title="bbox 301 2206 1895 2281">
     <span class='ocr_line' id='line_1_37' title="bbox 301 2206 1895 2281; baseline 0.001 -21"><span class='ocrx_word' id='word_1_274' title='bbox 301 2206 711 2272; x_wconf 84' lang='lat' dir='ltr'><strong>cunuchorum,</strong></span> <span class='ocrx_word' id='word_1_275' title='bbox 772 2206 930 2276; x_wconf 85' lang='lat' dir='ltr'><strong>jussit</strong></span> <span class='ocrx_word' id='word_1_276' title='bbox 985 2216 1044 2262; x_wconf 92' lang='lat' dir='ltr'><strong>ut</strong></span> <span class='ocrx_word' id='word_1_277' title='bbox 1093 2209 1296 2264; x_wconf 76' lang='lat' dir='ltr'><strong>diceret</strong></span> <span class='ocrx_word' id='word_1_278' title='bbox 1332 2208 1466 2281; x_wconf 67' lang='lat' dir='ltr'><strong>haec</strong></span> <span class='ocrx_word' id='word_1_279' title='bbox 1517 2208 1711 2278; x_wconf 89' lang='lat' dir='ltr'><strong>Sapori</strong></span> <span class='ocrx_word' id='word_1_280' title='bbox 1746 2226 1757 2260; x_wconf 91' lang='lat'><strong>:</strong></span> <span class='ocrx_word' id='word_1_281' title='bbox 1792 2208 1895 2262; x_wconf 88' lang='lat' dir='ltr'><strong>Pro</strong></span> 
     </span>
    </p>
   </div>
   <div class='ocr_carea' id='block_1_38' title="bbox 300 2295 1893 2370">
    <p class='ocr_par' dir='ltr' id='par_1_38' title="bbox 300 2295 1893 2370">
     <span class='ocr_line' id='line_1_38' title="bbox 300 2295 1893 2370; baseline 0.002 -19"><span class='ocrx_word' id='word_1_282' title='bbox 300 2295 489 2352; x_wconf 83' lang='lat' dir='ltr'><strong>favore</strong></span> <span class='ocrx_word' id='word_1_283' title='bbox 528 2312 689 2366; x_wconf 91' lang='lat' dir='ltr'><strong>quem</strong></span> <span class='ocrx_word' id='word_1_284' title='bbox 731 2299 991 2356; x_wconf 91' lang='lat' dir='ltr'><strong>hactenus</strong></span> <span class='ocrx_word' id='word_1_285' title='bbox 1018 2317 1048 2355; x_wconf 94' lang='lat' dir='ltr'><strong>a</strong></span> <span class='ocrx_word' id='word_1_286' title='bbox 1073 2300 1356 2370; x_wconf 90' lang='lat' dir='ltr'><strong>juventute</strong></span> <span class='ocrx_word' id='word_1_287' title='bbox 1401 2301 1564 2354; x_wconf 90' lang='lat' dir='ltr'><strong>habui</strong></span> <span class='ocrx_word' id='word_1_288' title='bbox 1608 2301 1748 2355; x_wconf 90' lang='lat' dir='ltr'><strong>circa</strong></span> <span class='ocrx_word' id='word_1_289' title='bbox 1796 2315 1893 2354; x_wconf 90' lang='lat' dir='ltr'><strong>ve-</strong></span> 
     </span>
    </p>
   </div>
   <div class='ocr_carea' id='block_1_39' title="bbox 301 2388 1895 2462">
    <p class='ocr_par' dir='ltr' id='par_1_39' title="bbox 301 2388 1895 2462">
     <span class='ocr_line' id='line_1_39' title="bbox 301 2388 1895 2462; baseline 0.003 -20"><span class='ocrx_word' id='word_1_290' title='bbox 301 2395 472 2442; x_wconf 87' lang='lat' dir='ltr'><strong>stram</strong></span> <span class='ocrx_word' id='word_1_291' title='bbox 510 2388 760 2457; x_wconf 91' lang='lat' dir='ltr'><strong>domum,</strong></span> <span class='ocrx_word' id='word_1_292' title='bbox 815 2406 848 2444; x_wconf 94' lang='lat' dir='ltr'><strong>o</strong></span> <span class='ocrx_word' id='word_1_293' title='bbox 887 2407 1006 2457; x_wconf 85' lang='lat' dir='ltr'><strong>rex,</strong></span> <span class='ocrx_word' id='word_1_294' title='bbox 1060 2391 1203 2462; x_wconf 92' lang='lat' dir='ltr'><strong>patri</strong></span> <span class='ocrx_word' id='word_1_295' title='bbox 1233 2400 1326 2446; x_wconf 92' lang='lat' dir='ltr'><strong>tuo</strong></span> <span class='ocrx_word' id='word_1_296' title='bbox 1357 2399 1412 2446; x_wconf 91' lang='lat' dir='ltr'><strong>et</strong></span> <span class='ocrx_word' id='word_1_297' title='bbox 1443 2391 1536 2446; x_wconf 92' lang='lat' dir='ltr'><strong>tibi</strong></span> <span class='ocrx_word' id='word_1_298' title='bbox 1586 2391 1895 2446; x_wconf 91' lang='lat' dir='ltr'><strong>ministrans</strong></span> 
     </span>
    </p>
   </div>
   <div class='ocr_carea' id='block_1_40' title="bbox 300 2479 1896 2553">
    <p class='ocr_par' dir='ltr' id='par_1_40' title="bbox 300 2479 1896 2553">
     <span class='ocr_line' id='line_1_40' title="bbox 300 2479 1896 2553; baseline 0.003 -19"><span class='ocrx_word' id='word_1_299' title='bbox 300 2479 482 2535; x_wconf 87' lang='lat' dir='ltr'><strong>studio</strong></span> <span class='ocrx_word' id='word_1_300' title='bbox 513 2483 869 2552; x_wconf 87' lang='lat' dir='ltr'><strong>competenti,</strong></span> <span class='ocrx_word' id='word_1_301' title='bbox 902 2483 1126 2538; x_wconf 89' lang='lat' dir='ltr'><strong>testibus</strong></span> <span class='ocrx_word' id='word_1_302' title='bbox 1155 2499 1262 2538; x_wconf 90' lang='lat' dir='ltr'><strong>non</strong></span> <span class='ocrx_word' id='word_1_303' title='bbox 1296 2483 1530 2553; x_wconf 88' lang='lat' dir='ltr'><strong>indigeo,</strong></span> <span class='ocrx_word' id='word_1_304' title='bbox 1582 2491 1636 2536; x_wconf 93' lang='lat' dir='ltr'><strong>tu</strong></span> <span class='ocrx_word' id='word_1_305' title='bbox 1662 2497 1896 2552; x_wconf 87' lang='lat' dir='ltr'><strong>namque</strong></span> 
     </span>
    </p>
   </div>
   <div class='ocr_carea' id='block_1_41' title="bbox 301 2573 1894 2648">
    <p class='ocr_par' dir='ltr' id='par_1_41' title="bbox 301 2573 1894 2648">
     <span class='ocr_line' id='line_1_41' title="bbox 301 2573 1894 2648; baseline 0.003 -21"><span class='ocrx_word' id='word_1_306' title='bbox 301 2573 440 2628; x_wconf 88' lang='lat' dir='ltr'><strong>bene</strong></span> <span class='ocrx_word' id='word_1_307' title='bbox 487 2574 648 2629; x_wconf 88' lang='lat' dir='ltr'><strong>nosti.</strong></span> <span class='ocrx_word' id='word_1_308' title='bbox 699 2573 804 2629; x_wconf 87' lang='lat' dir='ltr'><strong>Pro</strong></span> <span class='ocrx_word' id='word_1_309' title='bbox 833 2576 1082 2631; x_wconf 91' lang='lat' dir='ltr'><strong>omnibus</strong></span> <span class='ocrx_word' id='word_1_310' title='bbox 1111 2590 1241 2645; x_wconf 89' lang='lat' dir='ltr'><strong>ergo</strong></span> <span class='ocrx_word' id='word_1_311' title='bbox 1271 2591 1390 2648; x_wconf 65' lang='lat' dir='ltr'><strong>quae</strong></span> <span class='ocrx_word' id='word_1_312' title='bbox 1419 2576 1708 2647; x_wconf 89' lang='lat' dir='ltr'><strong>aliquando</strong></span> <span class='ocrx_word' id='word_1_313' title='bbox 1740 2576 1894 2632; x_wconf 90' lang='lat' dir='ltr'><strong>vobis</strong></span> 
     </span>
    </p>
   </div>
   <div class='ocr_carea' id='block_1_42' title="bbox 302 2665 1894 2739">
    <p class='ocr_par' dir='ltr' id='par_1_42' title="bbox 302 2665 1894 2739">
     <span class='ocr_line' id='line_1_42' title="bbox 302 2665 1894 2739; baseline 0.003 -20"><span class='ocrx_word' id='word_1_314' title='bbox 302 2665 567 2735; x_wconf 91' lang='lat' dir='ltr'><strong>impendi,</strong></span> <span class='ocrx_word' id='word_1_315' title='bbox 617 2667 783 2722; x_wconf 90' lang='lat' dir='ltr'><strong>redde</strong></span> <span class='ocrx_word' id='word_1_316' title='bbox 811 2668 939 2722; x_wconf 90' lang='lat' dir='ltr'><strong>mihi</strong></span> <span class='ocrx_word' id='word_1_317' title='bbox 968 2669 1466 2739; x_wconf 89' lang='lat' dir='ltr'><strong>compensationem</strong></span> <span class='ocrx_word' id='word_1_318' title='bbox 1497 2669 1894 2738; x_wconf 89' lang='lat' dir='ltr'><strong>hujuscemodi,</strong></span> 
     </span>
    </p>
   </div>
   <div class='ocr_carea' id='block_1_43' title="bbox 301 2758 1898 2833">
    <p class='ocr_par' dir='ltr' id='par_1_43' title="bbox 301 2758 1898 2833">
     <span class='ocr_line' id='line_1_43' title="bbox 301 2758 1898 2833; baseline 0.004 -21"><span class='ocrx_word' id='word_1_319' title='bbox 301 2773 372 2812; x_wconf 91' lang='lat' dir='ltr'><strong>ne</strong></span> <span class='ocrx_word' id='word_1_320' title='bbox 401 2758 521 2826; x_wconf 91' lang='lat' dir='ltr'><strong>quis</strong></span> <span class='ocrx_word' id='word_1_321' title='bbox 562 2758 922 2827; x_wconf 90' lang='lat' dir='ltr'><strong>ignorantium</strong></span> <span class='ocrx_word' id='word_1_322' title='bbox 953 2770 1108 2830; x_wconf 89' lang='lat' dir='ltr'><strong>putet</strong></span> <span class='ocrx_word' id='word_1_323' title='bbox 1147 2776 1234 2814; x_wconf 89' lang='lat' dir='ltr'><strong>me</strong></span> <span class='ocrx_word' id='word_1_324' title='bbox 1278 2761 1596 2833; x_wconf 89' lang='lat' dir='ltr'><strong>supplicium</strong></span> <span class='ocrx_word' id='word_1_325' title='bbox 1626 2763 1898 2818; x_wconf 90' lang='lat' dir='ltr'><strong>sustinere</strong></span> 
     </span>
    </p>
   </div>
   <div class='ocr_carea' id='block_1_44' title="bbox 300 2851 1898 2924">
    <p class='ocr_par' dir='ltr' id='par_1_44' title="bbox 300 2851 1898 2924">
     <span class='ocr_line' id='line_1_44' title="bbox 300 2851 1898 2924; baseline 0.003 -21"><span class='ocrx_word' id='word_1_326' title='bbox 300 2856 558 2918; x_wconf 87' lang='lat' dir='ltr'><strong>tanquam</strong></span> <span class='ocrx_word' id='word_1_327' title='bbox 590 2851 859 2906; x_wconf 88' lang='lat' dir='ltr'><strong>inﬁdelem</strong></span> <span class='ocrx_word' id='word_1_328' title='bbox 889 2854 1040 2923; x_wconf 88' lang='lat' dir='ltr'><strong>regni</strong></span> <span class='ocrx_word' id='word_1_329' title='bbox 1071 2861 1162 2908; x_wconf 90' lang='lat' dir='ltr'><strong>aut</strong></span> <span class='ocrx_word' id='word_1_330' title='bbox 1200 2854 1354 2908; x_wconf 60' lang='lat' dir='ltr'><strong>mala:</strong></span> <span class='ocrx_word' id='word_1_331' title='bbox 1382 2854 1682 2924; x_wconf 83' lang='lat' dir='ltr'><strong>cujuspiain</strong></span> <span class='ocrx_word' id='word_1_332' title='bbox 1710 2854 1898 2909; x_wconf 88' lang='lat' dir='ltr'><strong>volun-</strong></span> 
     </span>
    </p>
   </div>
   <div class='ocr_carea' id='block_1_45' title="bbox 300 2941 1892 3014">
    <p class='ocr_par' dir='ltr' id='par_1_45' title="bbox 300 2941 1892 3014">
     <span class='ocr_line' id='line_1_45' title="bbox 300 2941 1892 3014; baseline 0.003 -19"><span class='ocrx_word' id='word_1_333' title='bbox 300 2941 450 3010; x_wconf 88' lang='lat' dir='ltr'><strong>tatis,</strong></span> <span class='ocrx_word' id='word_1_334' title='bbox 497 2944 592 2998; x_wconf 88' lang='lat' dir='ltr'><strong>sed</strong></span> <span class='ocrx_word' id='word_1_335' title='bbox 639 2951 698 2997; x_wconf 93' lang='lat' dir='ltr'><strong>ut</strong></span> <span class='ocrx_word' id='word_1_336' title='bbox 745 2945 926 3012; x_wconf 92' lang='lat' dir='ltr'><strong>potius</strong></span> <span class='ocrx_word' id='word_1_337' title='bbox 973 2943 1313 3000; x_wconf 88' lang='lat' dir='ltr'><strong>manifestum</strong></span> <span class='ocrx_word' id='word_1_338' title='bbox 1361 2942 1455 2998; x_wconf 86' lang='lat' dir='ltr'><strong>ﬁat</strong></span> <span class='ocrx_word' id='word_1_339' title='bbox 1504 2945 1647 3014; x_wconf 91' lang='lat' dir='ltr'><strong>quod</strong></span> <span class='ocrx_word' id='word_1_340' title='bbox 1693 2945 1892 3012; x_wconf 87' lang='lat' dir='ltr'><strong>agitur,</strong></span> 
     </span>
    </p>
   </div>
   <div class='ocr_carea' id='block_1_46' title="bbox 299 3032 1897 3107">
    <p class='ocr_par' dir='ltr' id='par_1_46' title="bbox 299 3032 1897 3107">
     <span class='ocr_line' id='line_1_46' title="bbox 299 3032 1897 3107; baseline 0.003 -20"><span class='ocrx_word' id='word_1_341' title='bbox 299 3049 481 3104; x_wconf 65' lang='lat' dir='ltr'><strong>prwco</strong></span> <span class='ocrx_word' id='word_1_342' title='bbox 511 3032 751 3088; x_wconf 89' lang='lat' dir='ltr'><strong>clamans</strong></span> <span class='ocrx_word' id='word_1_343' title='bbox 793 3035 1072 3092; x_wconf 88' lang='lat' dir='ltr'><strong>denuntiet</strong></span> <span class='ocrx_word' id='word_1_344' title='bbox 1115 3036 1400 3106; x_wconf 88' lang='lat' dir='ltr'><strong>universis,</strong></span> <span class='ocrx_word' id='word_1_345' title='bbox 1444 3038 1568 3107; x_wconf 88' lang='lat' dir='ltr'><strong>quia</strong></span> <span class='ocrx_word' id='word_1_346' title='bbox 1599 3036 1897 3093; x_wconf 87' lang='lat' dir='ltr'><strong>Ustazades</strong></span> 
     </span>
    </p>
   </div>
   <div class='ocr_carea' id='block_1_47' title="bbox 299 3124 1896 3197">
    <p class='ocr_par' dir='ltr' id='par_1_47' title="bbox 299 3124 1896 3197">
     <span class='ocr_line' id='line_1_47' title="bbox 299 3124 1896 3197; baseline 0.002 -18"><span class='ocrx_word' id='word_1_347' title='bbox 299 3124 478 3194; x_wconf 86' lang='lat' dir='ltr'><strong>capite</strong></span> <span class='ocrx_word' id='word_1_348' title='bbox 507 3132 806 3191; x_wconf 85' lang='lat' dir='ltr'><strong>truncatur,</strong></span> <span class='ocrx_word' id='word_1_349' title='bbox 835 3142 945 3181; x_wconf 90' lang='lat' dir='ltr'><strong>non</strong></span> <span class='ocrx_word' id='word_1_350' title='bbox 965 3128 1106 3196; x_wconf 87' lang='lat' dir='ltr'><strong>regis</strong></span> <span class='ocrx_word' id='word_1_351' title='bbox 1130 3128 1398 3197; x_wconf 86' lang='lat' dir='ltr'><strong>inimicus,</strong></span> <span class='ocrx_word' id='word_1_352' title='bbox 1420 3127 1514 3183; x_wconf 90' lang='lat' dir='ltr'><strong>sed</strong></span> <span class='ocrx_word' id='word_1_353' title='bbox 1529 3127 1896 3183; x_wconf 90' lang='lat' dir='ltr'><strong>Christianum</strong></span> 
     </span>
    </p>
   </div>
   <div class='ocr_carea' id='block_1_48' title="bbox 1997 1929 3593 1998">
    <p class='ocr_par' dir='ltr' id='par_1_48' title="bbox 1997 1929 3593 1998">
     <span class='ocr_line' id='line_1_48' title="bbox 1997 1929 3593 1998; baseline 0.001 -16"><span class='ocrx_word' id='word_1_354' title='bbox 1997 1929 2224 1983; x_wconf 89' lang='lat' dir='ltr'><strong>decebat</strong></span> <span class='ocrx_word' id='word_1_355' title='bbox 2267 1930 2634 1998; x_wconf 84' lang='lat' dir='ltr'><strong>unusquisque</strong></span> <span class='ocrx_word' id='word_1_356' title='bbox 2674 1931 3001 1985; x_wconf 83' lang='lat' dir='ltr'><strong>exercitatus</strong></span> <span class='ocrx_word' id='word_1_357' title='bbox 3045 1931 3298 1986; x_wconf 87' lang='lat' dir='ltr'><strong>alacriter</strong></span> <span class='ocrx_word' id='word_1_358' title='bbox 3341 1930 3593 1986; x_wconf 85' lang='lat' dir='ltr'><strong>currebat</strong></span> 
     </span>
    </p>
   </div>
   <div class='ocr_carea' id='block_1_49' title="bbox 1998 2016 3591 2088">
    <p class='ocr_par' dir='ltr' id='par_1_49' title="bbox 1998 2016 3591 2088">
     <span class='ocr_line' id='line_1_49' title="bbox 1998 2016 3591 2088; baseline 0.001 -16"><span class='ocrx_word' id='word_1_359' title='bbox 1998 2016 2066 2072; x_wconf 77' lang='lat' dir='ltr'><strong>ad</strong></span> <span class='ocrx_word' id='word_1_360' title='bbox 2111 2031 2320 2072; x_wconf 84' lang='lat' dir='ltr'><strong>necem.</strong></span> <span class='ocrx_word' id='word_1_361' title='bbox 2354 2016 2597 2086; x_wconf 85' lang='lat' dir='ltr'><strong>Cumque</strong></span> <span class='ocrx_word' id='word_1_362' title='bbox 2623 2033 2810 2072; x_wconf 89' lang='lat' dir='ltr'><strong>omnes</strong></span> <span class='ocrx_word' id='word_1_363' title='bbox 2841 2027 3059 2073; x_wconf 91' lang='lat' dir='ltr'><strong>centum</strong></span> <span class='ocrx_word' id='word_1_364' title='bbox 3086 2019 3382 2088; x_wconf 89' lang='lat' dir='ltr'><strong>spiculator</strong></span> <span class='ocrx_word' id='word_1_365' title='bbox 3412 2027 3591 2073; x_wconf 85' lang='lat' dir='ltr'><strong>trans-</strong></span> 
     </span>
    </p>
   </div>
   <div class='ocr_carea' id='block_1_50' title="bbox 1998 2111 3589 2184">
    <p class='ocr_par' dir='ltr' id='par_1_50' title="bbox 1998 2111 3589 2184">
     <span class='ocr_line' id='line_1_50' title="bbox 1998 2111 3589 2184; baseline -0.001 -18"><span class='ocrx_word' id='word_1_366' title='bbox 1998 2113 2154 2178; x_wconf 89' lang='lat' dir='ltr'><strong>isset,</strong></span> <span class='ocrx_word' id='word_1_367' title='bbox 2179 2113 2466 2168; x_wconf 89' lang='lat' dir='ltr'><strong>novissime</strong></span> <span class='ocrx_word' id='word_1_368' title='bbox 2488 2112 2634 2167; x_wconf 89' lang='lat' dir='ltr'><strong>venit</strong></span> <span class='ocrx_word' id='word_1_369' title='bbox 2660 2113 2727 2166; x_wconf 92' lang='lat' dir='ltr'><strong>ad</strong></span> <span class='ocrx_word' id='word_1_370' title='bbox 2750 2111 3094 2184; x_wconf 88' lang='lat' dir='ltr'><strong>Symeonem,</strong></span> <span class='ocrx_word' id='word_1_371' title='bbox 3115 2121 3170 2167; x_wconf 92' lang='lat' dir='ltr'><strong>et</strong></span> <span class='ocrx_word' id='word_1_372' title='bbox 3186 2111 3589 2178; x_wconf 86' lang='lat' dir='ltr'><strong>Abedecallam,</strong></span> 
     </span>
    </p>
   </div>
   <div class='ocr_carea' id='block_1_51' title="bbox 1998 2205 3593 2274">
    <p class='ocr_par' dir='ltr' id='par_1_51' title="bbox 1998 2205 3593 2274">
     <span class='ocr_line' id='line_1_51' title="bbox 1998 2205 3593 2274; baseline -0.002 -13"><span class='ocrx_word' id='word_1_373' title='bbox 1998 2213 2054 2261; x_wconf 91' lang='lat' dir='ltr'><strong>et</strong></span> <span class='ocrx_word' id='word_1_374' title='bbox 2081 2205 2373 2260; x_wconf 89' lang='lat' dir='ltr'><strong>Ananiam:</strong></span> <span class='ocrx_word' id='word_1_375' title='bbox 2431 2207 2590 2260; x_wconf 91' lang='lat' dir='ltr'><strong>ambo</strong></span> <span class='ocrx_word' id='word_1_376' title='bbox 2630 2221 2861 2274; x_wconf 86' lang='lat' dir='ltr'><strong>namque</strong></span> <span class='ocrx_word' id='word_1_377' title='bbox 2906 2221 3093 2273; x_wconf 90' lang='lat' dir='ltr'><strong>senes,</strong></span> <span class='ocrx_word' id='word_1_378' title='bbox 3143 2207 3293 2272; x_wconf 91' lang='lat' dir='ltr'><strong>cani,</strong></span> <span class='ocrx_word' id='word_1_379' title='bbox 3345 2205 3444 2259; x_wconf 91' lang='lat' dir='ltr'><strong>sub</strong></span> <span class='ocrx_word' id='word_1_380' title='bbox 3474 2205 3593 2273; x_wconf 83' lang='lat' dir='ltr'><strong>ejus</strong></span> 
     </span>
    </p>
   </div>
   <div class='ocr_carea' id='block_1_52' title="bbox 1997 2281 3592 2368">
    <p class='ocr_par' dir='ltr' id='par_1_52' title="bbox 1997 2281 3592 2368">
     <span class='ocr_line' id='line_1_52' title="bbox 1997 2281 3592 2368; baseline -0.001 -15"><span class='ocrx_word' id='word_1_381' title='bbox 1997 2298 2239 2353; x_wconf 88' lang='lat' dir='ltr'><strong>Ecclesia</strong></span> <span class='ocrx_word' id='word_1_382' title='bbox 2272 2299 2583 2362; x_wconf 88' lang='lat' dir='ltr'><strong>constituti,</strong></span> <span class='ocrx_word' id='word_1_383' title='bbox 2613 2281 2736 2353; x_wconf 37' lang='lat' dir='ltr'><strong>cum.</strong></span> <span class='ocrx_word' id='word_1_384' title='bbox 2769 2314 2834 2353; x_wconf 91' lang='lat' dir='ltr'><strong>eo</strong></span> <span class='ocrx_word' id='word_1_385' title='bbox 2864 2298 3078 2352; x_wconf 81' lang='lat' dir='ltr'><strong>fuerant</strong></span> <span class='ocrx_word' id='word_1_386' title='bbox 3105 2297 3499 2368; x_wconf 90' lang='lat' dir='ltr'><strong>comprehensi,</strong></span> <span class='ocrx_word' id='word_1_387' title='bbox 3537 2304 3592 2352; x_wconf 90' lang='lat' dir='ltr'><strong>et</strong></span> 
     </span>
    </p>
   </div>
   <div class='ocr_carea' id='block_1_53' title="bbox 1999 2389 3590 2459">
    <p class='ocr_par' dir='ltr' id='par_1_53' title="bbox 1999 2389 3590 2459">
     <span class='ocr_line' id='line_1_53' title="bbox 1999 2389 3590 2459; baseline 0 -13"><span class='ocrx_word' id='word_1_388' title='bbox 1999 2398 2154 2446; x_wconf 88' lang='lat' dir='ltr'><strong>erant</strong></span> <span class='ocrx_word' id='word_1_389' title='bbox 2182 2391 2236 2444; x_wconf 90' lang='lat' dir='ltr'><strong>in</strong></span> <span class='ocrx_word' id='word_1_390' title='bbox 2259 2391 2504 2446; x_wconf 88' lang='lat' dir='ltr'><strong>vinculis.</strong></span> <span class='ocrx_word' id='word_1_391' title='bbox 2528 2390 2820 2456; x_wconf 55' lang='lat' dir='ltr'><strong>Somnum,</strong></span> <span class='ocrx_word' id='word_1_392' title='bbox 2838 2389 2927 2446; x_wconf 86' lang='lat' dir='ltr'><strong>lib.</strong></span> <span class='ocrx_word' id='word_1_393' title='bbox 2955 2408 2990 2446; x_wconf 85' lang='grc' dir='ltr'>ιι</span> <span class='ocrx_word' id='word_1_394' title='bbox 3005 2409 3141 2459; x_wconf 77' lang='lat' dir='ltr'><strong>,rap.</strong></span> <span class='ocrx_word' id='word_1_395' title='bbox 3163 2391 3216 2446; x_wconf 86' lang='lat'><strong>9.</strong></span> <span class='ocrx_word' id='word_1_396' title='bbox 3249 2389 3590 2446; x_wconf 77' lang='lat' dir='ltr'><strong>Edit.C/trist.</strong></span> 
     </span>
    </p>
   </div>
   <div class='ocr_carea' id='block_1_54' title="bbox 2008 2482 3593 2556">
    <p class='ocr_par' dir='ltr' id='par_1_54' title="bbox 2008 2482 3593 2556">
     <span class='ocr_line' id='line_1_54' title="bbox 2008 2482 3593 2556; baseline 0.003 -18"><span class='ocrx_word' id='word_1_397' title='bbox 2008 2483 2184 2538; x_wconf 78' lang='lat' dir='ltr'><strong>Vales.</strong></span> <span class='ocrx_word' id='word_1_398' title='bbox 2217 2501 2332 2554; x_wconf 86' lang='lat' dir='ltr'><strong>cap.</strong></span> <span class='ocrx_word' id='word_1_399' title='bbox 2369 2483 2454 2548; x_wconf 82' lang='grc'><strong>10,</strong></span> <span class='ocrx_word' id='word_1_400' title='bbox 2483 2502 2536 2555; x_wconf 85' lang='grc' dir='ltr'><strong>ρ.</strong></span> <span class='ocrx_word' id='word_1_401' title='bbox 2578 2482 2702 2538; x_wconf 76' lang='grc'><strong>458.</strong></span> <span class='ocrx_word' id='word_1_402' title='bbox 2728 2485 2800 2526; x_wconf 64' lang='lat'><strong>2—</strong></span> <span class='ocrx_word' id='word_1_403' title='bbox 2822 2483 2972 2540; x_wconf 89' lang='lat' dir='ltr'><strong>Tunc</strong></span> <span class='ocrx_word' id='word_1_404' title='bbox 2998 2486 3180 2556; x_wconf 90' lang='lat' dir='ltr'><strong>itaque</strong></span> <span class='ocrx_word' id='word_1_405' title='bbox 3209 2484 3470 2551; x_wconf 90' lang='lat' dir='ltr'><strong>Pusicius,</strong></span> <span class='ocrx_word' id='word_1_406' title='bbox 3501 2485 3593 2554; x_wconf 87' lang='lat' dir='ltr'><strong>qui</strong></span> 
     </span>
    </p>
   </div>
   <div class='ocr_carea' id='block_1_55' title="bbox 1999 2575 3592 2645">
    <p class='ocr_par' dir='ltr' id='par_1_55' title="bbox 1999 2575 3592 2645">
     <span class='ocr_line' id='line_1_55' title="bbox 1999 2575 3592 2645; baseline 0 -16"><span class='ocrx_word' id='word_1_407' title='bbox 1999 2591 2162 2644; x_wconf 91' lang='lat' dir='ltr'><strong>super</strong></span> <span class='ocrx_word' id='word_1_408' title='bbox 2210 2591 2399 2630; x_wconf 90' lang='lat' dir='ltr'><strong>omnes</strong></span> <span class='ocrx_word' id='word_1_409' title='bbox 2428 2575 2663 2630; x_wconf 88' lang='lat' dir='ltr'><strong>artifices</strong></span> <span class='ocrx_word' id='word_1_410' title='bbox 2695 2577 2836 2645; x_wconf 89' lang='lat' dir='ltr'><strong>regis</strong></span> <span class='ocrx_word' id='word_1_411' title='bbox 2882 2585 3000 2632; x_wconf 89' lang='lat' dir='ltr'><strong>erat</strong></span> <span class='ocrx_word' id='word_1_412' title='bbox 3047 2577 3118 2632; x_wconf 91' lang='lat' dir='ltr'><strong>ibi</strong></span> <span class='ocrx_word' id='word_1_413' title='bbox 3166 2577 3484 2642; x_wconf 89' lang='lat' dir='ltr'><strong>consistens,</strong></span> <span class='ocrx_word' id='word_1_414' title='bbox 3537 2584 3592 2630; x_wconf 90' lang='lat' dir='ltr'><strong>et</strong></span> 
     </span>
    </p>
   </div>
   <div class='ocr_carea' id='block_1_56' title="bbox 1997 2667 3590 2738">
    <p class='ocr_par' dir='ltr' id='par_1_56' title="bbox 1997 2667 3590 2738">
     <span class='ocr_line' id='line_1_56' title="bbox 1997 2667 3590 2738; baseline 0.001 -17"><span class='ocrx_word' id='word_1_415' title='bbox 1997 2667 2187 2721; x_wconf 88' lang='lat' dir='ltr'><strong>videns</strong></span> <span class='ocrx_word' id='word_1_416' title='bbox 2225 2667 2487 2720; x_wconf 85' lang='lat' dir='ltr'><strong>Ananiam</strong></span> <span class='ocrx_word' id='word_1_417' title='bbox 2519 2675 2840 2722; x_wconf 87' lang='lat' dir='ltr'><strong>trementem</strong></span> <span class='ocrx_word' id='word_1_418' title='bbox 2893 2684 3015 2723; x_wconf 93' lang='lat' dir='ltr'><strong>cum</strong></span> <span class='ocrx_word' id='word_1_419' title='bbox 3072 2677 3472 2738; x_wconf 74' lang='lat' dir='ltr'><strong>praepararetur</strong></span> <span class='ocrx_word' id='word_1_420' title='bbox 3519 2668 3590 2723; x_wconf 90' lang='lat' dir='ltr'><strong>ad</strong></span> 
     </span>
    </p>
   </div>
   <div class='ocr_carea' id='block_1_57' title="bbox 2001 2757 3593 2826">
    <p class='ocr_par' dir='ltr' id='par_1_57' title="bbox 2001 2757 3593 2826">
     <span class='ocr_line' id='line_1_57' title="bbox 2001 2757 3593 2826; baseline 0 -14"><span class='ocrx_word' id='word_1_421' title='bbox 2001 2772 2223 2826; x_wconf 89' lang='lat' dir='ltr'><strong>necem,</strong></span> <span class='ocrx_word' id='word_1_422' title='bbox 2272 2759 2347 2812; x_wconf 86' lang='lat' dir='ltr'><strong>ait</strong></span> <span class='ocrx_word' id='word_1_423' title='bbox 2380 2776 2393 2810; x_wconf 90' lang='lat'>:</span> <span class='ocrx_word' id='word_1_424' title='bbox 2425 2757 2734 2825; x_wconf 91' lang='lat' dir='ltr'><strong>Paululum,</strong></span> <span class='ocrx_word' id='word_1_425' title='bbox 2781 2775 2814 2814; x_wconf 95' lang='grc' dir='ltr'><strong>ο</strong></span> <span class='ocrx_word' id='word_1_426' title='bbox 2844 2775 3031 2826; x_wconf 82' lang='lat' dir='ltr'><strong>senex,</strong></span> <span class='ocrx_word' id='word_1_427' title='bbox 3081 2761 3270 2816; x_wconf 89' lang='lat' dir='ltr'><strong>claude</strong></span> <span class='ocrx_word' id='word_1_428' title='bbox 3299 2760 3505 2826; x_wconf 91' lang='lat' dir='ltr'><strong>oculos,</strong></span> <span class='ocrx_word' id='word_1_429' title='bbox 3539 2767 3593 2814; x_wconf 90' lang='lat' dir='ltr'><strong>et</strong></span> 
     </span>
    </p>
   </div>
   <div class='ocr_carea' id='block_1_58' title="bbox 2001 2850 3590 2921">
    <p class='ocr_par' dir='ltr' id='par_1_58' title="bbox 2001 2850 3590 2921">
     <span class='ocr_line' id='line_1_58' title="bbox 2001 2850 3590 2921; baseline 0.001 -17"><span class='ocrx_word' id='word_1_430' title='bbox 2001 2865 2222 2904; x_wconf 89' lang='lat' dir='ltr'><strong>securus</strong></span> <span class='ocrx_word' id='word_1_431' title='bbox 2269 2858 2408 2916; x_wconf 86' lang='lat' dir='ltr'><strong>esto,</strong></span> <span class='ocrx_word' id='word_1_432' title='bbox 2457 2867 2582 2905; x_wconf 85' lang='lat' dir='ltr'><strong>mox</strong></span> <span class='ocrx_word' id='word_1_433' title='bbox 2625 2851 2767 2904; x_wconf 91' lang='lat' dir='ltr'><strong>enim</strong></span> <span class='ocrx_word' id='word_1_434' title='bbox 2814 2850 3013 2904; x_wconf 83' lang='lat' dir='ltr'><strong>Christi</strong></span> <span class='ocrx_word' id='word_1_435' title='bbox 3059 2851 3266 2907; x_wconf 91' lang='lat' dir='ltr'><strong>videbis</strong></span> <span class='ocrx_word' id='word_1_436' title='bbox 3293 2859 3590 2921; x_wconf 84' lang='lat' dir='ltr'><strong>aspectum.</strong></span> 
     </span>
    </p>
   </div>
   <div class='ocr_carea' id='block_1_59' title="bbox 2000 2941 3594 3014">
    <p class='ocr_par' dir='ltr' id='par_1_59' title="bbox 2000 2941 3594 3014">
     <span class='ocr_line' id='line_1_59' title="bbox 2000 2941 3594 3014; baseline -0.002 -14"><span class='ocrx_word' id='word_1_437' title='bbox 2000 2945 2242 3014; x_wconf 88' lang='lat' dir='ltr'><strong>Cumque</strong></span> <span class='ocrx_word' id='word_1_438' title='bbox 2269 2944 2491 2998; x_wconf 84' lang='lat' dir='ltr'><strong>dixisset</strong></span> <span class='ocrx_word' id='word_1_439' title='bbox 2519 2944 2643 3009; x_wconf 91' lang='lat' dir='ltr'><strong>hoc,</strong></span> <span class='ocrx_word' id='word_1_440' title='bbox 2675 2951 2896 3012; x_wconf 89' lang='lat' dir='ltr'><strong>repente</strong></span> <span class='ocrx_word' id='word_1_441' title='bbox 2925 2942 3372 3012; x_wconf 89' lang='lat' dir='ltr'><strong>comprehensus,</strong></span> <span class='ocrx_word' id='word_1_442' title='bbox 3403 2941 3594 2997; x_wconf 86' lang='lat' dir='ltr'><strong>ductus</strong></span> 
     </span>
    </p>
   </div>
   <div class='ocr_carea' id='block_1_60' title="bbox 2001 3030 3594 3104">
    <p class='ocr_par' dir='ltr' id='par_1_60' title="bbox 2001 3030 3594 3104">
     <span class='ocr_line' id='line_1_60' title="bbox 2001 3030 3594 3104; baseline 0 -15"><span class='ocrx_word' id='word_1_443' title='bbox 2001 3035 2070 3090; x_wconf 88' lang='lat' dir='ltr'><strong>ad</strong></span> <span class='ocrx_word' id='word_1_444' title='bbox 2098 3049 2298 3104; x_wconf 82' lang='lat' dir='ltr'><strong>regem,</strong></span> <span class='ocrx_word' id='word_1_445' title='bbox 2330 3042 2385 3089; x_wconf 93' lang='lat' dir='ltr'><strong>et</strong></span> <span class='ocrx_word' id='word_1_446' title='bbox 2416 3032 2754 3088; x_wconf 90' lang='lat' dir='ltr'><strong>Christianus</strong></span> <span class='ocrx_word' id='word_1_447' title='bbox 2784 3047 2904 3087; x_wconf 91' lang='lat' dir='ltr'><strong>esse</strong></span> <span class='ocrx_word' id='word_1_448' title='bbox 2930 3030 3323 3097; x_wconf 77' lang='lat' dir='ltr'><strong>manifestatur,</strong></span> <span class='ocrx_word' id='word_1_449' title='bbox 3355 3046 3421 3087; x_wconf 92' lang='lat' dir='ltr'><strong>eo</strong></span> <span class='ocrx_word' id='word_1_450' title='bbox 3450 3031 3594 3101; x_wconf 89' lang='lat' dir='ltr'><strong>quod</strong></span> 
     </span>
    </p>
   </div>
   <div class='ocr_carea' id='block_1_61' title="bbox 2001 3124 3595 3199">
    <p class='ocr_par' dir='ltr' id='par_1_61' title="bbox 2001 3124 3595 3199">
     <span class='ocr_line' id='line_1_61' title="bbox 2001 3124 3595 3199; baseline -0.004 -16"><span class='ocrx_word' id='word_1_451' title='bbox 2001 3143 2103 3199; x_wconf 94' lang='lat' dir='ltr'><strong>pro</strong></span> <span class='ocrx_word' id='word_1_452' title='bbox 2133 3129 2385 3197; x_wconf 80' lang='lat' dir='ltr'><strong>dogmate</strong></span> <span class='ocrx_word' id='word_1_453' title='bbox 2412 3124 2600 3180; x_wconf 80' lang='lat' dir='ltr'><strong>fuisset</strong></span> <span class='ocrx_word' id='word_1_454' title='bbox 2629 3125 2839 3179; x_wconf 87' lang='lat' dir='ltr'><strong>locutus</strong></span> <span class='ocrx_word' id='word_1_455' title='bbox 2867 3124 3035 3180; x_wconf 90' lang='lat' dir='ltr'><strong>libera</strong></span> <span class='ocrx_word' id='word_1_456' title='bbox 3065 3125 3364 3180; x_wconf 89' lang='lat' dir='ltr'><strong>intentione</strong></span> <span class='ocrx_word' id='word_1_457' title='bbox 3395 3135 3595 3197; x_wconf 75' lang='lat' dir='ltr'><strong>marty~</strong></span> 
     </span>
    </p>
   </div>
   <div class='ocr_carea' id='block_1_62' title="bbox 300 3215 3596 3302">
    <p class='ocr_par' dir='ltr' id='par_1_62' title="bbox 300 3215 3596 3302">
     <span class='ocr_line' id='line_1_62' title="bbox 300 3215 3596 3302; baseline 0.001 -32"><span class='ocrx_word' id='word_1_458' title='bbox 300 3229 363 3270; x_wconf 88' lang='lat' dir='ltr'><strong>se</strong></span> <span class='ocrx_word' id='word_1_459' title='bbox 402 3228 524 3270; x_wconf 89' lang='lat' dir='ltr'><strong>esse</strong></span> <span class='ocrx_word' id='word_1_460' title='bbox 568 3215 860 3286; x_wconf 87' lang='lat' dir='ltr'><strong>professus,</strong></span> <span class='ocrx_word' id='word_1_461' title='bbox 907 3227 962 3274; x_wconf 90' lang='lat' dir='ltr'><strong>et</strong></span> <span class='ocrx_word' id='word_1_462' title='bbox 997 3219 1166 3274; x_wconf 92' lang='lat' dir='ltr'><strong>Deum</strong></span> <span class='ocrx_word' id='word_1_463' title='bbox 1215 3221 1491 3291; x_wconf 91' lang='lat' dir='ltr'><strong>proprium</strong></span> <span class='ocrx_word' id='word_1_464' title='bbox 1530 3221 1671 3292; x_wconf 92' lang='lat' dir='ltr'><strong>apud</strong></span> <span class='ocrx_word' id='word_1_465' title='bbox 1711 3235 1894 3290; x_wconf 88' lang='lat' dir='ltr'><strong>regem</strong></span> <span class='ocrx_word' id='word_1_466' title='bbox 1921 3237 1968 3302; x_wconf 72' lang='grc' dir='ltr'><em>ε</em></span> <span class='ocrx_word' id='word_1_467' title='bbox 2003 3223 2170 3278; x_wconf 90' lang='lat' dir='ltr'><strong>ribus.</strong></span> <span class='ocrx_word' id='word_1_468' title='bbox 2221 3221 2373 3274; x_wconf 91' lang='lat' dir='ltr'><strong>Tunc</strong></span> <span class='ocrx_word' id='word_1_469' title='bbox 2410 3235 2506 3274; x_wconf 86' lang='lat' dir='ltr'><strong>rex</strong></span> <span class='ocrx_word' id='word_1_470' title='bbox 2535 3226 2796 3274; x_wconf 86' lang='lat' dir='ltr'><strong>extraneo</strong></span> <span class='ocrx_word' id='word_1_471' title='bbox 2835 3219 3070 3289; x_wconf 90' lang='lat' dir='ltr'><strong>quodam</strong></span> <span class='ocrx_word' id='word_1_472' title='bbox 3100 3227 3155 3273; x_wconf 92' lang='lat' dir='ltr'><strong>et</strong></span> <span class='ocrx_word' id='word_1_473' title='bbox 3183 3218 3389 3274; x_wconf 89' lang='lat' dir='ltr'><strong>crudeli</strong></span> <span class='ocrx_word' id='word_1_474' title='bbox 3433 3219 3596 3274; x_wconf 91' lang='lat' dir='ltr'><strong>modo</strong></span> 
     </span>
    </p>
   </div>
   <div class='ocr_carea' id='block_1_63' title="bbox 300 3308 1888 3380">
    <p class='ocr_par' dir='ltr' id='par_1_63' title="bbox 300 3308 1888 3380">
     <span class='ocr_line' id='line_1_63' title="bbox 300 3308 1888 3380; baseline 0.006 -21"><span class='ocrx_word' id='word_1_475' title='bbox 300 3319 503 3374; x_wconf 90' lang='lat' dir='ltr'><strong>negare</strong></span> <span class='ocrx_word' id='word_1_476' title='bbox 526 3315 898 3363; x_wconf 86' lang='lat' dir='ltr'><strong>contemnens.</strong></span> <span class='ocrx_word' id='word_1_477' title='bbox 929 3308 1057 3366; x_wconf 66' lang='lat' dir='ltr'><strong>Haec</strong></span> <span class='ocrx_word' id='word_1_478' title='bbox 1074 3311 1292 3380; x_wconf 91' lang='lat' dir='ltr'><strong>quidem</strong></span> <span class='ocrx_word' id='word_1_479' title='bbox 1314 3312 1593 3366; x_wconf 89' lang='lat' dir='ltr'><strong>eunuchus</strong></span> <span class='ocrx_word' id='word_1_480' title='bbox 1611 3313 1725 3380; x_wconf 90' lang='lat' dir='ltr'><strong>regi</strong></span> <span class='ocrx_word' id='word_1_481' title='bbox 1753 3328 1888 3367; x_wconf 91' lang='lat' dir='ltr'><strong>nun-</strong></span> 
     </span>
    </p>
   </div>
   <div class='ocr_carea' id='block_1_64' title="bbox 300 3394 1890 3471">
    <p class='ocr_par' dir='ltr' id='par_1_64' title="bbox 300 3394 1890 3471">
     <span class='ocr_line' id='line_1_64' title="bbox 300 3394 1890 3471; baseline 0.006 -22"><span class='ocrx_word' id='word_1_482' title='bbox 300 3394 476 3450; x_wconf 88' lang='lat' dir='ltr'><strong>tiavit.</strong></span> <span class='ocrx_word' id='word_1_483' title='bbox 533 3396 706 3453; x_wconf 90' lang='lat' dir='ltr'><strong>Porro</strong></span> <span class='ocrx_word' id='word_1_484' title='bbox 743 3397 978 3468; x_wconf 89' lang='lat' dir='ltr'><strong>Sapores</strong></span> <span class='ocrx_word' id='word_1_485' title='bbox 1027 3400 1182 3469; x_wconf 81' lang='lat' dir='ltr'><strong>juxta</strong></span> <span class='ocrx_word' id='word_1_486' title='bbox 1234 3401 1552 3471; x_wconf 88' lang='lat' dir='ltr'><strong>petitionem</strong></span> <span class='ocrx_word' id='word_1_487' title='bbox 1606 3400 1890 3459; x_wconf 86' lang='lat' dir='ltr'><strong>Ustazadis</strong></span> 
     </span>
    </p>
   </div>
   <div class='ocr_carea' id='block_1_65' title="bbox 299 3491 1892 3567">
    <p class='ocr_par' dir='ltr' id='par_1_65' title="bbox 299 3491 1892 3567">
     <span class='ocr_line' id='line_1_65' title="bbox 299 3491 1892 3567; baseline 0.007 -26"><span class='ocrx_word' id='word_1_488' title='bbox 299 3502 606 3559; x_wconf 60' lang='lat' dir='ltr'><strong>praeconem</strong></span> <span class='ocrx_word' id='word_1_489' title='bbox 630 3491 865 3547; x_wconf 88' lang='lat' dir='ltr'><strong>clamare</strong></span> <span class='ocrx_word' id='word_1_490' title='bbox 885 3494 1030 3549; x_wconf 91' lang='lat' dir='ltr'><strong>fecit.</strong></span> <span class='ocrx_word' id='word_1_491' title='bbox 1062 3493 1391 3551; x_wconf 68' lang='lat' dir='ltr'><strong>Estimabat</strong></span> <span class='ocrx_word' id='word_1_492' title='bbox 1411 3496 1554 3550; x_wconf 90' lang='lat' dir='ltr'><strong>enim</strong></span> <span class='ocrx_word' id='word_1_493' title='bbox 1576 3497 1712 3552; x_wconf 91' lang='lat' dir='ltr'><strong>alios</strong></span> <span class='ocrx_word' id='word_1_494' title='bbox 1733 3512 1892 3567; x_wconf 86' lang='lat' dir='ltr'><strong>posse</strong></span> 
     </span>
    </p>
   </div>
   <div class='ocr_carea' id='block_1_66' title="bbox 300 3579 1894 3660">
    <p class='ocr_par' dir='ltr' id='par_1_66' title="bbox 300 3579 1894 3660">
     <span class='ocr_line' id='line_1_66' title="bbox 300 3579 1894 3660; baseline 0.006 -24"><span class='ocrx_word' id='word_1_495' title='bbox 300 3596 332 3636; x_wconf 90' lang='lat' dir='ltr'><strong>a</strong></span> <span class='ocrx_word' id='word_1_496' title='bbox 359 3579 759 3638; x_wconf 88' lang='lat' dir='ltr'><strong>Christianitate</strong></span> <span class='ocrx_word' id='word_1_497' title='bbox 784 3599 1041 3642; x_wconf 90' lang='lat' dir='ltr'><strong>revocare</strong></span> <span class='ocrx_word' id='word_1_498' title='bbox 1060 3587 1416 3654; x_wconf 89' lang='lat' dir='ltr'><strong>Christianos,</strong></span> <span class='ocrx_word' id='word_1_499' title='bbox 1442 3588 1487 3643; x_wconf 90' lang='lat' dir='ltr'><strong>si</strong></span> <span class='ocrx_word' id='word_1_500' title='bbox 1513 3598 1691 3644; x_wconf 92' lang='lat' dir='ltr'><strong>mente</strong></span> <span class='ocrx_word' id='word_1_501' title='bbox 1715 3592 1894 3660; x_wconf 91' lang='lat' dir='ltr'><strong>perci-</strong></span> 
     </span>
    </p>
   </div>
   <div class='ocr_carea' id='block_1_67' title="bbox 301 3675 1892 3753">
    <p class='ocr_par' dir='ltr' id='par_1_67' title="bbox 301 3675 1892 3753">
     <span class='ocr_line' id='line_1_67' title="bbox 301 3675 1892 3753; baseline 0.007 -23"><span class='ocrx_word' id='word_1_502' title='bbox 301 3682 498 3746; x_wconf 88' lang='lat' dir='ltr'><strong>perent</strong></span> <span class='ocrx_word' id='word_1_503' title='bbox 542 3675 669 3745; x_wconf 89' lang='lat' dir='ltr'><strong>quia</strong></span> <span class='ocrx_word' id='word_1_504' title='bbox 715 3677 846 3731; x_wconf 91' lang='lat' dir='ltr'><strong>nulli</strong></span> <span class='ocrx_word' id='word_1_505' title='bbox 887 3688 1137 3748; x_wconf 87' lang='lat' dir='ltr'><strong>parceret</strong></span> <span class='ocrx_word' id='word_1_506' title='bbox 1188 3681 1514 3750; x_wconf 89' lang='lat' dir='ltr'><strong>Christiano,</strong></span> <span class='ocrx_word' id='word_1_507' title='bbox 1565 3684 1656 3753; x_wconf 93' lang='lat' dir='ltr'><strong>qui</strong></span> <span class='ocrx_word' id='word_1_508' title='bbox 1706 3699 1892 3741; x_wconf 89' lang='lat' dir='ltr'><strong>senem</strong></span> 
     </span>
    </p>
   </div>
   <div class='ocr_carea' id='block_1_68' title="bbox 301 3767 1890 3832">
    <p class='ocr_par' dir='ltr' id='par_1_68' title="bbox 301 3767 1890 3832">
     <span class='ocr_line' id='line_1_68' title="bbox 301 3767 1890 3832; baseline 0.006 -11"><span class='ocrx_word' id='word_1_509' title='bbox 301 3767 626 3822; x_wconf 87' lang='lat' dir='ltr'><strong>nutritorem</strong></span> <span class='ocrx_word' id='word_1_510' title='bbox 658 3773 713 3822; x_wconf 88' lang='lat' dir='ltr'><strong>et</strong></span> <span class='ocrx_word' id='word_1_511' title='bbox 757 3767 1010 3825; x_wconf 90' lang='lat' dir='ltr'><strong>devotum</strong></span> <span class='ocrx_word' id='word_1_512' title='bbox 1049 3787 1159 3827; x_wconf 64' lang='lat' dir='ltr'><strong>suae</strong></span> <span class='ocrx_word' id='word_1_513' title='bbox 1187 3773 1559 3830; x_wconf 86' lang='lat' dir='ltr'><strong>familiaritatis</strong></span> <span class='ocrx_word' id='word_1_514' title='bbox 1597 3775 1890 3832; x_wconf 90' lang='lat' dir='ltr'><strong>occideret.</strong></span> 
     </span>
    </p>
   </div>
   <div class='ocr_carea' id='block_1_69' title="bbox 304 3857 1892 3935">
    <p class='ocr_par' dir='ltr' id='par_1_69' title="bbox 304 3857 1892 3935">
     <span class='ocr_line' id='line_1_69' title="bbox 304 3857 1892 3935; baseline 0.006 -21"><span class='ocrx_word' id='word_1_515' title='bbox 304 3857 601 3916; x_wconf 84' lang='lat' dir='ltr'><strong>Ustazades</strong></span> <span class='ocrx_word' id='word_1_516' title='bbox 635 3866 814 3914; x_wconf 90' lang='lat' dir='ltr'><strong>autem</strong></span> <span class='ocrx_word' id='word_1_517' title='bbox 842 3861 1048 3917; x_wconf 89' lang='lat' dir='ltr'><strong>studuit</strong></span> <span class='ocrx_word' id='word_1_518' title='bbox 1075 3863 1297 3918; x_wconf 91' lang='lat' dir='ltr'><strong>clamari</strong></span> <span class='ocrx_word' id='word_1_519' title='bbox 1338 3881 1554 3920; x_wconf 90' lang='lat' dir='ltr'><strong>causam</strong></span> <span class='ocrx_word' id='word_1_520' title='bbox 1585 3881 1695 3921; x_wconf 80' lang='lat' dir='ltr'><strong>suae</strong></span> <span class='ocrx_word' id='word_1_521' title='bbox 1724 3867 1892 3935; x_wconf 90' lang='lat' dir='ltr'><strong>necis,</strong></span> 
     </span>
    </p>
   </div>
   <div class='ocr_carea' id='block_1_70' title="bbox 303 3952 1892 4026">
    <p class='ocr_par' dir='ltr' id='par_1_70' title="bbox 303 3952 1892 4026">
     <span class='ocr_line' id='line_1_70' title="bbox 303 3952 1892 4026; baseline 0.004 -20"><span class='ocrx_word' id='word_1_522' title='bbox 303 3952 535 4008; x_wconf 82' lang='lat' dir='ltr'><strong>credens</strong></span> <span class='ocrx_word' id='word_1_523' title='bbox 588 3953 713 4021; x_wconf 90' lang='lat' dir='ltr'><strong>quia</strong></span> <span class='ocrx_word' id='word_1_524' title='bbox 761 3969 883 4008; x_wconf 90' lang='lat' dir='ltr'><strong>cum</strong></span> <span class='ocrx_word' id='word_1_525' title='bbox 923 3970 1022 4024; x_wconf 91' lang='lat' dir='ltr'><strong>per</strong></span> <span class='ocrx_word' id='word_1_526' title='bbox 1067 3964 1331 4011; x_wconf 88' lang='lat' dir='ltr'><strong>terrorem</strong></span> <span class='ocrx_word' id='word_1_527' title='bbox 1378 3957 1658 4014; x_wconf 85' lang='lat' dir='ltr'><strong>adorasset</strong></span> <span class='ocrx_word' id='word_1_528' title='bbox 1702 3959 1892 4026; x_wconf 90' lang='lat' dir='ltr'><strong>solem,</strong></span> 
     </span>
    </p>
   </div>
   <div class='ocr_carea' id='block_1_71' title="bbox 199 4041 1897 4104">
    <p class='ocr_par' dir='ltr' id='par_1_71' title="bbox 199 4041 1897 4104">
     <span class='ocr_line' id='line_1_71' title="bbox 199 4041 1897 4104; baseline 0.004 -7"><span class='ocrx_word' id='word_1_529' title='bbox 199 4076 204 4081; x_wconf 93' lang='lat'><strong>-</strong></span> <span class='ocrx_word' id='word_1_530' title='bbox 302 4044 501 4099; x_wconf 86' lang='lat' dir='ltr'><strong>multos</strong></span> <span class='ocrx_word' id='word_1_531' title='bbox 529 4041 956 4100; x_wconf 90' lang='lat' dir='ltr'><strong>Christianorum</strong></span> <span class='ocrx_word' id='word_1_532' title='bbox 999 4045 1283 4103; x_wconf 86' lang='lat' dir='ltr'><strong>deduxerit</strong></span> <span class='ocrx_word' id='word_1_533' title='bbox 1325 4047 1392 4102; x_wconf 93' lang='lat' dir='ltr'><strong>ad</strong></span> <span class='ocrx_word' id='word_1_534' title='bbox 1422 4049 1671 4104; x_wconf 89' lang='lat' dir='ltr'><strong>timorem</strong></span> <span class='ocrx_word' id='word_1_535' title='bbox 1705 4067 1718 4103; x_wconf 90' lang='lat'><strong>:</strong></span> <span class='ocrx_word' id='word_1_536' title='bbox 1750 4064 1897 4104; x_wconf 91' lang='lat' dir='ltr'><strong>nunc</strong></span> 
     </span>
    </p>
   </div>
   <div class='ocr_carea' id='block_1_72' title="bbox 301 4139 1896 4209">
    <p class='ocr_par' dir='ltr' id='par_1_72' title="bbox 301 4139 1896 4209">
     <span class='ocr_line' id='line_1_72' title="bbox 301 4139 1896 4209; baseline 0.004 -20"><span class='ocrx_word' id='word_1_537' title='bbox 301 4143 484 4191; x_wconf 89' lang='lat' dir='ltr'><strong>autem</strong></span> <span class='ocrx_word' id='word_1_538' title='bbox 507 4145 896 4203; x_wconf 82' lang='lat' dir='ltr'><strong>cognoscentes</strong></span> <span class='ocrx_word' id='word_1_539' title='bbox 924 4151 1024 4207; x_wconf 91' lang='lat' dir='ltr'><strong>pro</strong></span> <span class='ocrx_word' id='word_1_540' title='bbox 1053 4139 1312 4209; x_wconf 82' lang='lat' dir='ltr'><strong>religione</strong></span> <span class='ocrx_word' id='word_1_541' title='bbox 1341 4148 1612 4197; x_wconf 90' lang='lat' dir='ltr'><strong>mortuum</strong></span> <span class='ocrx_word' id='word_1_542' title='bbox 1633 4141 1896 4206; x_wconf 91' lang='lat' dir='ltr'><strong>,imitato-</strong></span> 
     </span>
    </p>
   </div>
   <div class='ocr_carea' id='block_1_73' title="bbox 299 4227 1896 4302">
    <p class='ocr_par' dir='ltr' id='par_1_73' title="bbox 299 4227 1896 4302">
     <span class='ocr_line' id='line_1_73' title="bbox 299 4227 1896 4302; baseline 0.001 -19"><span class='ocrx_word' id='word_1_543' title='bbox 299 4242 391 4283; x_wconf 88' lang='lat' dir='ltr'><strong>res</strong></span> <span class='ocrx_word' id='word_1_544' title='bbox 419 4227 621 4281; x_wconf 91' lang='lat' dir='ltr'><strong>multos</strong></span> <span class='ocrx_word' id='word_1_545' title='bbox 669 4243 780 4282; x_wconf 72' lang='lat' dir='ltr'><strong>sum</strong></span> <span class='ocrx_word' id='word_1_546' title='bbox 807 4227 1016 4282; x_wconf 89' lang='lat' dir='ltr'><strong>virtutis</strong></span> <span class='ocrx_word' id='word_1_547' title='bbox 1044 4229 1304 4285; x_wconf 88' lang='lat' dir='ltr'><strong>efﬁceret.</strong></span> <span class='ocrx_word' id='word_1_548' title='bbox 1351 4230 1468 4286; x_wconf 84' lang='lat' dir='ltr'><strong>Hoc</strong></span> <span class='ocrx_word' id='word_1_549' title='bbox 1514 4233 1693 4302; x_wconf 89' lang='lat' dir='ltr'><strong>itaque</strong></span> <span class='ocrx_word' id='word_1_550' title='bbox 1733 4231 1896 4285; x_wconf 92' lang='lat' dir='ltr'><strong>modo</strong></span> 
     </span>
    </p>
   </div>
   <div class='ocr_carea' id='block_1_74' title="bbox 303 4309 1896 4387">
    <p class='ocr_par' dir='ltr' id='par_1_74' title="bbox 303 4309 1896 4387">
     <span class='ocr_line' id='line_1_74' title="bbox 303 4309 1896 4387; baseline 0.003 -16"><span class='ocrx_word' id='word_1_551' title='bbox 303 4316 606 4372; x_wconf 86' lang='lat' dir='ltr'><strong>Ustazades</strong></span> <span class='ocrx_word' id='word_1_552' title='bbox 633 4320 1016 4387; x_wconf 88' lang='lat' dir='ltr'><strong>gloriosissima</strong></span> <span class='ocrx_word' id='word_1_553' title='bbox 1042 4329 1217 4374; x_wconf 86' lang='lat' dir='ltr'><strong>morte</strong></span> <span class='ocrx_word' id='word_1_554' title='bbox 1245 4321 1535 4376; x_wconf 89' lang='lat' dir='ltr'><strong>translatus</strong></span> <span class='ocrx_word' id='word_1_555' title='bbox 1574 4309 1674 4376; x_wconf 69' lang='lat' dir='ltr'><strong>est.</strong></span> <span class='ocrx_word' id='word_1_556' title='bbox 1725 4321 1896 4376; x_wconf 86' lang='lat' dir='ltr'><strong>Sozo-</strong></span> 
     </span>
    </p>
   </div>
   <div class='ocr_carea' id='block_1_75' title="bbox 301 4407 1888 4481">
    <p class='ocr_par' dir='ltr' id='par_1_75' title="bbox 301 4407 1888 4481">
     <span class='ocr_line' id='line_1_75' title="bbox 301 4407 1888 4481; baseline 0.002 -17"><span class='ocrx_word' id='word_1_557' title='bbox 301 4407 563 4473; x_wconf 67' lang='lat' dir='ltr'><strong>usu.,lib.</strong></span> <span class='ocrx_word' id='word_1_558' title='bbox 590 4425 648 4474; x_wconf 84' lang='grc' dir='ltr'><strong>ιι,</strong></span> <span class='ocrx_word' id='word_1_559' title='bbox 677 4426 791 4477; x_wconf 86' lang='lat' dir='ltr'><strong>cap.</strong></span> <span class='ocrx_word' id='word_1_560' title='bbox 819 4408 1024 4463; x_wconf 74' lang='lat' dir='ltr'><strong>8.Edit.</strong></span> <span class='ocrx_word' id='word_1_561' title='bbox 1054 4409 1241 4464; x_wconf 80' lang='lat' dir='ltr'><strong>Christ.</strong></span> <span class='ocrx_word' id='word_1_562' title='bbox 1275 4409 1450 4465; x_wconf 77' lang='lat' dir='ltr'><strong>Vales.</strong></span> <span class='ocrx_word' id='word_1_563' title='bbox 1480 4427 1596 4481; x_wconf 86' lang='lat' dir='ltr'><strong>cap.</strong></span> <span class='ocrx_word' id='word_1_564' title='bbox 1623 4410 1674 4478; x_wconf 88' lang='lat'><strong>9,</strong></span> <span class='ocrx_word' id='word_1_565' title='bbox 1703 4411 1888 4480; x_wconf 63' lang='lat' dir='ltr'><strong>p.455.</strong></span> 
     </span>
    </p>
   </div>
   <div class='ocr_carea' id='block_1_76' title="bbox 299 4500 1890 4573">
    <p class='ocr_par' dir='ltr' id='par_1_76' title="bbox 299 4500 1890 4573">
     <span class='ocr_line' id='line_1_76' title="bbox 299 4500 1890 4573; baseline 0.004 -18"><span class='ocrx_word' id='word_1_566' title='bbox 299 4535 372 4546; x_wconf 87' lang='lat'><strong>——</strong></span> <span class='ocrx_word' id='word_1_567' title='bbox 390 4500 626 4572; x_wconf 83' lang='lat' dir='ltr'><strong>Symeon</strong></span> <span class='ocrx_word' id='word_1_568' title='bbox 650 4509 829 4556; x_wconf 89' lang='lat' dir='ltr'><strong>autem</strong></span> <span class='ocrx_word' id='word_1_569' title='bbox 853 4503 904 4556; x_wconf 93' lang='lat' dir='ltr'><strong>id</strong></span> <span class='ocrx_word' id='word_1_570' title='bbox 928 4517 1261 4571; x_wconf 87' lang='lat' dir='ltr'><strong>cognoscens</strong></span> <span class='ocrx_word' id='word_1_571' title='bbox 1283 4504 1335 4558; x_wconf 93' lang='lat' dir='ltr'><strong>in</strong></span> <span class='ocrx_word' id='word_1_572' title='bbox 1356 4519 1592 4571; x_wconf 89' lang='lat' dir='ltr'><strong>carcere,</strong></span> <span class='ocrx_word' id='word_1_573' title='bbox 1617 4505 1890 4573; x_wconf 88' lang='lat' dir='ltr'><strong>gratiﬁcos</strong></span> 
     </span>
    </p>
   </div>
   <div class='ocr_carea' id='block_1_77' title="bbox 300 4592 1895 4666">
    <p class='ocr_par' dir='ltr' id='par_1_77' title="bbox 300 4592 1895 4666">
     <span class='ocr_line' id='line_1_77' title="bbox 300 4592 1895 4666; baseline 0.002 -19"><span class='ocrx_word' id='word_1_574' title='bbox 300 4609 401 4666; x_wconf 84' lang='lat' dir='ltr'><strong>pro</strong></span> <span class='ocrx_word' id='word_1_575' title='bbox 424 4608 492 4648; x_wconf 94' lang='lat' dir='ltr'><strong>eo</strong></span> <span class='ocrx_word' id='word_1_576' title='bbox 517 4592 743 4664; x_wconf 86' lang='lat' dir='ltr'><strong>hymnos</strong></span> <span class='ocrx_word' id='word_1_577' title='bbox 766 4593 956 4647; x_wconf 87' lang='lat' dir='ltr'><strong>obtulit</strong></span> <span class='ocrx_word' id='word_1_578' title='bbox 982 4593 1112 4649; x_wconf 92' lang='lat' dir='ltr'><strong>Deo.</strong></span> <span class='ocrx_word' id='word_1_579' title='bbox 1142 4595 1324 4649; x_wconf 84' lang='lat' dir='ltr'><strong>Altera</strong></span> <span class='ocrx_word' id='word_1_580' title='bbox 1347 4611 1477 4650; x_wconf 91' lang='lat' dir='ltr'><strong>vero</strong></span> <span class='ocrx_word' id='word_1_581' title='bbox 1502 4595 1608 4659; x_wconf 89' lang='lat' dir='ltr'><strong>die,</strong></span> <span class='ocrx_word' id='word_1_582' title='bbox 1641 4611 1758 4666; x_wconf 72' lang='lat' dir='ltr'><strong>qua:</strong></span> <span class='ocrx_word' id='word_1_583' title='bbox 1781 4605 1895 4651; x_wconf 89' lang='lat' dir='ltr'><strong>erat</strong></span> 
     </span>
    </p>
   </div>
   <div class='ocr_carea' id='block_1_78' title="bbox 298 4683 1894 4758">
    <p class='ocr_par' dir='ltr' id='par_1_78' title="bbox 298 4683 1894 4758">
     <span class='ocr_line' id='line_1_78' title="bbox 298 4683 1894 4758; baseline 0.002 -18"><span class='ocrx_word' id='word_1_584' title='bbox 298 4692 454 4740; x_wconf 85' lang='lat' dir='ltr'><strong>sexta</strong></span> <span class='ocrx_word' id='word_1_585' title='bbox 497 4683 626 4738; x_wconf 91' lang='lat' dir='ltr'><strong>feria</strong></span> <span class='ocrx_word' id='word_1_586' title='bbox 655 4683 968 4753; x_wconf 69' lang='lat' dir='ltr'><strong>septiinanre</strong></span> <span class='ocrx_word' id='word_1_587' title='bbox 1007 4686 1248 4756; x_wconf 89' lang='lat' dir='ltr'><strong>majoris,</strong></span> <span class='ocrx_word' id='word_1_588' title='bbox 1298 4687 1351 4740; x_wconf 91' lang='lat' dir='ltr'><strong>in</strong></span> <span class='ocrx_word' id='word_1_589' title='bbox 1389 4703 1494 4758; x_wconf 91' lang='lat' dir='ltr'><strong>qua</strong></span> <span class='ocrx_word' id='word_1_590' title='bbox 1524 4696 1650 4742; x_wconf 91' lang='lat' dir='ltr'><strong>ante</strong></span> <span class='ocrx_word' id='word_1_591' title='bbox 1694 4687 1894 4743; x_wconf 86' lang='lat' dir='ltr'><strong>Resur—</strong></span> 
     </span>
    </p>
   </div>
   <div class='ocr_carea' id='block_1_79' title="bbox 297 4776 1889 4836">
    <p class='ocr_par' dir='ltr' id='par_1_79' title="bbox 297 4776 1889 4836">
     <span class='ocr_line' id='line_1_79' title="bbox 297 4776 1889 4836; baseline 0.001 -4"><span class='ocrx_word' id='word_1_592' title='bbox 297 4776 556 4832; x_wconf 88' lang='lat' dir='ltr'><strong>rectiouis</strong></span> <span class='ocrx_word' id='word_1_593' title='bbox 586 4776 927 4832; x_wconf 89' lang='lat' dir='ltr'><strong>festivitatem</strong></span> <span class='ocrx_word' id='word_1_594' title='bbox 959 4793 1135 4832; x_wconf 88' lang='lat' dir='ltr'><strong>annua</strong></span> <span class='ocrx_word' id='word_1_595' title='bbox 1165 4778 1416 4834; x_wconf 88' lang='lat' dir='ltr'><strong>salutaris</strong></span> <span class='ocrx_word' id='word_1_596' title='bbox 1460 4778 1731 4836; x_wconf 89' lang='lat' dir='ltr'><strong>Passionis</strong></span> <span class='ocrx_word' id='word_1_597' title='bbox 1774 4794 1889 4834; x_wconf 87' lang='lat' dir='ltr'><strong>me-</strong></span> 
     </span>
    </p>
   </div>
   <div class='ocr_carea' id='block_1_80' title="bbox 299 4869 1891 4941">
    <p class='ocr_par' dir='ltr' id='par_1_80' title="bbox 299 4869 1891 4941">
     <span class='ocr_line' id='line_1_80' title="bbox 299 4869 1891 4941; baseline 0.002 -18"><span class='ocrx_word' id='word_1_598' title='bbox 299 4871 471 4923; x_wconf 89' lang='lat' dir='ltr'><strong>moria</strong></span> <span class='ocrx_word' id='word_1_599' title='bbox 493 4869 814 4936; x_wconf 90' lang='lat' dir='ltr'><strong>celebratur,</strong></span> <span class='ocrx_word' id='word_1_600' title='bbox 842 4869 1002 4923; x_wconf 90' lang='lat' dir='ltr'><strong>etiam</strong></span> <span class='ocrx_word' id='word_1_601' title='bbox 1024 4869 1348 4941; x_wconf 86' lang='lat' dir='ltr'><strong>Symeonem</strong></span> <span class='ocrx_word' id='word_1_602' title='bbox 1369 4869 1609 4927; x_wconf 90' lang='lat' dir='ltr'><strong>decrevit</strong></span> <span class='ocrx_word' id='word_1_603' title='bbox 1630 4886 1726 4926; x_wconf 88' lang='lat' dir='ltr'><strong>rex</strong></span> <span class='ocrx_word' id='word_1_604' title='bbox 1747 4870 1891 4926; x_wconf 87' lang='lat' dir='ltr'><strong>ferro</strong></span> 
     </span>
    </p>
   </div>
   <div class='ocr_carea' id='block_1_81' title="bbox 299 4961 1890 5033">
    <p class='ocr_par' dir='ltr' id='par_1_81' title="bbox 299 4961 1890 5033">
     <span class='ocr_line' id='line_1_81' title="bbox 299 4961 1890 5033; baseline -0.001 -16"><span class='ocrx_word' id='word_1_605' title='bbox 299 4962 592 5033; x_wconf 90' lang='lat' dir='ltr'><strong>perimere.</strong></span> <span class='ocrx_word' id='word_1_606' title='bbox 625 4961 893 5017; x_wconf 80' lang='lat' dir='ltr'><strong>Deductus</strong></span> <span class='ocrx_word' id='word_1_607' title='bbox 919 4963 1060 5016; x_wconf 92' lang='lat' dir='ltr'><strong>enim</strong></span> <span class='ocrx_word' id='word_1_608' title='bbox 1101 4977 1286 5017; x_wconf 90' lang='lat' dir='ltr'><strong>rursus</strong></span> <span class='ocrx_word' id='word_1_609' title='bbox 1316 4977 1347 5017; x_wconf 92' lang='lat' dir='ltr'><strong>e</strong></span> <span class='ocrx_word' id='word_1_610' title='bbox 1385 4977 1602 5018; x_wconf 90' lang='lat' dir='ltr'><strong>carcere</strong></span> <span class='ocrx_word' id='word_1_611' title='bbox 1643 4961 1709 5016; x_wconf 93' lang='lat' dir='ltr'><strong>ad</strong></span> <span class='ocrx_word' id='word_1_612' title='bbox 1739 4961 1890 5032; x_wconf 89' lang='lat' dir='ltr'><strong>pala-</strong></span> 
     </span>
    </p>
   </div>
   <div class='ocr_carea' id='block_1_82' title="bbox 300 5052 1892 5124">
    <p class='ocr_par' dir='ltr' id='par_1_82' title="bbox 300 5052 1892 5124">
     <span class='ocr_line' id='line_1_82' title="bbox 300 5052 1892 5124; baseline -0.001 -16"><span class='ocrx_word' id='word_1_613' title='bbox 300 5055 434 5108; x_wconf 89' lang='lat' dir='ltr'><strong>tium</strong></span> <span class='ocrx_word' id='word_1_614' title='bbox 474 5055 638 5122; x_wconf 86' lang='lat' dir='ltr'><strong>regis,</strong></span> <span class='ocrx_word' id='word_1_615' title='bbox 694 5055 854 5108; x_wconf 90' lang='lat' dir='ltr'><strong>nimis</strong></span> <span class='ocrx_word' id='word_1_616' title='bbox 901 5052 1166 5124; x_wconf 87' lang='lat' dir='ltr'><strong>intrepide</strong></span> <span class='ocrx_word' id='word_1_617' title='bbox 1215 5053 1534 5123; x_wconf 88' lang='lat' dir='ltr'><strong>loquebatur</strong></span> <span class='ocrx_word' id='word_1_618' title='bbox 1581 5053 1774 5123; x_wconf 86' lang='lat' dir='ltr'><strong>Sapori</strong></span> <span class='ocrx_word' id='word_1_619' title='bbox 1825 5053 1892 5108; x_wconf 90' lang='lat' dir='ltr'><strong>de</strong></span> 
     </span>
    </p>
   </div>
   <div class='ocr_carea' id='block_1_83' title="bbox 299 5145 1888 5216">
    <p class='ocr_par' dir='ltr' id='par_1_83' title="bbox 299 5145 1888 5216">
     <span class='ocr_line' id='line_1_83' title="bbox 299 5145 1888 5216; baseline -0.001 -17"><span class='ocrx_word' id='word_1_620' title='bbox 299 5146 583 5215; x_wconf 80' lang='lat' dir='ltr'><strong>dogmate;</strong></span> <span class='ocrx_word' id='word_1_621' title='bbox 614 5153 669 5200; x_wconf 91' lang='lat' dir='ltr'><strong>et</strong></span> <span class='ocrx_word' id='word_1_622' title='bbox 690 5161 793 5200; x_wconf 91' lang='lat' dir='ltr'><strong>nec</strong></span> <span class='ocrx_word' id='word_1_623' title='bbox 813 5145 962 5200; x_wconf 91' lang='lat' dir='ltr'><strong>illum</strong></span> <span class='ocrx_word' id='word_1_624' title='bbox 986 5162 1089 5201; x_wconf 91' lang='lat' dir='ltr'><strong>nec</strong></span> <span class='ocrx_word' id='word_1_625' title='bbox 1113 5146 1280 5201; x_wconf 91' lang='lat' dir='ltr'><strong>solem</strong></span> <span class='ocrx_word' id='word_1_626' title='bbox 1309 5161 1498 5216; x_wconf 88' lang='lat' dir='ltr'><strong>passus</strong></span> <span class='ocrx_word' id='word_1_627' title='bbox 1523 5154 1605 5200; x_wconf 89' lang='lat' dir='ltr'><strong>est</strong></span> <span class='ocrx_word' id='word_1_628' title='bbox 1644 5145 1888 5200; x_wconf 88' lang='lat' dir='ltr'><strong>adorare.</strong></span> 
     </span>
    </p>
   </div>
   <div class='ocr_carea' id='block_1_84' title="bbox 201 5233 1893 5306">
    <p class='ocr_par' dir='ltr' id='par_1_84' title="bbox 201 5233 1893 5306">
     <span class='ocr_line' id='line_1_84' title="bbox 201 5233 1893 5306; baseline 0 -18"><span class='ocrx_word' id='word_1_629' title='bbox 201 5241 204 5244; x_wconf 81' lang='grc'><strong>’</strong></span> <span class='ocrx_word' id='word_1_630' title='bbox 299 5233 610 5306; x_wconf 76' lang='lat' dir='ltr'><strong>Eademque</strong></span> <span class='ocrx_word' id='word_1_631' title='bbox 657 5234 746 5289; x_wconf 90' lang='lat' dir='ltr'><strong>die</strong></span> <span class='ocrx_word' id='word_1_632' title='bbox 785 5236 1030 5290; x_wconf 90' lang='lat' dir='ltr'><strong>similiter</strong></span> <span class='ocrx_word' id='word_1_633' title='bbox 1077 5237 1310 5291; x_wconf 89' lang='lat' dir='ltr'><strong>interimi</strong></span> <span class='ocrx_word' id='word_1_634' title='bbox 1352 5236 1484 5306; x_wconf 91' lang='lat' dir='ltr'><strong>jussi</strong></span> <span class='ocrx_word' id='word_1_635' title='bbox 1534 5243 1658 5289; x_wconf 89' lang='lat' dir='ltr'><strong>sunt</strong></span> <span class='ocrx_word' id='word_1_636' title='bbox 1705 5243 1758 5289; x_wconf 89' lang='lat' dir='ltr'><strong>et</strong></span> <span class='ocrx_word' id='word_1_637' title='bbox 1803 5234 1893 5288; x_wconf 91' lang='lat' dir='ltr'><strong>alii</strong></span> 
     </span>
    </p>
   </div>
   <div class='ocr_carea' id='block_1_85' title="bbox 299 5327 1888 5399">
    <p class='ocr_par' dir='ltr' id='par_1_85' title="bbox 299 5327 1888 5399">
     <span class='ocr_line' id='line_1_85' title="bbox 299 5327 1888 5399; baseline -0.001 -16"><span class='ocrx_word' id='word_1_638' title='bbox 299 5337 514 5384; x_wconf 92' lang='lat' dir='ltr'><strong>centum</strong></span> <span class='ocrx_word' id='word_1_639' title='bbox 546 5329 597 5382; x_wconf 92' lang='lat' dir='ltr'><strong>in</strong></span> <span class='ocrx_word' id='word_1_640' title='bbox 619 5343 836 5384; x_wconf 90' lang='lat' dir='ltr'><strong>carcere</strong></span> <span class='ocrx_word' id='word_1_641' title='bbox 857 5330 1150 5385; x_wconf 90' lang='lat' dir='ltr'><strong>constituti.</strong></span> <span class='ocrx_word' id='word_1_642' title='bbox 1185 5329 1482 5386; x_wconf 84' lang='lat' dir='ltr'><strong>Novissime</strong></span> <span class='ocrx_word' id='word_1_643' title='bbox 1501 5346 1632 5383; x_wconf 82' lang='lat' dir='ltr'><strong>vero</strong></span> <span class='ocrx_word' id='word_1_644' title='bbox 1660 5327 1888 5399; x_wconf 82' lang='lat' dir='ltr'><strong>Symeo-</strong></span> 
     </span>
    </p>
   </div>
   <div class='ocr_carea' id='block_1_86' title="bbox 297 5419 1890 5492">
    <p class='ocr_par' dir='ltr' id='par_1_86' title="bbox 297 5419 1890 5492">
     <span class='ocr_line' id='line_1_86' title="bbox 297 5419 1890 5492; baseline -0.004 -14"><span class='ocrx_word' id='word_1_645' title='bbox 297 5438 420 5478; x_wconf 90' lang='lat' dir='ltr'><strong>nem</strong></span> <span class='ocrx_word' id='word_1_646' title='bbox 461 5421 634 5477; x_wconf 91' lang='lat' dir='ltr'><strong>occidi</strong></span> <span class='ocrx_word' id='word_1_647' title='bbox 676 5429 1002 5492; x_wconf 61' lang='lat' dir='ltr'><strong>praeceptum</strong></span> <span class='ocrx_word' id='word_1_648' title='bbox 1039 5431 1153 5489; x_wconf 91' lang='lat' dir='ltr'><strong>est,</strong></span> <span class='ocrx_word' id='word_1_649' title='bbox 1197 5422 1270 5475; x_wconf 91' lang='lat' dir='ltr'><strong>ita</strong></span> <span class='ocrx_word' id='word_1_650' title='bbox 1314 5429 1373 5475; x_wconf 92' lang='lat' dir='ltr'><strong>ut</strong></span> <span class='ocrx_word' id='word_1_651' title='bbox 1411 5431 1640 5477; x_wconf 86' lang='lat' dir='ltr'><strong>mortem</strong></span> <span class='ocrx_word' id='word_1_652' title='bbox 1680 5419 1890 5474; x_wconf 89' lang='lat' dir='ltr'><strong>videret</strong></span> 
     </span>
    </p>
   </div>
   <div class='ocr_carea' id='block_1_87' title="bbox 299 5511 1888 5583">
    <p class='ocr_par' dir='ltr' id='par_1_87' title="bbox 299 5511 1888 5583">
     <span class='ocr_line' id='line_1_87' title="bbox 299 5511 1888 5583; baseline -0.002 -15"><span class='ocrx_word' id='word_1_653' title='bbox 299 5515 690 5570; x_wconf 86' lang='lat' dir='ltr'><strong>universorum.</strong></span> <span class='ocrx_word' id='word_1_654' title='bbox 740 5513 911 5569; x_wconf 88' lang='lat' dir='ltr'><strong>Erant</strong></span> <span class='ocrx_word' id='word_1_655' title='bbox 938 5514 1137 5568; x_wconf 91' lang='lat' dir='ltr'><strong>etenim</strong></span> <span class='ocrx_word' id='word_1_656' title='bbox 1169 5515 1360 5568; x_wconf 93' lang='lat' dir='ltr'><strong>horum</strong></span> <span class='ocrx_word' id='word_1_657' title='bbox 1390 5513 1480 5568; x_wconf 91' lang='lat' dir='ltr'><strong>alii</strong></span> <span class='ocrx_word' id='word_1_658' title='bbox 1525 5511 1740 5583; x_wconf 89' lang='lat' dir='ltr'><strong>quidem</strong></span> <span class='ocrx_word' id='word_1_659' title='bbox 1770 5511 1888 5582; x_wconf 90' lang='lat' dir='ltr'><strong>epi-</strong></span> 
     </span>
    </p>
   </div>
   <div class='ocr_carea' id='block_1_88' title="bbox 300 5605 1886 5680">
    <p class='ocr_par' dir='ltr' id='par_1_88' title="bbox 300 5605 1886 5680">
     <span class='ocr_line' id='line_1_88' title="bbox 300 5605 1886 5680; baseline -0.001 -19"><span class='ocrx_word' id='word_1_660' title='bbox 300 5607 471 5676; x_wconf 85' lang='lat' dir='ltr'><strong>scopi,</strong></span> <span class='ocrx_word' id='word_1_661' title='bbox 494 5607 584 5661; x_wconf 90' lang='lat' dir='ltr'><strong>alii</strong></span> <span class='ocrx_word' id='word_1_662' title='bbox 606 5607 930 5680; x_wconf 87' lang='lat' dir='ltr'><strong>presbyteri,</strong></span> <span class='ocrx_word' id='word_1_663' title='bbox 951 5607 1039 5662; x_wconf 91' lang='lat' dir='ltr'><strong>alii</strong></span> <span class='ocrx_word' id='word_1_664' title='bbox 1061 5608 1394 5663; x_wconf 90' lang='lat' dir='ltr'><strong>diversorum</strong></span> <span class='ocrx_word' id='word_1_665' title='bbox 1411 5607 1658 5662; x_wconf 88' lang='lat' dir='ltr'><strong>ordinum</strong></span> <span class='ocrx_word' id='word_1_666' title='bbox 1682 5605 1886 5660; x_wconf 91' lang='lat' dir='ltr'><strong>clerici.</strong></span> 
     </span>
    </p>
   </div>
   <div class='ocr_carea' id='block_1_89' title="bbox 297 5696 1888 5766">
    <p class='ocr_par' dir='ltr' id='par_1_89' title="bbox 297 5696 1888 5766">
     <span class='ocr_line' id='line_1_89' title="bbox 297 5696 1888 5766; baseline 0.001 -14"><span class='ocrx_word' id='word_1_667' title='bbox 297 5696 539 5766; x_wconf 90' lang='lat' dir='ltr'><strong>Cumque</strong></span> <span class='ocrx_word' id='word_1_668' title='bbox 579 5714 765 5754; x_wconf 89' lang='lat' dir='ltr'><strong>omnes</strong></span> <span class='ocrx_word' id='word_1_669' title='bbox 807 5699 1134 5755; x_wconf 91' lang='lat' dir='ltr'><strong>ducerentur</strong></span> <span class='ocrx_word' id='word_1_670' title='bbox 1180 5701 1247 5754; x_wconf 89' lang='lat' dir='ltr'><strong>ad</strong></span> <span class='ocrx_word' id='word_1_671' title='bbox 1291 5709 1548 5762; x_wconf 89' lang='lat' dir='ltr'><strong>mortem,</strong></span> <span class='ocrx_word' id='word_1_672' title='bbox 1598 5697 1888 5753; x_wconf 88' lang='lat' dir='ltr'><strong>adveniens</strong></span> 
     </span>
    </p>
   </div>
   <div class='ocr_carea' id='block_1_90' title="bbox 297 5790 1889 5862">
    <p class='ocr_par' dir='ltr' id='par_1_90' title="bbox 297 5790 1889 5862">
     <span class='ocr_line' id='line_1_90' title="bbox 297 5790 1889 5862; baseline 0 -18"><span class='ocrx_word' id='word_1_673' title='bbox 297 5803 540 5844; x_wconf 85' lang='lat' dir='ltr'><strong>summus</strong></span> <span class='ocrx_word' id='word_1_674' title='bbox 560 5791 808 5861; x_wconf 89' lang='lat' dir='ltr'><strong>princeps</strong></span> <span class='ocrx_word' id='word_1_675' title='bbox 837 5806 1137 5861; x_wconf 85' lang='lat' dir='ltr'><strong>magorum,</strong></span> <span class='ocrx_word' id='word_1_676' title='bbox 1168 5792 1534 5862; x_wconf 86' lang='lat' dir='ltr'><strong>interrogabat</strong></span> <span class='ocrx_word' id='word_1_677' title='bbox 1555 5805 1668 5858; x_wconf 90' lang='lat' dir='ltr'><strong>eos,</strong></span> <span class='ocrx_word' id='word_1_678' title='bbox 1701 5792 1746 5845; x_wconf 91' lang='lat' dir='ltr'><strong>si</strong></span> <span class='ocrx_word' id='word_1_679' title='bbox 1776 5790 1889 5845; x_wconf 92' lang='lat' dir='ltr'><strong>vel-</strong></span> 
     </span>
    </p>
   </div>
   <div class='ocr_carea' id='block_1_91' title="bbox 299 5875 1884 5949">
    <p class='ocr_par' dir='ltr' id='par_1_91' title="bbox 299 5875 1884 5949">
     <span class='ocr_line' id='line_1_91' title="bbox 299 5875 1884 5949; baseline -0.001 -15"><span class='ocrx_word' id='word_1_680' title='bbox 299 5875 414 5934; x_wconf 78' lang='lat' dir='ltr'><strong>lent</strong></span> <span class='ocrx_word' id='word_1_681' title='bbox 454 5877 657 5947; x_wconf 88' lang='lat' dir='ltr'><strong>vivere,</strong></span> <span class='ocrx_word' id='word_1_682' title='bbox 703 5887 759 5936; x_wconf 90' lang='lat' dir='ltr'><strong>et</strong></span> <span class='ocrx_word' id='word_1_683' title='bbox 805 5883 946 5949; x_wconf 88' lang='lat' dir='ltr'><strong>regis</strong></span> <span class='ocrx_word' id='word_1_684' title='bbox 988 5883 1300 5948; x_wconf 82' lang='lat' dir='ltr'><strong>religionem</strong></span> <span class='ocrx_word' id='word_1_685' title='bbox 1350 5882 1552 5946; x_wconf 89' lang='lat' dir='ltr'><strong>colere,</strong></span> <span class='ocrx_word' id='word_1_686' title='bbox 1602 5888 1658 5932; x_wconf 91' lang='lat' dir='ltr'><strong>et</strong></span> <span class='ocrx_word' id='word_1_687' title='bbox 1714 5880 1884 5934; x_wconf 89' lang='lat' dir='ltr'><strong>solem</strong></span> 
     </span>
    </p>
   </div>
   <div class='ocr_carea' id='block_1_92' title="bbox 1993 3308 3598 3382">
    <p class='ocr_par' dir='ltr' id='par_1_92' title="bbox 1993 3308 3598 3382">
     <span class='ocr_line' id='line_1_92' title="bbox 1993 3308 3598 3382; baseline -0.003 -11"><span class='ocrx_word' id='word_1_688' title='bbox 1993 3331 2118 3372; x_wconf 92' lang='lat' dir='ltr'><strong>eum</strong></span> <span class='ocrx_word' id='word_1_689' title='bbox 2148 3312 2284 3368; x_wconf 91' lang='lat' dir='ltr'><strong>mori</strong></span> <span class='ocrx_word' id='word_1_690' title='bbox 2315 3312 2599 3382; x_wconf 77' lang='lat' dir='ltr'><strong>przncepit,</strong></span> <span class='ocrx_word' id='word_1_691' title='bbox 2643 3312 2715 3365; x_wconf 91' lang='lat' dir='ltr'><strong>ita</strong></span> <span class='ocrx_word' id='word_1_692' title='bbox 2758 3320 2818 3365; x_wconf 90' lang='lat' dir='ltr'><strong>ut</strong></span> <span class='ocrx_word' id='word_1_693' title='bbox 2845 3308 3120 3380; x_wconf 90' lang='lat' dir='ltr'><strong>perforata</strong></span> <span class='ocrx_word' id='word_1_694' title='bbox 3151 3311 3367 3366; x_wconf 91' lang='lat' dir='ltr'><strong>cervice</strong></span> <span class='ocrx_word' id='word_1_695' title='bbox 3399 3311 3598 3366; x_wconf 85' lang='lat' dir='ltr'><strong>exinde</strong></span> 
     </span>
    </p>
   </div>
   <div class='ocr_carea' id='block_1_93' title="bbox 1993 3403 3598 3477">
    <p class='ocr_par' dir='ltr' id='par_1_93' title="bbox 1993 3403 3598 3477">
     <span class='ocr_line' id='line_1_93' title="bbox 1993 3403 3598 3477; baseline -0.003 -13"><span class='ocrx_word' id='word_1_696' title='bbox 1993 3409 2230 3477; x_wconf 85' lang='lat' dir='ltr'><strong>linguam</strong></span> <span class='ocrx_word' id='word_1_697' title='bbox 2263 3406 2378 3475; x_wconf 89' lang='lat' dir='ltr'><strong>ejus</strong></span> <span class='ocrx_word' id='word_1_698' title='bbox 2407 3405 2685 3475; x_wconf 89' lang='lat' dir='ltr'><strong>ejicerent.</strong></span> <span class='ocrx_word' id='word_1_699' title='bbox 2721 3403 2837 3459; x_wconf 86' lang='lat' dir='ltr'><strong>Hoc</strong></span> <span class='ocrx_word' id='word_1_700' title='bbox 2864 3405 3046 3475; x_wconf 89' lang='lat' dir='ltr'><strong>itaque</strong></span> <span class='ocrx_word' id='word_1_701' title='bbox 3075 3403 3238 3470; x_wconf 90' lang='lat' dir='ltr'><strong>facto,</strong></span> <span class='ocrx_word' id='word_1_702' title='bbox 3270 3404 3598 3474; x_wconf 90' lang='lat' dir='ltr'><strong>quibusdam</strong></span> 
     </span>
    </p>
   </div>
   <div class='ocr_carea' id='block_1_94' title="bbox 1995 3495 3598 3566">
    <p class='ocr_par' dir='ltr' id='par_1_94' title="bbox 1995 3495 3598 3566">
     <span class='ocr_line' id='line_1_94' title="bbox 1995 3495 3598 3566; baseline -0.003 -9"><span class='ocrx_word' id='word_1_703' title='bbox 1995 3500 2374 3559; x_wconf 91' lang='lat' dir='ltr'><strong>accusantibus</strong></span> <span class='ocrx_word' id='word_1_704' title='bbox 2397 3499 2560 3553; x_wconf 91' lang='lat' dir='ltr'><strong>etiam</strong></span> <span class='ocrx_word' id='word_1_705' title='bbox 2589 3497 2749 3552; x_wconf 90' lang='lat' dir='ltr'><strong>ﬁliam</strong></span> <span class='ocrx_word' id='word_1_706' title='bbox 2772 3495 2906 3566; x_wconf 91' lang='lat' dir='ltr'><strong>ejus,</strong></span> <span class='ocrx_word' id='word_1_707' title='bbox 2939 3497 3090 3566; x_wconf 88' lang='lat' dir='ltr'><strong>virgo</strong></span> <span class='ocrx_word' id='word_1_708' title='bbox 3113 3510 3269 3553; x_wconf 76' lang='lat' dir='ltr'><strong>sacra</strong></span> <span class='ocrx_word' id='word_1_709' title='bbox 3296 3506 3422 3551; x_wconf 92' lang='lat' dir='ltr'><strong>tunc</strong></span> <span class='ocrx_word' id='word_1_710' title='bbox 3446 3511 3598 3552; x_wconf 91' lang='lat' dir='ltr'><strong>com-</strong></span> 
     </span>
    </p>
   </div>
   <div class='ocr_carea' id='block_1_95' title="bbox 1996 3587 3598 3663">
    <p class='ocr_par' dir='ltr' id='par_1_95' title="bbox 1996 3587 3598 3663">
     <span class='ocr_line' id='line_1_95' title="bbox 1996 3587 3598 3663; baseline -0.002 -16"><span class='ocrx_word' id='word_1_711' title='bbox 1996 3591 2264 3663; x_wconf 90' lang='lat' dir='ltr'><strong>prehensa</strong></span> <span class='ocrx_word' id='word_1_712' title='bbox 2294 3596 2574 3659; x_wconf 90' lang='lat' dir='ltr'><strong>perempta</strong></span> <span class='ocrx_word' id='word_1_713' title='bbox 2596 3596 2698 3643; x_wconf 90' lang='lat' dir='ltr'><strong>est.</strong></span> <span class='ocrx_word' id='word_1_714' title='bbox 2732 3587 2994 3656; x_wconf 88' lang='lat' dir='ltr'><strong>Sequenti</strong></span> <span class='ocrx_word' id='word_1_715' title='bbox 3020 3603 3150 3643; x_wconf 91' lang='lat' dir='ltr'><strong>vero</strong></span> <span class='ocrx_word' id='word_1_716' title='bbox 3179 3604 3342 3655; x_wconf 89' lang='lat' dir='ltr'><strong>anno,</strong></span> <span class='ocrx_word' id='word_1_717' title='bbox 3373 3587 3461 3642; x_wconf 91' lang='lat' dir='ltr'><strong>die</strong></span> <span class='ocrx_word' id='word_1_718' title='bbox 3489 3602 3598 3657; x_wconf 91' lang='lat' dir='ltr'><strong>quo</strong></span> 
     </span>
    </p>
   </div>
   <div class='ocr_carea' id='block_1_96' title="bbox 1996 3680 3600 3751">
    <p class='ocr_par' dir='ltr' id='par_1_96' title="bbox 1996 3680 3600 3751">
     <span class='ocr_line' id='line_1_96' title="bbox 1996 3680 3600 3751; baseline -0.004 -10"><span class='ocrx_word' id='word_1_719' title='bbox 1996 3684 2272 3741; x_wconf 89' lang='lat' dir='ltr'><strong>Passionis</strong></span> <span class='ocrx_word' id='word_1_720' title='bbox 2293 3680 2496 3736; x_wconf 90' lang='lat' dir='ltr'><strong>Christi</strong></span> <span class='ocrx_word' id='word_1_721' title='bbox 2524 3682 2784 3737; x_wconf 87' lang='lat' dir='ltr'><strong>memoria</strong></span> <span class='ocrx_word' id='word_1_722' title='bbox 2807 3682 3184 3738; x_wconf 89' lang='lat' dir='ltr'><strong>celebrabatur</strong></span> <span class='ocrx_word' id='word_1_723' title='bbox 3213 3689 3269 3738; x_wconf 94' lang='lat' dir='ltr'><strong>et</strong></span> <span class='ocrx_word' id='word_1_724' title='bbox 3312 3689 3600 3751; x_wconf 84' lang='lat' dir='ltr'><strong>exspecta-</strong></span> 
     </span>
    </p>
   </div>
   <div class='ocr_carea' id='block_1_97' title="bbox 1997 3773 3599 3844">
    <p class='ocr_par' dir='ltr' id='par_1_97' title="bbox 1997 3773 3599 3844">
     <span class='ocr_line' id='line_1_97' title="bbox 1997 3773 3599 3844; baseline -0.002 -11"><span class='ocrx_word' id='word_1_725' title='bbox 1997 3777 2156 3833; x_wconf 90' lang='lat' dir='ltr'><strong>batur</strong></span> <span class='ocrx_word' id='word_1_726' title='bbox 2184 3775 2619 3832; x_wconf 77' lang='lat' dir='ltr'><strong>Resunrectionis</strong></span> <span class='ocrx_word' id='word_1_727' title='bbox 2657 3773 2952 3842; x_wconf 89' lang='lat' dir='ltr'><strong>festivitas,</strong></span> <span class='ocrx_word' id='word_1_728' title='bbox 2983 3774 3349 3832; x_wconf 87' lang='lat' dir='ltr'><strong>crudelissima</strong></span> <span class='ocrx_word' id='word_1_729' title='bbox 3377 3774 3599 3844; x_wconf 87' lang='lat' dir='ltr'><strong>Saporis</strong></span> 
     </span>
    </p>
   </div>
   <div class='ocr_carea' id='block_1_98' title="bbox 2000 3866 3594 3940">
    <p class='ocr_par' dir='ltr' id='par_1_98' title="bbox 2000 3866 3594 3940">
     <span class='ocr_line' id='line_1_98' title="bbox 2000 3866 3594 3940; baseline -0.003 -17"><span class='ocrx_word' id='word_1_730' title='bbox 2000 3868 2292 3940; x_wconf 71' lang='lat' dir='ltr'><strong>prreceptio</strong></span> <span class='ocrx_word' id='word_1_731' title='bbox 2336 3882 2431 3937; x_wconf 92' lang='lat' dir='ltr'><strong>per</strong></span> <span class='ocrx_word' id='word_1_732' title='bbox 2476 3882 2692 3923; x_wconf 89' lang='lat' dir='ltr'><strong>omnem</strong></span> <span class='ocrx_word' id='word_1_733' title='bbox 2743 3866 3029 3924; x_wconf 90' lang='lat' dir='ltr'><strong>Persarum</strong></span> <span class='ocrx_word' id='word_1_734' title='bbox 3076 3866 3314 3922; x_wconf 91' lang='lat' dir='ltr'><strong>cucurrit</strong></span> <span class='ocrx_word' id='word_1_735' title='bbox 3345 3872 3544 3919; x_wconf 88' lang='lat' dir='ltr'><strong>terram</strong></span> <span class='ocrx_word' id='word_1_736' title='bbox 3578 3883 3594 3919; x_wconf 91' lang='lat'><strong>:</strong></span> 
     </span>
    </p>
   </div>
   <div class='ocr_carea' id='block_1_99' title="bbox 2001 3953 3599 4026">
    <p class='ocr_par' dir='ltr' id='par_1_99' title="bbox 2001 3953 3599 4026">
     <span class='ocr_line' id='line_1_99' title="bbox 2001 3953 3599 4026; baseline 0 -14"><span class='ocrx_word' id='word_1_737' title='bbox 2001 3967 2177 4013; x_wconf 91' lang='lat' dir='ltr'><strong>morte</strong></span> <span class='ocrx_word' id='word_1_738' title='bbox 2229 3958 2597 4013; x_wconf 77' lang='lat' dir='ltr'><strong>condemnatis</strong></span> <span class='ocrx_word' id='word_1_739' title='bbox 2643 3971 2738 4012; x_wconf 90' lang='lat' dir='ltr'><strong>eos</strong></span> <span class='ocrx_word' id='word_1_740' title='bbox 2791 3957 2885 4026; x_wconf 89' lang='lat' dir='ltr'><strong>qui</strong></span> <span class='ocrx_word' id='word_1_741' title='bbox 2937 3971 2997 4012; x_wconf 90' lang='lat' dir='ltr'><strong>se</strong></span> <span class='ocrx_word' id='word_1_742' title='bbox 3043 3953 3426 4026; x_wconf 89' lang='lat' dir='ltr'><strong>proﬁterentur</strong></span> <span class='ocrx_word' id='word_1_743' title='bbox 3477 3970 3599 4012; x_wconf 87' lang='lat' dir='ltr'><strong>esse</strong></span> 
     </span>
    </p>
   </div>
   <div class='ocr_carea' id='block_1_100' title="bbox 2001 4046 3595 4118">
    <p class='ocr_par' dir='ltr' id='par_1_100' title="bbox 2001 4046 3595 4118">
     <span class='ocr_line' id='line_1_100' title="bbox 2001 4046 3595 4118; baseline -0.001 -15"><span class='ocrx_word' id='word_1_744' title='bbox 2001 4046 2356 4104; x_wconf 88' lang='lat' dir='ltr'><strong>Christianos.</strong></span> <span class='ocrx_word' id='word_1_745' title='bbox 2415 4047 2532 4115; x_wconf 88' lang='lat' dir='ltr'><strong>Quo</strong></span> <span class='ocrx_word' id='word_1_746' title='bbox 2594 4056 2839 4118; x_wconf 90' lang='lat' dir='ltr'><strong>tempore</strong></span> <span class='ocrx_word' id='word_1_747' title='bbox 2893 4047 3066 4102; x_wconf 89' lang='lat' dir='ltr'><strong>fertur</strong></span> <span class='ocrx_word' id='word_1_748' title='bbox 3120 4047 3258 4101; x_wconf 90' lang='lat' dir='ltr'><strong>ultra</strong></span> <span class='ocrx_word' id='word_1_749' title='bbox 3312 4062 3595 4103; x_wconf 88' lang='lat' dir='ltr'><strong>numerum</strong></span> 
     </span>
    </p>
   </div>
   <div class='ocr_carea' id='block_1_101' title="bbox 2003 4137 3595 4206">
    <p class='ocr_par' dir='ltr' id='par_1_101' title="bbox 2003 4137 3595 4206">
     <span class='ocr_line' id='line_1_101' title="bbox 2003 4137 3595 4206; baseline 0.002 -15"><span class='ocrx_word' id='word_1_750' title='bbox 2003 4139 2401 4193; x_wconf 88' lang='lat' dir='ltr'><strong>multitudinem</strong></span> <span class='ocrx_word' id='word_1_751' title='bbox 2435 4137 2864 4192; x_wconf 88' lang='lat' dir='ltr'><strong>Christianorum</strong></span> <span class='ocrx_word' id='word_1_752' title='bbox 2913 4138 3093 4206; x_wconf 88' lang='lat' dir='ltr'><strong>gladio</strong></span> <span class='ocrx_word' id='word_1_753' title='bbox 3125 4137 3385 4192; x_wconf 89' lang='lat' dir='ltr'><strong>cecidisse</strong></span> <span class='ocrx_word' id='word_1_754' title='bbox 3413 4156 3426 4190; x_wconf 91' lang='lat'><strong>:</strong></span> <span class='ocrx_word' id='word_1_755' title='bbox 3458 4138 3595 4194; x_wconf 91' lang='lat' dir='ltr'><strong>alios</strong></span> 
     </span>
    </p>
   </div>
   <div class='ocr_carea' id='block_1_102' title="bbox 2004 4229 3596 4300">
    <p class='ocr_par' dir='ltr' id='par_1_102' title="bbox 2004 4229 3596 4300">
     <span class='ocr_line' id='line_1_102' title="bbox 2004 4229 3596 4300; baseline 0.001 -16"><span class='ocrx_word' id='word_1_756' title='bbox 2004 4245 2234 4299; x_wconf 90' lang='lat' dir='ltr'><strong>namque</strong></span> <span class='ocrx_word' id='word_1_757' title='bbox 2267 4246 2364 4300; x_wconf 93' lang='lat' dir='ltr'><strong>per</strong></span> <span class='ocrx_word' id='word_1_758' title='bbox 2394 4231 2639 4285; x_wconf 91' lang='lat' dir='ltr'><strong>civitates</strong></span> <span class='ocrx_word' id='word_1_759' title='bbox 2669 4237 2723 4284; x_wconf 92' lang='lat' dir='ltr'><strong>et</strong></span> <span class='ocrx_word' id='word_1_760' title='bbox 2753 4229 2971 4285; x_wconf 90' lang='lat' dir='ltr'><strong>castella</strong></span> <span class='ocrx_word' id='word_1_761' title='bbox 3005 4229 3290 4299; x_wconf 86' lang='lat' dir='ltr'><strong>diligenter</strong></span> <span class='ocrx_word' id='word_1_762' title='bbox 3335 4230 3479 4299; x_wconf 84' lang='lat' dir='ltr'><strong>magi</strong></span> <span class='ocrx_word' id='word_1_763' title='bbox 3507 4245 3596 4285; x_wconf 90' lang='lat' dir='ltr'><strong>re-</strong></span> 
     </span>
    </p>
   </div>
   <div class='ocr_carea' id='block_1_103' title="bbox 2000 4321 3595 4392">
    <p class='ocr_par' dir='ltr' id='par_1_103' title="bbox 2000 4321 3595 4392">
     <span class='ocr_line' id='line_1_103' title="bbox 2000 4321 3595 4392; baseline 0.001 -18"><span class='ocrx_word' id='word_1_764' title='bbox 2000 4321 2310 4391; x_wconf 88' lang='lat' dir='ltr'><strong>quirentes,</strong></span> <span class='ocrx_word' id='word_1_765' title='bbox 2361 4321 2568 4377; x_wconf 90' lang='lat' dir='ltr'><strong>celatos</strong></span> <span class='ocrx_word' id='word_1_766' title='bbox 2618 4321 3000 4387; x_wconf 90' lang='lat' dir='ltr'><strong>inveniebant;</strong></span> <span class='ocrx_word' id='word_1_767' title='bbox 3058 4321 3149 4376; x_wconf 88' lang='lat' dir='ltr'><strong>alii</strong></span> <span class='ocrx_word' id='word_1_768' title='bbox 3200 4337 3332 4377; x_wconf 91' lang='lat' dir='ltr'><strong>vero</strong></span> <span class='ocrx_word' id='word_1_769' title='bbox 3380 4331 3595 4392; x_wconf 86' lang='lat' dir='ltr'><strong>sponte,</strong></span> 
     </span>
    </p>
   </div>
   <div class='ocr_carea' id='block_1_104' title="bbox 2002 4412 3596 4485">
    <p class='ocr_par' dir='ltr' id='par_1_104' title="bbox 2002 4412 3596 4485">
     <span class='ocr_line' id='line_1_104' title="bbox 2002 4412 3596 4485; baseline 0.001 -18"><span class='ocrx_word' id='word_1_770' title='bbox 2002 4413 2150 4468; x_wconf 93' lang='lat' dir='ltr'><strong>nullo</strong></span> <span class='ocrx_word' id='word_1_771' title='bbox 2177 4412 2410 4478; x_wconf 86' lang='lat' dir='ltr'><strong>dicente,</strong></span> <span class='ocrx_word' id='word_1_772' title='bbox 2457 4413 2778 4483; x_wconf 91' lang='lat' dir='ltr'><strong>semetipsos</strong></span> <span class='ocrx_word' id='word_1_773' title='bbox 2806 4412 3129 4478; x_wconf 79' lang='lat' dir='ltr'><strong>offerebant,</strong></span> <span class='ocrx_word' id='word_1_774' title='bbox 3176 4429 3245 4468; x_wconf 91' lang='lat' dir='ltr'><strong>ne</strong></span> <span class='ocrx_word' id='word_1_775' title='bbox 3274 4415 3436 4485; x_wconf 75' lang='lat'><strong>238</strong></span> <span class='ocrx_word' id='word_1_776' title='bbox 3463 4415 3596 4468; x_wconf 80' lang='lat' dir='ltr'><strong>taci-</strong></span> 
     </span>
    </p>
   </div>
   <div class='ocr_carea' id='block_1_105' title="bbox 2001 4501 3592 4572">
    <p class='ocr_par' dir='ltr' id='par_1_105' title="bbox 2001 4501 3592 4572">
     <span class='ocr_line' id='line_1_105' title="bbox 2001 4501 3592 4572; baseline 0.001 -15"><span class='ocrx_word' id='word_1_777' title='bbox 2001 4502 2256 4557; x_wconf 88' lang='lat' dir='ltr'><strong>turnitate</strong></span> <span class='ocrx_word' id='word_1_778' title='bbox 2305 4501 2576 4557; x_wconf 89' lang='lat' dir='ltr'><strong>Christum</strong></span> <span class='ocrx_word' id='word_1_779' title='bbox 2626 4517 2824 4572; x_wconf 89' lang='lat' dir='ltr'><strong>negare</strong></span> <span class='ocrx_word' id='word_1_780' title='bbox 2869 4503 3198 4558; x_wconf 90' lang='lat' dir='ltr'><strong>viderentur.</strong></span> <span class='ocrx_word' id='word_1_781' title='bbox 3255 4503 3421 4572; x_wconf 89' lang='lat' dir='ltr'><strong>Igitur</strong></span> <span class='ocrx_word' id='word_1_782' title='bbox 3466 4505 3592 4559; x_wconf 88' lang='lat' dir='ltr'><strong>dum</strong></span> 
     </span>
    </p>
   </div>
   <div class='ocr_carea' id='block_1_106' title="bbox 2001 4592 3594 4667">
    <p class='ocr_par' dir='ltr' id='par_1_106' title="bbox 2001 4592 3594 4667">
     <span class='ocr_line' id='line_1_106' title="bbox 2001 4592 3594 4667; baseline 0.003 -18"><span class='ocrx_word' id='word_1_783' title='bbox 2001 4610 2190 4650; x_wconf 92' lang='lat' dir='ltr'><strong>omnes</strong></span> <span class='ocrx_word' id='word_1_784' title='bbox 2237 4592 2527 4650; x_wconf 88' lang='lat' dir='ltr'><strong>Christiani</strong></span> <span class='ocrx_word' id='word_1_785' title='bbox 2573 4595 2689 4650; x_wconf 92' lang='lat' dir='ltr'><strong>sine</strong></span> <span class='ocrx_word' id='word_1_786' title='bbox 2735 4597 3001 4666; x_wconf 81' lang='lat' dir='ltr'><strong>parcitate</strong></span> <span class='ocrx_word' id='word_1_787' title='bbox 3059 4597 3230 4667; x_wconf 72' lang='lat' dir='ltr'><strong>led.,</strong></span> <span class='ocrx_word' id='word_1_788' title='bbox 3278 4613 3455 4667; x_wconf 88' lang='lat' dir='ltr'><strong>neque</strong></span> <span class='ocrx_word' id='word_1_789' title='bbox 3501 4599 3594 4654; x_wconf 94' lang='lat' dir='ltr'><strong>ulli</strong></span> 
     </span>
    </p>
   </div>
   <div class='ocr_carea' id='block_1_107' title="bbox 1997 4683 3590 4759">
    <p class='ocr_par' dir='ltr' id='par_1_107' title="bbox 1997 4683 3590 4759">
     <span class='ocr_line' id='line_1_107' title="bbox 1997 4683 3590 4759; baseline 0.002 -20"><span class='ocrx_word' id='word_1_790' title='bbox 1997 4683 2330 4756; x_wconf 88' lang='lat' dir='ltr'><strong>parceretur]</strong></span> <span class='ocrx_word' id='word_1_791' title='bbox 2362 4685 2776 4754; x_wconf 89' lang='lat' dir='ltr'><strong>perimerentur,</strong></span> <span class='ocrx_word' id='word_1_792' title='bbox 2812 4687 2973 4741; x_wconf 90' lang='lat' dir='ltr'><strong>etiam</strong></span> <span class='ocrx_word' id='word_1_793' title='bbox 2998 4688 3167 4742; x_wconf 50' lang='lat' dir='ltr'><strong>inulti</strong></span> <span class='ocrx_word' id='word_1_794' title='bbox 3198 4688 3250 4742; x_wconf 91' lang='lat' dir='ltr'><strong>in</strong></span> <span class='ocrx_word' id='word_1_795' title='bbox 3275 4689 3404 4759; x_wconf 90' lang='lat' dir='ltr'><strong>ipsis</strong></span> <span class='ocrx_word' id='word_1_796' title='bbox 3433 4705 3590 4756; x_wconf 80' lang='lat' dir='ltr'><strong>rega-</strong></span> 
     </span>
    </p>
   </div>
   <div class='ocr_carea' id='block_1_108' title="bbox 1995 4775 3586 4847">
    <p class='ocr_par' dir='ltr' id='par_1_108' title="bbox 1995 4775 3586 4847">
     <span class='ocr_line' id='line_1_108' title="bbox 1995 4775 3586 4847; baseline 0.003 -18"><span class='ocrx_word' id='word_1_797' title='bbox 1995 4777 2136 4832; x_wconf 90' lang='lat' dir='ltr'><strong>libus</strong></span> <span class='ocrx_word' id='word_1_798' title='bbox 2185 4782 2310 4832; x_wconf 90' lang='lat' dir='ltr'><strong>sunt</strong></span> <span class='ocrx_word' id='word_1_799' title='bbox 2337 4775 2532 4841; x_wconf 88' lang='lat' dir='ltr'><strong>occisi,</strong></span> <span class='ocrx_word' id='word_1_800' title='bbox 2582 4791 2704 4830; x_wconf 84' lang='lat' dir='ltr'><strong>cum</strong></span> <span class='ocrx_word' id='word_1_801' title='bbox 2735 4776 2927 4847; x_wconf 87' lang='lat' dir='ltr'><strong>quibus</strong></span> <span class='ocrx_word' id='word_1_802' title='bbox 2965 4785 3021 4832; x_wconf 92' lang='lat' dir='ltr'><strong>et</strong></span> <span class='ocrx_word' id='word_1_803' title='bbox 3049 4776 3257 4832; x_wconf 84' lang='lat' dir='ltr'><strong>Azanes</strong></span> <span class='ocrx_word' id='word_1_804' title='bbox 3303 4778 3586 4833; x_wconf 89' lang='lat' dir='ltr'><strong>eunuchus</strong></span> 
     </span>
    </p>
   </div>
   <div class='ocr_carea' id='block_1_109' title="bbox 1995 4867 3588 4938">
    <p class='ocr_par' dir='ltr' id='par_1_109' title="bbox 1995 4867 3588 4938">
     <span class='ocr_line' id='line_1_109' title="bbox 1995 4867 3588 4938; baseline -0.001 -15"><span class='ocrx_word' id='word_1_805' title='bbox 1995 4869 2108 4938; x_wconf 87' lang='lat' dir='ltr'><strong>regi</strong></span> <span class='ocrx_word' id='word_1_806' title='bbox 2152 4869 2389 4923; x_wconf 89' lang='lat' dir='ltr'><strong>maxime</strong></span> <span class='ocrx_word' id='word_1_807' title='bbox 2430 4875 2632 4935; x_wconf 89' lang='lat' dir='ltr'><strong>gratus.</strong></span> <span class='ocrx_word' id='word_1_808' title='bbox 2681 4867 2834 4934; x_wconf 85' lang='lat' dir='ltr'><strong>Quod</strong></span> <span class='ocrx_word' id='word_1_809' title='bbox 2881 4868 3007 4923; x_wconf 92' lang='lat' dir='ltr'><strong>dum</strong></span> <span class='ocrx_word' id='word_1_810' title='bbox 3056 4870 3289 4938; x_wconf 90' lang='lat' dir='ltr'><strong>Sapores</strong></span> <span class='ocrx_word' id='word_1_811' title='bbox 3329 4869 3588 4937; x_wconf 83' lang='lat' dir='ltr'><strong>audisset,</strong></span> 
     </span>
    </p>
   </div>
   <div class='ocr_carea' id='block_1_110' title="bbox 1995 4957 3586 5029">
    <p class='ocr_par' dir='ltr' id='par_1_110' title="bbox 1995 4957 3586 5029">
     <span class='ocr_line' id='line_1_110' title="bbox 1995 4957 3586 5029; baseline -0.003 -15"><span class='ocrx_word' id='word_1_812' title='bbox 1995 4959 2164 5014; x_wconf 87' lang='lat' dir='ltr'><strong>tristis</strong></span> <span class='ocrx_word' id='word_1_813' title='bbox 2178 4958 2371 5024; x_wconf 89' lang='lat' dir='ltr'><strong>factus,</strong></span> <span class='ocrx_word' id='word_1_814' title='bbox 2395 4959 2536 5013; x_wconf 90' lang='lat' dir='ltr'><strong>hanc</strong></span> <span class='ocrx_word' id='word_1_815' title='bbox 2555 4959 2863 5028; x_wconf 89' lang='lat' dir='ltr'><strong>generalem</strong></span> <span class='ocrx_word' id='word_1_816' title='bbox 2881 4959 3311 5029; x_wconf 90' lang='lat' dir='ltr'><strong>peremptionem</strong></span> <span class='ocrx_word' id='word_1_817' title='bbox 3334 4957 3586 5023; x_wconf 87' lang='lat' dir='ltr'><strong>removit,</strong></span> 
     </span>
    </p>
   </div>
   <div class='ocr_carea' id='block_1_111' title="bbox 1995 5049 3587 5120">
    <p class='ocr_par' dir='ltr' id='par_1_111' title="bbox 1995 5049 3587 5120">
     <span class='ocr_line' id='line_1_111' title="bbox 1995 5049 3587 5120; baseline -0.001 -13"><span class='ocrx_word' id='word_1_818' title='bbox 1995 5057 2051 5107; x_wconf 88' lang='lat' dir='ltr'><strong>et</strong></span> <span class='ocrx_word' id='word_1_819' title='bbox 2078 5049 2419 5106; x_wconf 91' lang='lat' dir='ltr'><strong>solummodo</strong></span> <span class='ocrx_word' id='word_1_820' title='bbox 2465 5058 2826 5120; x_wconf 64' lang='lat' dir='ltr'><strong>praeceptores</strong></span> <span class='ocrx_word' id='word_1_821' title='bbox 2871 5050 3146 5118; x_wconf 91' lang='lat' dir='ltr'><strong>religionis</strong></span> <span class='ocrx_word' id='word_1_822' title='bbox 3182 5049 3344 5116; x_wconf 91' lang='lat' dir='ltr'><strong>jussit</strong></span> <span class='ocrx_word' id='word_1_823' title='bbox 3387 5049 3587 5105; x_wconf 86' lang='lat' dir='ltr'><strong>occidi.</strong></span> 
     </span>
    </p>
   </div>
   <div class='ocr_carea' id='block_1_112' title="bbox 1996 5142 3589 5212">
    <p class='ocr_par' dir='ltr' id='par_1_112' title="bbox 1996 5142 3589 5212">
     <span class='ocr_line' id='line_1_112' title="bbox 1996 5142 3589 5212; baseline -0.001 -14"><span class='ocrx_word' id='word_1_824' title='bbox 1996 5143 2092 5199; x_wconf 92' lang='lat' dir='ltr'><strong>Illo</strong></span> <span class='ocrx_word' id='word_1_825' title='bbox 2108 5143 2370 5212; x_wconf 92' lang='lat' dir='ltr'><strong>siquidem</strong></span> <span class='ocrx_word' id='word_1_826' title='bbox 2392 5151 2655 5212; x_wconf 88' lang='lat' dir='ltr'><strong>tempore,</strong></span> <span class='ocrx_word' id='word_1_827' title='bbox 2680 5143 3048 5212; x_wconf 65' lang='lat' dir='ltr'><strong>aegritudinem</strong></span> <span class='ocrx_word' id='word_1_828' title='bbox 3071 5142 3378 5196; x_wconf 89' lang='lat' dir='ltr'><strong>incurrente</strong></span> <span class='ocrx_word' id='word_1_829' title='bbox 3400 5142 3589 5208; x_wconf 88' lang='lat' dir='ltr'><strong>regina</strong></span> 
     </span>
    </p>
   </div>
   <div class='ocr_carea' id='block_1_113' title="bbox 1997 5232 3587 5306">
    <p class='ocr_par' dir='ltr' id='par_1_113' title="bbox 1997 5232 3587 5306">
     <span class='ocr_line' id='line_1_113' title="bbox 1997 5232 3587 5306; baseline -0.001 -17"><span class='ocrx_word' id='word_1_830' title='bbox 1997 5234 2323 5306; x_wconf 55' lang='lat' dir='ltr'><strong>(8020mm,</strong></span> <span class='ocrx_word' id='word_1_831' title='bbox 2356 5234 2446 5288; x_wconf 86' lang='lat' dir='ltr'><strong>lib.</strong></span> <span class='ocrx_word' id='word_1_832' title='bbox 2470 5250 2527 5302; x_wconf 83' lang='lat' dir='ltr'><strong>It,</strong></span> <span class='ocrx_word' id='word_1_833' title='bbox 2560 5252 2674 5304; x_wconf 87' lang='lat' dir='ltr'><strong>cap.</strong></span> <span class='ocrx_word' id='word_1_834' title='bbox 2716 5235 2792 5288; x_wconf 87' lang='grc'><strong>10.</strong></span> <span class='ocrx_word' id='word_1_835' title='bbox 2825 5234 2968 5288; x_wconf 79' lang='grc' dir='ltr'><strong>Εάὶι.</strong></span> <span class='ocrx_word' id='word_1_836' title='bbox 3003 5233 3195 5288; x_wconf 80' lang='lat' dir='ltr'><strong>Christ.</strong></span> <span class='ocrx_word' id='word_1_837' title='bbox 3243 5232 3420 5287; x_wconf 75' lang='lat' dir='ltr'><strong>Vales.</strong></span> <span class='ocrx_word' id='word_1_838' title='bbox 3466 5250 3587 5306; x_wconf 86' lang='lat' dir='ltr'><strong>cap.</strong></span> 
     </span>
    </p>
   </div>
   <div class='ocr_carea' id='block_1_114' title="bbox 1996 5323 3587 5396">
    <p class='ocr_par' dir='ltr' id='par_1_114' title="bbox 1996 5323 3587 5396">
     <span class='ocr_line' id='line_1_114' title="bbox 1996 5323 3587 5396; baseline -0.002 -15"><span class='ocrx_word' id='word_1_839' title='bbox 1996 5326 2082 5393; x_wconf 83' lang='grc'><strong>11,</strong></span> <span class='ocrx_word' id='word_1_840' title='bbox 2099 5344 2152 5396; x_wconf 93' lang='lat' dir='ltr'><strong>p.</strong></span> <span class='ocrx_word' id='word_1_841' title='bbox 2168 5325 2316 5395; x_wconf 73' lang='grc'><strong>459),</strong></span> <span class='ocrx_word' id='word_1_842' title='bbox 2332 5325 2615 5396; x_wconf 89' lang='lat' dir='ltr'><strong>Symeonis</strong></span> <span class='ocrx_word' id='word_1_843' title='bbox 2627 5326 2868 5396; x_wconf 90' lang='lat' dir='ltr'><strong>episcopi</strong></span> <span class='ocrx_word' id='word_1_844' title='bbox 2883 5340 3057 5392; x_wconf 89' lang='lat' dir='ltr'><strong>soror,</strong></span> <span class='ocrx_word' id='word_1_845' title='bbox 3075 5325 3293 5380; x_wconf 91' lang='lat' dir='ltr'><strong>nomine</strong></span> <span class='ocrx_word' id='word_1_846' title='bbox 3306 5323 3558 5378; x_wconf 88' lang='lat' dir='ltr'><strong>Tharbua</strong></span> <span class='ocrx_word' id='word_1_847' title='bbox 3569 5363 3587 5391; x_wconf 96' lang='lat'><strong>,</strong></span> 
     </span>
    </p>
   </div>
   <div class='ocr_carea' id='block_1_115' title="bbox 1994 5416 3584 5488">
    <p class='ocr_par' dir='ltr' id='par_1_115' title="bbox 1994 5416 3584 5488">
     <span class='ocr_line' id='line_1_115' title="bbox 1994 5416 3584 5488; baseline -0.004 -13"><span class='ocrx_word' id='word_1_848' title='bbox 1994 5417 2389 5488; x_wconf 89' lang='lat' dir='ltr'><strong>comprehensa</strong></span> <span class='ocrx_word' id='word_1_849' title='bbox 2417 5426 2502 5472; x_wconf 89' lang='lat' dir='ltr'><strong>est</strong></span> <span class='ocrx_word' id='word_1_850' title='bbox 2525 5433 2647 5472; x_wconf 91' lang='lat' dir='ltr'><strong>cum</strong></span> <span class='ocrx_word' id='word_1_851' title='bbox 2678 5416 2875 5472; x_wconf 90' lang='lat' dir='ltr'><strong>famula</strong></span> <span class='ocrx_word' id='word_1_852' title='bbox 2904 5431 3055 5470; x_wconf 90' lang='lat' dir='ltr'><strong>suam</strong></span> <span class='ocrx_word' id='word_1_853' title='bbox 3085 5423 3349 5485; x_wconf 89' lang='lat' dir='ltr'><strong>sequente</strong></span> <span class='ocrx_word' id='word_1_854' title='bbox 3395 5417 3584 5482; x_wconf 87' lang='lat' dir='ltr'><strong>vitam,</strong></span> 
     </span>
    </p>
   </div>
   <div class='ocr_carea' id='block_1_116' title="bbox 1993 5496 3582 5582">
    <p class='ocr_par' dir='ltr' id='par_1_116' title="bbox 1993 5496 3582 5582">
     <span class='ocr_line' id='line_1_116' title="bbox 1993 5496 3582 5582; baseline -0.003 -18"><span class='ocrx_word' id='word_1_855' title='bbox 1993 5525 2127 5582; x_wconf 89' lang='lat' dir='ltr'><strong>quas</strong></span> <span class='ocrx_word' id='word_1_856' title='bbox 2153 5510 2377 5580; x_wconf 81' lang='lat' dir='ltr'><strong>contigit</strong></span> <span class='ocrx_word' id='word_1_857' title='bbox 2406 5496 2578 5564; x_wconf 67' lang='lat' dir='ltr'><strong>teneri</strong></span> <span class='ocrx_word' id='word_1_858' title='bbox 2607 5524 2705 5581; x_wconf 92' lang='lat' dir='ltr'><strong>per</strong></span> <span class='ocrx_word' id='word_1_859' title='bbox 2734 5507 2951 5562; x_wconf 90' lang='lat' dir='ltr'><strong>insidias</strong></span> <span class='ocrx_word' id='word_1_860' title='bbox 2980 5505 3288 5561; x_wconf 67' lang='lat' dir='ltr'><strong>Judaeorum</strong></span> <span class='ocrx_word' id='word_1_861' title='bbox 3316 5521 3582 5563; x_wconf 90' lang='lat' dir='ltr'><strong>accusan-</strong></span> 
     </span>
    </p>
   </div>
   <div class='ocr_carea' id='block_1_117' title="bbox 1995 5598 3587 5672">
    <p class='ocr_par' dir='ltr' id='par_1_117' title="bbox 1995 5598 3587 5672">
     <span class='ocr_line' id='line_1_117' title="bbox 1995 5598 3587 5672; baseline -0.003 -14"><span class='ocrx_word' id='word_1_862' title='bbox 1995 5605 2156 5670; x_wconf 91' lang='lat' dir='ltr'><strong>tium,</strong></span> <span class='ocrx_word' id='word_1_863' title='bbox 2191 5618 2344 5671; x_wconf 74' lang='lat' dir='ltr'><strong>quaSI</strong></span> <span class='ocrx_word' id='word_1_864' title='bbox 2393 5601 2656 5658; x_wconf 90' lang='lat' dir='ltr'><strong>maleﬁcia</strong></span> <span class='ocrx_word' id='word_1_865' title='bbox 2686 5601 2886 5668; x_wconf 82' lang='lat' dir='ltr'><strong>reginae</strong></span> <span class='ocrx_word' id='word_1_866' title='bbox 2913 5599 3198 5667; x_wconf 90' lang='lat' dir='ltr'><strong>fecissent,</strong></span> <span class='ocrx_word' id='word_1_867' title='bbox 3230 5608 3454 5671; x_wconf 90' lang='lat' dir='ltr'><strong>propter</strong></span> <span class='ocrx_word' id='word_1_868' title='bbox 3478 5598 3553 5672; x_wconf 87' lang='lat' dir='ltr'><strong>Sy</strong></span> <span class='ocrx_word' id='word_1_869' title='bbox 3568 5629 3587 5642; x_wconf 69' lang='grc' dir='ltr'><strong>-ς</strong></span> 
     </span>
    </p>
   </div>
   <div class='ocr_carea' id='block_1_118' title="bbox 1992 5689 3585 5759">
    <p class='ocr_par' dir='ltr' id='par_1_118' title="bbox 1992 5689 3585 5759">
     <span class='ocr_line' id='line_1_118' title="bbox 1992 5689 3585 5759; baseline -0.003 -10"><span class='ocrx_word' id='word_1_870' title='bbox 1992 5693 2202 5749; x_wconf 91' lang='lat' dir='ltr'><strong>meonis</strong></span> <span class='ocrx_word' id='word_1_871' title='bbox 2219 5700 2468 5746; x_wconf 89' lang='lat' dir='ltr'><strong>mortem.</strong></span> <span class='ocrx_word' id='word_1_872' title='bbox 2498 5690 2700 5757; x_wconf 80' lang='lat' dir='ltr'><strong>Regina</strong></span> <span class='ocrx_word' id='word_1_873' title='bbox 2724 5704 2855 5743; x_wconf 89' lang='lat' dir='ltr'><strong>vero</strong></span> <span class='ocrx_word' id='word_1_874' title='bbox 2873 5690 3014 5759; x_wconf 92' lang='lat' dir='ltr'><strong>(cum</strong></span> <span class='ocrx_word' id='word_1_875' title='bbox 3033 5689 3247 5745; x_wconf 90' lang='lat' dir='ltr'><strong>soleant</strong></span> <span class='ocrx_word' id='word_1_876' title='bbox 3268 5690 3585 5758; x_wconf 85' lang='lat' dir='ltr'><strong>languentes</strong></span> 
     </span>
    </p>
   </div>
   <div class='ocr_carea' id='block_1_119' title="bbox 1990 5776 3585 5852">
    <p class='ocr_par' dir='ltr' id='par_1_119' title="bbox 1990 5776 3585 5852">
     <span class='ocr_line' id='line_1_119' title="bbox 1990 5776 3585 5852; baseline -0.003 -13"><span class='ocrx_word' id='word_1_877' title='bbox 1990 5783 2296 5852; x_wconf 61' lang='lat' dir='ltr'><strong>hujustnodi</strong></span> <span class='ocrx_word' id='word_1_878' title='bbox 2334 5784 2494 5834; x_wconf 87' lang='lat' dir='ltr'><strong>rebus</strong></span> <span class='ocrx_word' id='word_1_879' title='bbox 2517 5779 2649 5850; x_wconf 83' lang='lat' dir='ltr'><strong>[ed.,</strong></span> <span class='ocrx_word' id='word_1_880' title='bbox 2676 5776 2798 5832; x_wconf 85' lang='lat' dir='ltr'><strong>Niv.</strong></span> <span class='ocrx_word' id='word_1_881' title='bbox 2844 5787 2892 5832; x_wconf 86' lang='lat' dir='ltr'><strong>et</strong></span> <span class='ocrx_word' id='word_1_882' title='bbox 2940 5777 3128 5847; x_wconf 81' lang='lat' dir='ltr'><strong>Frob.,</strong></span> <span class='ocrx_word' id='word_1_883' title='bbox 3165 5776 3384 5850; x_wconf 88' lang='lat' dir='ltr'><strong>spebus]</strong></span> <span class='ocrx_word' id='word_1_884' title='bbox 3423 5791 3585 5834; x_wconf 77' lang='lat' dir='ltr'><strong>aures</strong></span> 
     </span>
    </p>
   </div>
   <div class='ocr_carea' id='block_1_120' title="bbox 1991 5869 3580 5941">
    <p class='ocr_par' dir='ltr' id='par_1_120' title="bbox 1991 5869 3580 5941">
     <span class='ocr_line' id='line_1_120' title="bbox 1991 5869 3580 5941; baseline -0.002 -10"><span class='ocrx_word' id='word_1_885' title='bbox 1991 5870 2424 5941; x_wconf 81' lang='lat' dir='ltr'><strong>accommodare)</strong></span> <span class='ocrx_word' id='word_1_886' title='bbox 2438 5871 2707 5940; x_wconf 87' lang='lat' dir='ltr'><strong>suspicata</strong></span> <span class='ocrx_word' id='word_1_887' title='bbox 2732 5880 2814 5926; x_wconf 86' lang='lat' dir='ltr'><strong>est</strong></span> <span class='ocrx_word' id='word_1_888' title='bbox 2832 5885 3014 5926; x_wconf 91' lang='lat' dir='ltr'><strong>veram</strong></span> <span class='ocrx_word' id='word_1_889' title='bbox 3033 5885 3152 5928; x_wconf 87' lang='lat' dir='ltr'><strong>esse</strong></span> <span class='ocrx_word' id='word_1_890' title='bbox 3162 5869 3580 5937; x_wconf 81' lang='lat' dir='ltr'><strong>detractionem,</strong></span> 
     </span>
    </p>
   </div>
  </div>
