4006 6456
426 346 535 406 047

1684 344 1753 399 Μ.
1796 342 2073 399 suam!
2109 295 2511 399 cissronont

3623 338 3725 394 948

431 467 485 514 ct
516 459 750 516 maxime
778 472 811 513 a
840 456 1041 515 Judais
1065 456 1263 513 factam
1281 500 1296 525 ,
1330 474 1452 513 cum
1486 469 1540 514 et
1568 458 1683 530 ipsa
1712 456 1905 512 similia
1933 471 2023 511 sa—
2052 458 2105 519 Α
2130 454 2254 526 quia
2282 457 2409 511 dum
2433 456 2487 510 in
2512 453 2731 511 cintate
2749 450 2965 509 Persica
2994 465 3282 524 episcopus
3302 452 3493 509 fuisset
3517 453 3730 510 ordina-

432 563 607 625 pcret,
636 567 839 623 eosque
869 553 989 609 sine
1015 551 1299 609 mendacio
1327 561 1382 608 et
1410 552 1511 608 sibi
1537 552 1778 607 faventes
1803 550 2032 605 arbitra-

435 654 600 701 retur.
656 644 947 702 Sumentes
992 655 1174 703 autem
1225 647 1366 716 magi
1416 645 1722 701 Tharbuam
1773 654 1824 699 et
1874 644 2030 714 alias,

430 738 622 792 mortis
666 739 878 794 acerbae
908 740 1194 810 perculere
1236 740 1521 811 supplicio.
1573 738 1857 809 Stipitibus
1887 737 2031 792 enim

430 831 697 901 alligatas,
726 847 989 903 serraque
1016 834 1281 890 iindentes
1303 832 1401 904 per
1426 832 1684 895 medium.
1708 847 1802 887 eas
1824 829 2029 886 crudeli

430 938 566 979 nece
597 924 995 993 laceraverunt,
1046 936 1101 982 et
1128 928 1281 999 quasi
1309 927 1589 997 expiantes
1617 926 1908 999 reginam,
1938 938 2035 999 p_er

429 1013 639 1071 medios
660 1017 875 1088 stipites
898 1019 1129 1073 transire
1146 995 1413 1074 fecerunt.
1444 1016 1650 1073 Ferunt
1671 995 1850 1072 autem
1868 995 2033 1071 ista-ni

430 1104 744 1163 'l‘barbuam
792 1111 1097 1179 speciosam
1144 1111 1301 1167 valde
1342 1111 1526 1178 fuisse,
1578 1118 1634 1165 et
1661 1126 1691 1164 a
1720 1110 1889 1179 magis
1917 1109 2034 1177 qni-

431 1196 658 1253 busdam
676 1199 1003 1267 adamatam,
1022 1208 1077 1256 et
1092 1201 1325 1256 latenter
1337 1201 1403 1255 ad
1420 1200 1766 1257 concubitum
1783 1202 2032 1271 petitam,

433 1292 703 1361 promissa
733 1293 986 1349 mercede
1014 1294 1204 1349 salutis
1232 1310 1341 1350 sua:
1367 1303 1421 1350 et
1450 1293 1707 1360 aliarum,
1737 1293 1781 1348 si
1811 1307 2037 1349 consen-

431 1384 563 1440 tiret
591 1385 659 1440 ad
685 1385 896 1441 vitium.
949 1386 1078 1454 Quze
1108 1402 1209 1443 nec
1237 1387 1483 1442 auditum
1512 1386 1735 1442 luxuriae
1764 1399 1921 1455 passa
1950 1392 2037 1440 est

382 1466 385 1469 ’
432 1476 724 1544 sustinere,
776 1476 870 1533 sed
916 1478 1126 1548 injuriis
1168 1494 1269 1550 pro
1317 1480 1461 1551 turpi
1513 1478 1775 1550 petitione
1826 1477 2033 1545 relatis,

435 1568 694 1625 alacriter
719 1571 949 1627 accessit
993 1570 1060 1626 ad
1100 1580 1355 1641 mortem,
1405 1587 1475 1627 ne
1504 1571 1745 1627 traderet
1788 1578 2035 1626 sanctam

432 1661 824 1731 virginitatem.
868 1661 1113 1733 Cumque
1141 1662 1486 1719 circumirent
1515 1664 1657 1733 magi
1684 1670 1740 1718 et
1768 1663 2036 1733 principes

434 1767 623 1809 eorum
649 1756 953 1811 universam
976 1756 1311 1826 provinciam
1332 1755 1627 1812 secundum
1649 1756 1874 1827 Saporis
1897 1770 2037 1827 pra:-

2136 557 2244 618 tus,
2272 549 2437 604 multa
2463 563 2607 619 saepe
2634 547 2704 603 sit
2729 563 2939 618 passus,
2968 555 3026 603 et
3044 548 3291 618 plagatus
3318 557 3484 617 atque
3506 557 3728 618 tractus,

2134 643 2273 696 virili
2301 649 2481 697 mente
2509 642 2845 696 sustinuerit.
2879 640 3125 713 Cumque
3154 640 3287 695 nulli
3325 640 3595 712 potuisset
3626 642 3729 697 ilﬁe

2134 735 2363 791 suadere
2393 745 2450 789 ut
2477 734 2814 791 Christianus
2840 742 3005 801 esset,
3038 734 3274 805 graviter
3298 736 3480 790 ferens
3507 736 3731 793 maledi-

2136 828 2213 882 xit
2259 828 2493 897 civitati,
2535 836 2590 884 et
2631 828 2827 883 exinde
2864 827 3129 883 discessit.
3178 825 3307 886 Post
3335 844 3572 898 paucum
3608 845 3729 885 vero

2138 930 2348 990 tempus
2395 920 2713 992 primatibus
2752 919 2869 990 ejus
2916 921 3020 975 loci
3051 921 3103 975 in
3132 936 3313 992 regem
3362 922 3728 994 peccantibus,

2136 1014 2521 1084 superveniens
2551 1013 2818 1069 exercitus
2842 1030 2965 1069 cum
2992 1014 3247 1069 trecentis
3275 1015 3582 1086 elephantis
3613 1016 3735 1070 civi-

2136 1116 2304 1163 tatem
2329 1108 2612 1174 subvertit,
2644 1115 2700 1163 et
2723 1107 2868 1163 velut
2889 1109 3188 1163 desolatam
3212 1110 3491 1178 regionem
3520 1118 3733 1165 arantes

2137 1200 2431 1255 seminibus
2482 1200 2845 1256 tradiderunt.
2907 1200 3149 1257 Milesius
3203 1210 3385 1257 autem
3451 1203 3732 1275 episcopus

2138 1292 2477 1348 solummodo
2494 1307 2681 1364 peram
2697 1292 3102 1362 circumferens,
3126 1308 3246 1364 qua:
3261 1309 3475 1351 sacrum
3492 1296 3733 1351 codicem

2138 1381 2550 1453 Evangeliorum
2578 1386 2842 1454 habebat,
2889 1388 3132 1458 perrexit
3160 1388 3465 1445 orationem
3496 1389 3733 1445 facturus

2138 1473 2209 1528 ad
2238 1473 2695 1547 Hierosolymam,
2737 1486 2794 1533 et
2836 1477 2960 1534 inde
2989 1480 3043 1534 in
3073 1480 3390 1552 Egyptum,
3439 1489 3495 1536 ut
3525 1482 3732 1539 videret

2138 1569 2438 1625 monachos
2481 1570 2679 1626 ibidem
2728 1582 3132 1629 conversantes.
3186 1572 3372 1641 Qualis
3421 1574 3588 1644 igitur
3638 1576 3733 1630 iste

2140 1671 2381 1731 sanctus,
2430 1672 2485 1720 et
2529 1664 2916 1721 miraculorum
2960 1665 3119 1721 fuerit
3149 1675 3428 1737 operator,
3460 1666 3586 1738 Syri
3615 1678 3734 1723 sunt

2140 1761 2327 1822 testes,
2379 1756 2469 1826 qui
2514 1758 2631 1828 ejus
2676 1766 2828 1813 actus
2856 1758 3130 1829 vitamque
3158 1760 3511 1831 scripserunt.
3546 1758 3733 1816 Fertur

434 1854 677 1919 ceptum,
725 1856 786 1903 ut
822 1848 1139 1904 sacerdotes
1168 1857 1223 1904 et
1253 1847 1508 1905 doctores
1539 1848 1807 1919 dogmatis
1837 1864 2034 1922 appre-
2066 1852 2115 1913 B
2141 1849 2323 1918 itaque
2367 1864 2555 1904 eorum
2602 1851 2695 1922 qui
2726 1859 2853 1907 tunc
2882 1852 3142 1924 martyrio
3181 1853 3425 1908 coronati
3467 1862 3597 1908 sunt
3640 1854 3733 1908 sub

432 1939 737 1995 henderent
764 1938 1088 2008 Christiani,
1134 1942 1434 2013 puniebant
1472 1943 1757 2015 episcopos
1797 1951 1851 1999 et
1877 1958 2031 2019 pres-

434 2033 675 2103 byteros,
704 2040 759 2088 et
786 2033 1022 2087 maxime
1058 2050 1155 2104 per
1174 2036 1454 2105 regionem
1491 2033 1911 2091 Adiabenorum.
1937 2034 2035 2090 Hic

435 2138 667 2195 namque
699 2126 851 2181 locus
897 2134 979 2181 est
1008 2124 1277 2191 Persicus,
1328 2135 1383 2181 et
1421 2126 1741 2198 plerumque
1771 2127 2033 2183 Christia-

435 2234 651 2273 norum.
677 2216 976 2285 Somnum,
1008 2217 1097 2272 lib.
1127 2234 1182 2281 ιι,
1208 2234 1326 2290 cap.
1343 2218 1431 2273 11.
1454 2217 1603 2274 Edit.
1629 2218 1821 2273 Christ.
1855 2217 2031 2272 Vales.

436 2326 556 2381 cap.
588 2309 674 2376 12,
700 2330 754 2383 p.
779 2310 902 2366 460.
930 2344 991 2349 ——
1022 2310 1139 2367 Hoc
1168 2312 1311 2366 enim
1342 2319 1589 2384 tempore
1618 2320 1673 2366 et
1696 2311 2036 2382 Acepsimam

436 2403 753 2473 episcopum
810 2405 1315 2475 apprehenderunt,
1366 2412 1423 2461 et
1474 2405 1675 2460 multos
1720 2403 2039 2458 clericorum

438 2493 587 2564 ejus;
622 2504 980 2567 tenentesque
1009 2498 1323 2568 praesulem,
1375 2497 1628 2555 sufficere
1657 2497 1757 2552 sibi
1788 2496 2035 2552 credide-

438 2597 597 2655 runt,
647 2588 781 2645 alios
812 2588 1041 2646 nudatos
1071 2592 1389 2647 substantiis
1416 2592 1771 2648 dimittentes.
1801 2589 2040 2647 Jacobus

439 2687 618 2734 autem
650 2681 867 2751 quidam
898 2684 1181 2755 presbyter
1211 2682 1371 2740 Ponti
1404 2685 1551 2759 [ms.,
1598 2685 1813 2757 sponte]
1840 2700 2038 2754 seque-

439 2770 598 2826 batur
626 2773 990 2844 Acepsimam,
1038 2783 1094 2829 et
1140 2776 1450 2846 supplicans
1495 2760 1687 2845 magis,
1739 2776 2039 2831 identidem

439 2865 637 2918 meruit
663 2864 882 2921 irretiri.
914 2863 1065 2921 Tunc
1085 2868 1229 2921 enim
1251 2877 1306 2921 et
1330 2869 1447 2924 seni
1470 2868 1725 2924 alacriter
1744 2869 2037 2937 serviebat,

440 2964 497 3010 et
524 2956 641 3025 ejus
676 2956 882 3012 cladem
913 2958 1254 3029 aliquatenus
1283 2961 1581 3030 levigabat,
1630 2961 1927 3033 plagasque
1978 2970 2039 3017 ut

441 3056 656 3122 poterat
684 3066 875 3106 curare
915 3067 1023 3106 non
1070 3052 1368 3108 desinebat.
1423 3053 1553 3111 Post
1598 3056 1878 3128 paululum
1908 3071 2039 3111 vero

441 3141 617 3211 poenis
661 3143 971 3199 crudelibus
997 3160 1121 3200 eum
1166 3149 1307 3217 magi
1337 3156 1631 3214 torserunt,
1679 3156 1938 3220 cogentes
1982 3159 2043 3205 ut

442 3235 696 3292 adoraret
714 3238 905 3294 solem.
932 3240 1050 3306 Quo
1072 3249 1382 3311 respuente,
1412 3243 1679 3299 miserunt
1702 3259 1827 3298 eum
1851 3257 2041 3297 rursus
2069 3246 2117 3314 ο

441 3326 499 3381 in
552 3328 791 3384 vincula.
863 3330 969 3386 Sed
1021 3340 1079 3387 et
1128 3333 1327 3390 multos
1383 3335 1518 3391 alios
1575 3337 1925 3408 presbyteros
1986 3343 2045 3392 et

443 3422 705 3479 diaconos
753 3424 1029 3480 habebant
1070 3426 1125 3480 in
1163 3443 1382 3485 carcere
1427 3437 1551 3500 post
1578 3428 1810 3499 ﬂagella.
1863 3428 2045 3484 Pauco

444 3522 691 3584 tempore
747 3524 1134 3586 praetereunte,
1207 3520 1461 3589 princeps
1514 3534 1797 3589 magorum
1846 3519 1914 3575 de
1966 3521 2045 3578 eis

444 3607 717 3662 consuluit
734 3622 949 3677 regem;
973 3618 1303 3681 acceptaque
1323 3618 1594 3683 potestate
1618 3621 1675 3667 ut
1695 3620 1880 3681 ageret
1900 3612 2044 3685 quod

448 3700 633 3771 vellet,
685 3703 730 3757 si
780 3702 951 3757 solem
1000 3719 1109 3757 non
1158 3703 1473 3771 adorarent,
1532 3705 1812 3761 mandavit
1862 3706 1939 3761 eis
1990 3707 2044 3762 in

448 3807 667 3850 carcere
713 3794 917 3864 regiam
957 3794 1314 3853 voluntatem.
1364 3795 1570 3864 Quibus
1599 3806 1785 3871 aperte
1815 3814 2044 3873 respon-

448 3889 701 3945 dentibus
746 3905 1024 3963 nunquam
1052 3906 1111 3946 se
1152 3889 1271 3946 fore
1309 3890 1615 3963 proditores
1662 3890 1893 3956 Christi,
1946 3908 2047 3948 nec

448 3983 678 4040 adorare
727 3986 920 4053 solem,
964 3986 1085 4042 sine
1132 3986 1239 4040 ulla
1286 3987 1547 4057 parcitate
1597 4002 1693 4042 eos
1734 3987 2047 4043 verberibus

447 4074 688 4132 laniavit.
749 4076 883 4132 Cum
940 4078 1134 4148 quibus
1188 4076 1501 4150 Acepsimas
1553 4094 1652 4150 pro
1706 4078 2048 4135 confessione

450 4169 716 4238 dogmatis
744 4170 972 4226 viriliter
997 4179 1081 4226 est
1107 4169 1408 4227 defunctus.
1444 4171 1671 4239 Quidam
1698 4188 1829 4229 vero
1854 4173 2046 4230 Arme-

452 4263 664 4317 niorum
694 4278 818 4318 cum
841 4272 1025 4321 essent
1048 4264 1264 4319 obsides
1292 4263 1432 4335 apud
1462 4263 1671 4332 Persas,
1705 4280 1903 4337 corpus
1932 4265 2049 4337 ejus

452 4360 756 4418 auferentes
806 4360 1059 4432 latenter,
1108 4364 1398 4436 sepulturae
1443 4364 1637 4421 debitae
1687 4366 2045 4423 tradiderunt.

454 4452 559 4506 Alii
605 4468 736 4508 vero
780 4453 908 4509 licet
944 4472 1051 4511 non
1094 4457 1272 4513 minus
1320 4456 1603 4527 ﬂagellati,
1652 4466 1850 4530 praeter
1895 4473 2048 4529 spem

454 4544 739 4617 vixerunt;
780 4554 835 4601 et
877 4563 984 4602 non
1029 4556 1301 4605 mutantes
1345 4548 1706 4615 voluntatem,
1760 4548 1940 4607 denuo
1983 4548 2051 4604 ad

2138 1956 2307 2011 regno
2347 1942 2585 2015 Saporis,
2630 1944 2870 2000 virorum
2914 1961 2977 2001 ac
3025 1945 3346 2001 feminarum
3372 1944 3539 2003 fuisse
3568 1946 3729 2002 millia

2140 2037 2291 2105 quasi
2312 2037 2605 2093 sexdecim.
2628 2038 2923 2107 Somnum,
2940 2041 3028 2095 lib.
3055 2055 3243 2111 n,cap.
3270 2040 3356 2097 15.
3373 2039 3521 2096 Edit.
3542 2039 3730 2095 Christ.

2153 2127 2327 2183 Vales.
2361 2146 2477 2202 cap.
2513 2129 2601 2195 H,
2624 2148 2679 2200 ρ.
2710 2129 2833 2184 462.

2738 2266 2972 2323 CAPUT
3010 2266 3095 2325 Ill.

2142 2376 2383 2448 Epistola
2394 2378 2723 2435 Constantini
2736 2381 2806 2435 ad
2818 2379 3100 2437 Persarum
3117 2399 3289 2456 regem
3300 2400 3393 2457 pro
3406 2382 3712 2442 Christianis

2213 2492 2271 2548 ln
2304 2494 2521 2551 Perside
2568 2512 2698 2551 vero
2732 2495 3034 2554 fautoribus
3083 2499 3303 2570 pietatis
3353 2498 3733 2561 Constantinus

2143 2586 2414 2656 Augustus
2446 2597 2637 2658 sponte
2664 2592 2962 2660 prospexit.
3017 2590 3335 2662 Agnoscens
3364 2595 3500 2648 enim
3531 2609 3631 2651 eos
3670 2598 3738 2650 ab

2143 2677 2323 2746 impiis
2350 2678 2700 2737 vehementer
2726 2680 2908 2751 allligi,
2941 2698 3234 2755 eorumque
3266 2700 3447 2757 regem
3468 2688 3740 2743 erroribus

2143 2771 2474 2825 servientem
2506 2772 2636 2847 [ed.,
2670 2773 3004 2847 saivientem]
3036 2775 3253 2845 diversa
3272 2778 3352 2843 eis
3374 2777 3578 2839 inferre
3604 2781 3740 2853 peri-

2143 2862 2286 2930 cula,
2310 2864 2527 2935 scripsit
2552 2866 2600 2920 ei
2624 2882 2720 2938 per
2740 2866 2966 2937 legatos,
2994 2870 3087 2940 qui
3118 2878 3246 2926 tunc
3267 2870 3520 2945 aderant,
3545 2876 3741 2929 nionita

2146 2954 2362 3026 pietatis
2397 2974 2410 3013 :
2443 2972 2641 3029 rogans
2690 2967 2748 3014 ut
2800 2959 3036 3016 cultores
3084 2960 3179 3017 Dei
3226 2963 3371 3035 apud
3422 2979 3550 3020 cum
3590 2965 3743 3033 digno

2144 3049 2353 3105 honore
2384 3050 2713 3125 potirentur.
2744 3050 2852 3107 Sed
2883 3053 3077 3109 melius
3105 3055 3342 3113 studium
3372 3058 3448 3129 pii
3470 3057 3737 3129 principis

2144 3157 2245 3223 per
2274 3142 2389 3214 ejus
2417 3144 2625 3199 litteras
2653 3144 2855 3200 valebit
2884 3146 3125 3217 agnosci.

2576 3296 2830 3337 IHSTOLA
2856 3296 3204 3338 CONS'I'ANTINI
3231 3298 3338 3342 ΙΙ).

2418 3442 2421 3445 _
2509 3375 2591 3430 Ad
2611 3375 2873 3446 Saporem
2902 3391 3083 3449 regem
3113 3376 3397 3434 Persarum

2404 3490 2480 3548 De
2525 3493 2851 3564 providentia
2901 3493 3001 3551 Dei
3040 3513 3165 3569 ergo
3217 3496 3472 3555 homines.

2222 3607 2651 3663 Sacratissimam
2674 3607 2988 3665 custodiens
3010 3608 3192 3675 ﬁdem,
3223 3610 3471 3667 veritatis
3498 3612 3622 3670 luce
3640 3629 3761 3686 par-

2150 3701 2403 3773 ticipatus
2432 3718 2549 3758 sum
2586 3720 2598 3757 :
2634 3702 2847 3757 luminis
2876 3702 3104 3773 veritate
3133 3704 3494 3774 gubernatus,
3540 3723 3752 3767 sacram

2151 3811 2421 3867 cognosco
2463 3796 2641 3861 ﬁdem.
2690 3795 2932 3867 Denique
2970 3812 3070 3867 per
3109 3798 3243 3865 lucc,
3295 3798 3454 3856 sicuti
3498 3817 3587 3857 res
3630 3802 3753 3873 ipsa:

2152 3889 2495 3955 conlirmant,
2550 3890 2912 3945 venerabilem
2958 3890 3273 3960 religionem
3301 3906 3422 3949 esse
3450 3894 3750 3965 conspicio,

2148 3990 2207 4037 et
2259 3983 2562 4039 doctrinam
2617 3980 2907 4053 agnitionis
2968 3985 3294 4051 sanctissimi
3351 3984 3447 4041 Dei
3505 3988 3753 4043 omnibus

2153 4076 2500 4143 olierentem,
2551 4075 2859 4147 huiusmodi
2887 4077 3093 4134 cultum
3124 4095 3210 4135 me
3238 4080 3440 4137 habere
3468 4082 3749 4153 proﬁteor.

2155 4168 2290 4235 Quia
2312 4169 2469 4240 hujus
2491 4168 2585 4225 Dei
2610 4170 2864 4225 virtutem
2890 4170 2943 4225 in
2960 4170 3160 4227 auxilio
3188 4172 3414 4238 habens,
3428 4173 3695 4230 inchoans
3720 4190 3752 4229 ει

2154 4260 2350 4318 ﬁnibus
2378 4260 2612 4331 Oceani,
2661 4278 2879 4320 omnem
2924 4272 3190 4323 terrarum
3234 4266 3421 4322 orbem
3450 4264 3754 4323 ﬁrmissima

2153 4371 2252 4428 spe
2274 4356 2458 4411 salutis
2486 4356 2717 4424 obtinui;
2736 4357 2808 4413 ita
2832 4363 2890 4411 ut
2906 4356 3242 4426 universiqui
3269 4371 3365 4429 per
3388 4364 3473 4412 tot
3497 4366 3755 4429 tyrannos

2154 4448 2396 4504 cladibus
2418 4448 2748 4519 quotidianis
2774 4446 2991 4505 fuerant
3017 4448 3320 4519 subjugati,
3347 4455 3403 4506 et
3423 4448 3495 4504 ad
3514 4451 3754 4506 obscuri-

2155 4551 2323 4598 tatem
2343 4559 2515 4615 usque
2530 4543 2803 4613 perducti,
2828 4551 3165 4601 resumentes
3184 4542 3553 4601 communium
3571 4560 3753 4601 rerum

456 4634 669 4690 vincula
713 4645 836 4691 sunt
864 4638 1092 4711 reducti,
1124 4654 1247 4695 cum
1277 4640 1470 4711 quibus
1496 4648 1615 4696 erat
1643 4640 1886 4699 Aithalas
1911 4659 1929 4709 ;
1956 4641 2048 4715 qui
2078 4650 2132 4710 Ι)
2157 4638 2474 4705 vindictam,
2506 4637 2743 4694 rediviva
2775 4638 3172 4711 quodammodo
3201 4639 3485 4697 curatione
3510 4655 3755 4710 resurge-

456 4729 584 4785 dum
613 4730 772 4785 nimis
800 4738 984 4787 tensus
1012 4733 1335 4802 cmderetur,
1364 4734 1575 4790 humeri
1604 4742 1731 4791 sunt
1772 4734 2046 4804 disjuncti,

456 4820 533 4877 ita
585 4831 645 4878 ut
697 4830 939 4877 mortuas
992 4831 1184 4893 postea
1240 4839 1432 4880 manus
1485 4833 1705 4895 portare
1754 4826 2050 4893 videretur,

456 4911 656 4983 aliique
685 4914 802 4983 ejus
822 4914 901 4969 ori
928 4914 1079 4969 cibos
1109 4912 1385 4970 olferrent.
1408 4900 1530 4972 Sub
1555 4915 1660 4972 hoc
1681 4915 1862 4987 itaque
1883 4930 2051 4987 regno

454 5006 770 5063 testimonio
799 5007 954 5063 bona:
984 5007 1108 5063 vita:
1138 5008 1382 5063 translati
1412 5018 1537 5065 sunt
1564 5010 1899 5083 presbyteri,
1932 5009 2049 5067 dia-

456 5103 612 5173 coni,
642 5101 895 5161 monachi
935 5111 991 5159 ct
1017 5116 1186 5157 sacrm
1231 5102 1499 5173 virgines,
1533 5112 1587 5158 et
1615 5104 1669 5158 in
1712 5103 1831 5159 aliis
1859 5101 2050 5159 ciliciis

456 5194 711 5253 Ecclesia:
738 5197 1044 5261 constituti,
1100 5211 1162 5251 ac
1192 5210 1291 5267 pro
1329 5195 1581 5266 dogmate
1611 5197 1919 5253 laborantes
1962 5198 2048 5255 in-

457 5305 693 5346 numera:
719 5289 1109 5347 multitudines.
1143 5287 1456 5359 Eodemque
1486 5299 1729 5360 tempore
1756 5305 1946 5360 passus
1969 5298 2051 5346 est

454 5398 563 5438 una
583 5399 706 5440 cum
729 5383 908 5440 Marea
929 5383 1128 5441 Bichor
1142 5384 1427 5455 episcopus
1449 5392 1611 5454 atque
1631 5384 1814 5439 clerici
1832 5384 2052 5440 circiter

456 5473 672 5529 ducenti
700 5482 756 5528 et
779 5473 1187 5545 quinquaginta,
1238 5474 1331 5544 qui
1372 5487 1495 5530 cum
1523 5474 1779 5543 e0‘capti
1810 5489 1839 5527 a
1872 5473 2050 5531 Persis

452 5562 672 5621 fuerant
711 5564 1111 5634 comprehensi.
1144 5564 1295 5621 Tunc
1335 5566 1501 5621 etiam
1546 5566 1787 5621 Milesius
1829 5566 2051 5623 nomine

456 5664 716 5733 martyrio
743 5668 1035 5717 coronatus
1053 5668 1155 5729 est,
1178 5666 1272 5731 qui
1290 5659 1524 5733 primum
1548 5658 1765 5729 quidem
1786 5657 2054 5715 militabat

459 5752 603 5819 apud
630 5752 839 5817 Persas,
866 5762 1059 5822 postea
1088 5768 1218 5807 vero
1242 5753 1431 5809 relicta
1458 5752 1651 5809 militia
1681 5752 2052 5810 conversatio-

461 5854 584 5892 nem
615 5841 818 5897 zelatus
844 5850 925 5895 est
952 5843 1323 5911 apostolicam.
1374 5846 1668 5909 SOZOIEN.,
1714 5846 1804 5899 lib.
1839 5863 1904 5911 ιι,
1932 5864 2047 5915 cap.

470 5928 717 5982 ίδὶλέάξι.
746 5929 934 5984 Christ.
963 5933 1133 5987 Vales.
1156 5950 1270 6003 cap.
1298 5934 1387 6001 15,
1411 5954 1463 6004 ρ.
1481 5936 2049 5995 46i.——Diciturenim

2153 4739 2294 4785 rent.
2322 4731 2477 4787 llunc
2499 4731 2666 4791 Deum
2690 4732 2809 4789 colo
2831 4730 2985 4802 cujus
3004 4733 3216 4802 signum
3239 4732 3352 4789 Deo
3372 4734 3587 4791 dicatus
3606 4749 3754 4789 meus

2154 4824 2429 4881 exercitus
2476 4834 2659 4898 portat
2705 4828 2760 4884 in
2808 4828 3065 4895 humeris,
3114 4836 3169 4885 et
3209 4842 3239 4883 a
3287 4842 3397 4898 quo
3436 4828 3564 4887 dum
3612 4827 3753 4897 justo

2155 4933 2407 4977 sermone
2434 4919 2633 4991 aliquid
2654 4921 2914 4991 poscitur,
2945 4922 3283 4992 impetratur.
3309 4920 3389 4976 Ex
3417 4921 3547 4991 ipsis
3573 4930 3751 4977 autem

2156 5016 2343 5085 tropaei
2389 5014 2687 5084 insignibus
2725 5012 2987 5070 beneﬁcia
3023 5020 3250 5084 repente
3292 5013 3549 5085 suscipio.
3602 5013 3751 5069 Hunc

2158 5108 2343 5179 itaque
2370 5107 2541 5167 Deum
2566 5106 2856 5165 immortali
2884 5106 3145 5167 memoria
3174 5120 3261 5167 me
3291 5105 3564 5163 honorare
3592 5106 3751 5177 proli-

2159 5209 2301 5269 teor,
2352 5214 2584 5270 eumque
2632 5214 2840 5259 summa
2870 5214 3112 5269 puraque
3154 5207 3342 5257 mente
3370 5215 3533 5274 super
3574 5200 3748 5255 omnia

2160 5305 2277 5347 esse
2306 5290 2487 5347 credo.
2531 5289 2684 5347 Hunc
2710 5290 2981 5347 inclinatis
3008 5290 3232 5358 genibus
3256 5290 3543 5357 invocabo,
3597 5294 3749 5363 239

2158 5382 2367 5451 fugiens
2396 5391 2647 5439 cunctum
2677 5381 3093 5441 abominabilcm
3132 5382 3449 5451 sanguinem
3479 5392 3537 5441 et
3562 5384 3748 5439 odores

2160 5473 2445 5529 horribiles
2472 5490 2536 5529 ac
2567 5472 2867 5544 fugiendos,
2916 5488 3239 5543 omnemque
3281 5482 3555 5531 terrenam
3603 5474 3739 5530 llam-

2162 5581 2305 5622 mam
2335 5566 2492 5622 nimis
2520 5566 2681 5625 evito.
2708 5563 2909 5632 Quibus
2937 5564 3188 5622 omnibus
3216 5564 3486 5623 nefandus
3526 5576 3582 5625 et
3621 5567 3744 5625 inef-

2161 5656 2339 5714 fabilis
2382 5673 2535 5714 error
2580 5657 2780 5715 multos
2837 5658 3105 5727 gentium,
3156 5671 3220 5713 ac
3257 5670 3460 5726 genera
3505 5660 3743 5716 universa

2159 5751 2479 5823 prostravit,
2527 5760 2582 5809 et
2628 5751 2840 5809 inferno
2885 5749 3231 5806 contradidit.
3264 5749 3397 5817 Qum
3438 5751 3582 5807 enim
3613 5750 3744 5806 Deus

2163 5844 2399 5899 omnium
2422 5854 2644 5913 propter
2665 5843 2910 5898 homines
2933 5840 3265 5914 providentia
3290 5858 3399 5898 sua:
3429 5844 3739 5908 clementis,

2164 5936 2405 5991 utilitatis
2433 5950 2620 6005 causa,
2650 5936 2903 6007 produxit
2933 5936 2984 5991 in
3013 5933 3297 6001 mundum,
3325 5933 3445 5992 haec
3471 5935 3543 5992 ad
3566 5935 3735 5992 unius-
