4006 6448
255 297 361 356 9ιὲ

1346 266 1664 350 msrom
1705 290 2148 350 TRIPARTITA.
2187 291 2392 350 mea
2426 292 2516 354 ιιι.
2594 357 2599 362 ,

3451 301 3560 358 950

259 414 520 487 cujusque
567 410 892 470 desiderium
922 409 1064 470 trahi
1104 425 1212 468 non
1253 409 1472 481 patitur.
1525 408 1627 464 Sed
1658 423 1852 479 puram
1879 414 1930 475 Α
1955 409 2154 466 Νῆαξηὶ
2196 409 2433 472 concilii,
2491 409 2974 469 Alexandrinorum
3022 412 3273 471 Ecclesia:
3319 415 3560 490 suscepit

257 505 632 570 tantummodo
671 513 909 564 mentem
949 511 1007 560 et
1052 501 1454 560 immacul’atam
1503 501 1737 558 animam
1785 500 1854 558 ab

257 595 508 655 omnibus
534 597 674 669 [ed.,
707 593 1033 664 hominibus]
1063 595 1262 663 exigit,
1317 594 1529 648 virtutis
1557 601 1611 648 et
1643 593 1857 664 pietatis

257 701 412 748 actus
432 689 685 760 exquirit,
705 688 1134 746 mansuetudinis
1154 696 1209 744 et
1229 687 1534 744 clementiae
1554 686 1857 742 delectatur

255 786 534 858 operibus,
564 786 726 844 mites
749 793 914 849 amat,
946 784 1109 840 habet
1136 783 1262 841 odio
1292 783 1652 846 turbulentos,
1681 781 1858 851 diligit

257 879 444 947 ﬁdem,
495 879 647 950 punit
676 877 987 948 perﬁdiam,
1035 891 1362 947 numeroque
1404 874 1705 947 potentiam
1731 890 1854 932 cum

255 970 401 1026 fastu
449 970 710 1041 despicit,
758 971 1112 1040 superborum
1162 970 1318 1040 punit
1365 969 1744 1040 asperitatem,
1788 965 1859 1022 ad

255 1063 457 1118 fastum
504 1064 744 1119 elevatos
788 1063 1079 1128 interimit,
1130 1061 1422 1120 humilibus
1453 1071 1634 1120 autem
1665 1077 1730 1120 ac
1755 1076 1855 1132 pa-

256 1157 518 1216 tientibus
561 1156 720 1226 digna
763 1157 1030 1214 retribuit.
1077 1155 1168 1214 Sic
1214 1156 1394 1228 itaque
1440 1155 1603 1211 etiam
1632 1167 1859 1225 regnum

249 1249 459 1319 justum
482 1248 906 1319 magnipendens
931 1247 1203 1319 adjutorio
1224 1263 1335 1306 suae
1355 1247 1572 1304 virtutis
1593 1246 1855 1315 extendit,

252 1343 687 1415 sapientiamque
733 1345 938 1412 regiam
971 1343 1119 1414 pacis
1165 1342 1555 1412 tranquillitate
1598 1341 1855 1398 custodit.

252 1435 374 1492 Non
400 1449 534 1506 ergo
566 1435 749 1494 videor
777 1436 910 1492 mihi
940 1451 1148 1506 errare,
1194 1435 1364 1492 frater
1406 1435 1514 1500 mi,
1566 1433 1708 1490 hunc
1739 1447 1860 1490 esse

253 1526 628 1586 conﬁtendum
658 1527 828 1585 Deum
847 1529 1085 1585 omnium
1114 1528 1411 1599 principem
1441 1534 1602 1597 atque
1623 1534 1858 1596 patrem,

252 1634 424 1689 quem
453 1620 604 1676 inulti
651 1629 942 1690 regnantes
989 1622 1130 1691 apud
1178 1636 1279 1677 nos
1322 1620 1537 1676 vesanis
1582 1619 1860 1676 erroribus

252 1710 505 1777 seducti,
534 1711 807 1781 denegare
837 1719 1203 1768 tentaverunt.
1235 1711 1341 1768 Sed
1375 1711 1492 1767 illos
1521 1725 1710 1766 omnes
1739 1710 1860 1766 ﬁnis

1959 505 2282 560 Athanasius
2319 504 2687 575 praesulatum.
2718 505 2884 577 Cujus
2920 511 3346 579 persecutiones,
3377 510 3558 584 fugas,

1959 599 2335 664 contumelias,
2376 597 2675 670 crebraque
2721 602 2962 670 pericula
3002 605 3302 662 transferre
3343 605 3554 676 distuli,

1959 707 2079 762 qua:
2121 691 2346 748 Ruﬁnus
2386 707 2485 747 suo
2526 692 2833 748 nobilitavit
2859 695 3097 763 eloquio.
3127 697 3555 767 TlEODORBTUS,

1960 785 2053 845 lib.
2079 803 2119 854 ι,
2148 803 2195 843 ο.
2227 785 2320 855 26,
2358 805 2412 859 p.
2445 786 2535 844 59.
2566 787 2671 844 An.
2713 787 2867 844 Dom.
2893 789 3020 859 593,
3052 791 3248 849 Baron.
3280 793 3403 852 526.

2577 947 2807 1008 CAPUT
2849 950 2911 1005 V.

1963 1062 2093 1132 Qua-
2115 1074 2296 1124 contra
2322 1065 2668 1146 Athanasium
2689 1074 2835 1146 gesto
2861 1068 2989 1146 sint,
3008 1074 3060 1122 et
3087 1071 3343 1140 quomodo
3372 1076 3559 1146 confu-

2455 1139 2589 1208 gerit
2634 1139 2704 1195 ad
2750 1139 3056 1212 principem.

2033 1248 2165 1308 Post
2191 1248 2422 1319 plurima
2456 1265 2588 1307 vero
2628 1250 2854 1308 consilia
2891 1253 3064 1310 turbis
3097 1253 3562 1328 seditionibusque
3597 1277 3607 1300 ο

1961 1344 2252 1415 completa,
2295 1352 2352 1400 et
2378 1344 2644 1401 clamores
2689 1357 3065 1404 accusatorum
3111 1352 3455 1421 poscentium
3500 1359 3562 1406 ut

1965 1437 2289 1494 Athanasius
2311 1444 2566 1508 tauquam
2589 1453 2779 1507 magus
2803 1439 3074 1497 violentus
3105 1449 3163 1497 et
3192 1443 3442 1514 indignus
3469 1458 3560 1499 sa-

1963 1527 2208 1584 cerdotio
2235 1527 2602 1595 damnaretur,
2641 1529 2831 1584 directi
2865 1530 2934 1584 ab
2957 1529 3287 1600 imperatore
3313 1542 3561 1589 metuen-

1964 1627 2046 1675 tes
2088 1634 2158 1674 ne
2193 1635 2318 1676 eum
2357 1619 2534 1688 aliqua
2586 1618 2866 1676 invasioue
2918 1621 3276 1691 perimerent,
3333 1623 3561 1680 latenter

1963 1726 2087 1768 eum
2110 1709 2178 1768 de
2207 1710 2440 1766 concilio
2464 1711 2868 1767 subtraxerunt.
2902 1711 2972 1768 At
2999 1712 3091 1768 ille
3117 1714 3294 1770 sciens
3323 1730 3429 1770 non
3459 1717 3560 1772 sibi

251 1803 1012 1873 cornprebenditexitialis,ita
1029 1803 1723 1873 utomnbgeuushominum
1736 1810 1860 1874 post
1890 1821 1935 1881 Β
1966 1805 2080 1864 fore
2107 1812 2282 1862 tutum
2311 1812 2502 1860 contra
2552 1813 2634 1860 tot
2680 1815 3025 1862 accusatores
3069 1820 3252 1876 agere,
3295 1807 3565 1878 judicibus

251 1909 351 1952 eos
375 1911 695 1966 exsurgens,
724 1897 903 1954 clades
921 1913 1110 1954 eorum
1133 1913 1232 1968 pro
1256 1897 1651 1956 inaledietiOnis
1673 1913 1858 1956 exem-

253 1988 348 2059 plo
370 2007 680 2064 proponere
703 1991 968 2048 videatur.
994 1990 1198 2047 llorum
1221 1993 1381 2063 igitur
1403 2009 1566 2050 unum
1585 2007 1704 2048 esse
1732 2008 1860 2048 reor

254 2080 640 2151 Valerianum,
687 2098 848 2154 quem
898 2084 1044 2144 velut
1088 2085 1335 2154 quaedam
1374 2085 1524 2154 virga
1569 2085 1858 2142 iracundiae

253 2174 456 2232 divina:
485 2176 551 2232 de
595 2177 794 2232 nostris
840 2177 998 2236 terris
1025 2178 1322 2248 expellens,
1369 2178 1564 2234 vestris
1615 2179 1858 2249 partibus

253 2268 482 2325 tradidit
531 2269 882 2340 puniendum.
941 2271 1042 2338 Qui
1095 2271 1300 2328 scilicet
1357 2271 1696 2326 verecundiae
1747 2286 1858 2326 suae

254 2357 798 2435 famosissimuskdu
826 2360 949 2416 Niv.
978 2371 1026 2417 et
1046 2361 1231 2430 Frob.,
1258 2359 1695 2434 nobilissimum],
1716 2361 1859 2432 apud

255 2467 360 2508 nos
407 2460 671 2523 tropaeum
726 2453 1132 2512 demonstrasse
1186 2455 1549 2523 cognoscitur.
1601 2454 1705 2510 Sed
1753 2455 1858 2510 hoc

255 2543 478 2613 quidem
503 2544 557 2602 in
578 2545 776 2606 bonam
799 2555 1009 2616 partem
1031 2562 1352 2606 conversum
1377 2555 1481 2615 est,
1505 2555 1563 2602 ut
1590 2546 1642 2600 in
1669 2554 1858 2604 nostro

255 2637 459 2694 51ccqu
481 2637 786 2707 hujusmodi
814 2640 1136 2710 supplicium
1163 2637 1318 2698 ﬁeret
1343 2638 1708 2696 manifestum.
1743 2638 1859 2694 Vidi

256 2743 497 2798 namque
546 2738 601 2786 et
638 2743 740 2797 ego
788 2730 1002 2787 illorum
1051 2731 1213 2786 linem
1259 2732 1352 2801 qui
1397 2747 1570 2804 nuper
1615 2731 1860 2787 nefandis

256 2821 710 2892 prmceptionibus
740 2822 851 2882 Deo
897 2823 1150 2879 devotum
1181 2823 1437 2895 populum
1485 2823 1854 2880 turbaverunt.

257 2910 606 2984 Quapropter
633 2914 831 2970 multas
868 2914 980 2971 Deo
1009 2915 1189 2972 refero
1215 2917 1442 2986 gratias,
1474 2917 1730 2988 quoniam
1772 2917 1856 2974 in-

258 3014 414 3074 tegra
470 3006 810 3078 providentia
863 3025 1026 3068 omne
1079 3025 1248 3080 genus
1298 3011 1625 3080 humanum,
1673 3011 1860 3069 colens

259 3096 438 3166 legem
468 3097 702 3154 divinam
720 3140 738 3168 ,
787 3099 997 3155 reddita
1025 3101 1128 3156 sibi
1155 3117 1290 3173 pace
1318 3102 1574 3158 decenter
1603 3103 1853 3162 exsultat.

1964 1896 2129 1950 etiam
2155 1895 2403 1958 inimicis.
2452 1894 2718 1965 synodum
2747 1895 3081 1966 relinquens,
3108 1898 3293 1952 venire
3335 1898 3563 1954 festina-

1965 1989 2041 2047 vit
2079 1989 2146 2044 ad
2176 1989 2576 2058 imperatorem.
2609 1988 2906 2054 Somnum,
2937 1989 3027 2048 lib.
3060 2005 3115 2056 ιι,
3143 2007 3260 2062 cap.
3289 1990 3379 2046 24.
3412 1990 3562 2048 Edit.

1963 2077 2155 2138 Christ.

2035 2173 2200 2245 igitur
2245 2171 2570 2230 Athanasius
2619 2170 2687 2229 ad
2731 2173 3032 2244 principem
3069 2173 3314 2240 veniens,
3344 2187 3563 2235 omnem

1961 2264 2438 2336 praesumptionem
2467 2272 2659 2320 contra
2700 2280 2760 2321 se
2791 2263 2988 2320 factam
3027 2264 3408 2336 episcoporum
3433 2266 3570 2322 edo-

1962 2360 2092 2416 cuit.
2121 2359 2190 2414 At
2219 2357 2292 2412 illi
2317 2357 2383 2414 ad
2413 2357 2686 2413 Mareoten
2712 2358 3121 2425 convenientes,
3150 2358 3411 2428 quosdam
3441 2373 3574 2415 con-

1961 2451 2300 2508 cordantium
2331 2451 2550 2508 sibimet
2591 2450 2938 2507 sacerdotum
2977 2452 3241 2508 miserunt
3269 2452 3336 2507 ad
3363 2453 3570 2522 princi-

1962 2561 2107 2617 pem,
2124 2545 2293 2610 idest,
2320 2543 2691 2611 Theogoniqu
2713 2543 3006 2611 Niczeuum,
3033 2553 3194 2614 atque
3223 2544 3567 2603 Theodorum

1962 2637 2318 2701 Perinthiam,
2368 2635 2536 2694 Maria
2569 2635 3103 2702 Chalcedonensem,
3135 2630 3442 2692 Narcissum
3472 2638 3562 2693 (Σί-

1961 2730 2139 2795 licem,
2167 2739 2223 2786 et
2249 2729 2452 2786 similes
2481 2730 2694 2792 horum,
2728 2729 3009 2784 mendacia
3041 2737 3304 2792 texentes,
3335 2739 3390 2784 et
3417 2744 3563 2800 qum-

1961 2821 2085 2876 dam
2113 2829 2420 2878 commenta
2452 2818 2734 2890 ﬁngentes,
2765 2828 2820 2875 et
2849 2820 3020 2875 nudas
3048 2820 3207 2876 valde
3245 2821 3566 2889 calumnias,

1962 2911 2115 2979 quasi
2144 2925 2304 2966 veras
2344 2909 2721 2966 accusationes
2768 2910 2984 2967 sibimet
3009 2921 3417 2980 componentes.
3450 2914 3568 2979 Quo

1959 2999 2105 3058 facto
2133 3009 2398 3060 venerunt
2420 3001 2486 3056 ad
2513 2998 2710 3056 IEliam
2733 3000 3028 3058 civitatem.
3064 2998 3398 3070 Pneceperat
3423 3002 3568 3056 enim

1962 3094 2259 3166 imperator
2308 3101 2363 3152 ut
2415 3109 2576 3152 omne
2620 3094 2908 3152 concilium
2965 3109 2997 3148 a
3045 3094 3186 3166 Tyro
3243 3095 3454 3150 veniret
3503 3096 3570 3150 ad

263 3187 420 3243 Unde
447 3190 607 3250 etiam
640 3191 926 3264 nobisipsis
957 3194 1120 3249 credo
1150 3195 1408 3265 quoniam
1437 3195 1640 3266 optime
1669 3204 1852 3252 caute-
1887 3217 1932 3281 ο
1965 3183 2184 3241 Alliam.
2234 3185 2344 3242 Nec
2380 3197 2487 3242 non
2515 3194 2571 3244 et
2598 3186 2735 3246 alios
2761 3186 2998 3257 undique
3015 3189 3344 3281 poneresmi
3365 3203 3571 3258 praeco»

258 3295 366 3354 que
391 3282 636 3340 universa
670 3286 1022 3355 proveniunt,
1063 3286 1278 3358 quando
1306 3303 1400 3358 per
1430 3288 1643 3343 illorum
1668 3304 1859 3358 puram

258 3373 708 3450 probabilcmque
751 3377 1068 3446 religionem
1111 3379 1455 3451 divinamque
1496 3381 1857 3447 concordiam,

259 3467 515 3528 universa
543 3469 596 3528 in
626 3485 684 3525 se
713 3470 963 3546 dignatur
1002 3473 1228 3542 erigere.
1275 3473 1440 3542 igitur
1467 3472 1535 3529 de
1567 3473 1657 3532 tali
1686 3473 1861 3529 homi-

257 3575 390 3616 num
417 3560 670 3630 collegio,
705 3561 759 3622 id
788 3571 864 3620 est
895 3562 1328 3622 Christianorum
1361 3567 1482 3636 (pro
1511 3567 1705 3637 quibus
1730 3567 1860 3621 mihi

257 3653 438 3710 omnis
483 3661 567 3714 est
611 3654 843 3724 sermo),
875 3671 1037 3730 quam
1067 3673 1154 3712 me
1182 3657 1410 3713 libenter
1438 3659 1614 3714 credis
1651 3659 1860 3725 audire,

255 3744 482 3816 quando
525 3746 688 3806 etiam
731 3747 1025 3808 eminentia
1056 3748 1172 3804 loca
1203 3747 1462 3804 Persidos
1485 3765 1582 3821 per
1607 3765 1702 3806 eos
1743 3766 1860 3808 am-

255 3836 394 3906 plius
419 3851 592 3908 quam
615 3837 772 3908 cupio
794 3838 1160 3904 decorantur?
1190 3839 1268 3894 Tu
1290 3856 1419 3911 ergo
1445 3841 1648 3912 Optime
1667 3841 1864 3912 guber-

254 3927 502 3994 naveris,
534 3927 579 3984 si
627 3928 789 3986 fueris
836 3929 976 3994 sicut
1023 3931 1130 4000 illi,
1179 3940 1234 3988 et
1279 3933 1532 3990 habueris
1577 3949 1864 3990 commune

252 4021 398 4094 quod
422 4019 532 4078 illi.
557 4019 649 4078 Sic
670 4022 812 4084 enim
837 4021 1061 4090 habebis
1083 4024 1322 4080 omnium
1347 4024 1632 4080 Dominum
1658 4025 1860 4090 mitem,

257 4113 664 4184 placidumque,
696 4122 859 4185 atque
889 4117 1202 4198 propitium.
1235 4116 1345 4174 Hos
1396 4118 1576 4187 igitur,
1608 4119 1863 4187 quoniam

263 4211 448 4263 tantus
486 4219 551 4260 ac
595 4205 718 4260 talis
764 4208 972 4272 existis,
1021 4209 1344 4272 commendo
1375 4210 1469 4264 tibi
1516 4209 1770 4280 quoniam
1811 4219 1867 4264 et

264 4298 469 4372 pietate
501 4297 748 4367 probaris
777 4299 1016 4368 insignis.
1059 4299 1170 4358 Hos
1197 4300 1359 4369 dilige
1387 4306 1781 4370 competenter,
1811 4307 1863 4355 et

264 4391 431 4447 facito
471 4388 770 4444 clementia!
801 4397 905 4445 tua:
945 4393 1258 4464 participes,
1309 4391 1403 4446 tibi
1443 4391 1601 4446 simul
1631 4399 1686 4446 et
1713 4391 1867 4447 nobis

265 4484 587 4556 praebiturus
611 4481 796 4549 gratiae
819 4483 1078 4542 immensa
1103 4485 1225 4556 jura
1254 4501 1349 4556 per
1370 4484 1550 4540 ﬁdem.

339 4577 466 4634 llaec
507 4575 668 4650 igitur
708 4577 942 4646 optimus
983 4577 1280 4650 imperator
1329 4578 1530 4650 pietate
1572 4577 1862 4633 decoratus

265 4673 394 4742 egit,
451 4690 636 4732 curam
692 4691 801 4732 non
848 4674 1021 4734 solum
1077 4673 1445 4744 subjectorum
1493 4674 1720 4740 habens,
1771 4674 1868 4738 sed

267 4767 430 4821 etiam
479 4782 666 4828 eorum
697 4769 789 4840 qui
830 4769 930 4824 sub
959 4768 1148 4824 alienis
1191 4769 1568 4844 gubernaculis
1611 4770 1866 4837 regeban-

269 4863 372 4913 tur.
396 4859 739 4936 Quapropter
767 4872 820 4917 et
850 4862 964 4934 ipse
992 4861 1170 4916 divina
1185 4861 1522 4932 protectione
1536 4862 1741 4932 potitus
1763 4870 1863 4926 est,

268 4958 322 5006 et
370 4954 676 5009 universam
722 4953 991 5028 Europam
1045 4962 1208 5024 atque
1263 4953 1507 5029 Libyam,
1560 4971 1722 5027 super
1770 4957 1867 5012 has

273 5043 431 5098 etiam
463 5045 755 5102 maximam
797 5045 937 5102 Asia:
965 5055 1174 5116 partem
1217 5055 1426 5114 tenens,
1467 5048 1741 5118 subjectos
1772 5047 1868 5102 ha-

272 5132 384 5188 buit
414 5137 614 5205 ubique
642 5137 886 5195 devotos.
925 5137 1032 5194 Sed
1054 5139 1214 5194 etiam
1246 5139 1598 5194 barbarorum
1630 5138 1722 5193 alii
1749 5137 1870 5208 qui-

271 5226 391 5282 dem
419 5237 614 5300 sponte
644 5230 971 5298 serviebant,
1005 5231 1095 5285 alii
1121 5230 1336 5286 devicti.
1375 5228 1582 5298 Ubique
1612 5228 1868 5298 triumphi

273 5319 613 5395 videbantur,
644 5331 699 5378 et
722 5323 897 5378 victor
926 5324 1250 5377 cernebatur
1277 5323 1330 5376 in
1363 5323 1610 5378 erunibus
1637 5322 1869 5392 impera-

277 5416 377 5464 tor.
407 5411 818 5480 Tinsouonsrus,
844 5411 934 5467 lib.
960 5429 977 5469 ι
1000 5453 1015 5479 .
1047 5430 1094 5469 c.
1115 5411 1207 5478 24,
1231 5430 1283 5484 p.
1314 5411 1402 5466 56.

890 5524 1121 5582 CAPUT
1159 5524 1249 5581 ιν.

277 5611 356 5671 De
410 5618 700 5676 Menandri
744 5619 1008 5689 pontiﬁcis
1051 5618 1397 5673 Alexandrini
1443 5619 1572 5690 ﬁne,
1619 5627 1670 5672 et
1716 5619 1865 5676 initio

789 5691 1030 5760 prtvsulis
1056 5690 1351 5744 Athanasii.

351 5778 554 5839 interea
589 5785 895 5842 Alexandro
918 5786 1150 5841 mirabili
1178 5799 1330 5854 sene,
1360 5783 1452 5855 qui
1494 5783 1602 5840 Arii
1629 5794 1869 5855 prostra-

281 5882 431 5938 verat
474 5874 852 5942 blasubemias,
882 5876 1155 5944 defuncto,
1209 5886 1332 5949 post
1370 5891 1584 5946 menses
1629 5877 1870 5949 quinque

1965 3289 2136 3348 perat,
2170 3287 2439 3348 quatenus
2483 3278 2681 3347 templa
2708 3279 2970 3335 aediﬁcata
2997 3279 3394 3336 dedicarentur.
3427 3281 3572 3338 Misit

1964 3369 2147 3438 itaque
2187 3369 2390 3440 pariter
2419 3369 2648 3428 devotos
2673 3370 2820 3428 viros
2847 3370 2978 3443 [ed.,
3009 3369 3133 3425 Niv.
3181 3381 3232 3426 et
3261 3370 3450 3441 Frob.,
3478 3372 3569 3442 ju-

1963 3458 2162 3530 dicum]
2208 3461 2410 3532 pietate
2450 3476 2514 3515 ac
2553 3460 2657 3516 ﬁde
2679 3461 3029 3529 clarissimos,
3059 3463 3240 3517 omnia
3270 3463 3574 3531 largissime

1964 3552 2195 3622 expendi
2223 3553 2563 3626 praecipiens,
2596 3571 2701 3610 non
2730 3555 2904 3608 solum
2935 3553 3278 3624 pontiﬁcibus
3298 3569 3362 3612 ac
3389 3571 3574 3612 sacer-

1963 3643 2198 3706 dotibus,
2232 3646 2326 3698 scd
2355 3646 2520 3700 etiam
2573 3646 2858 3715 egentibtns
2900 3648 3187 3712 universis,
3218 3650 3312 3720 qui
3333 3649 3574 3719 undique

1965 3740 2376 3796 concurrebant.
2415 3739 2582 3798 Porro
2605 3739 2780 3802 fuerat
2806 3751 3132 3798 exornatum
3153 3743 3318 3802 etiam
3347 3755 3571 3798 sacrum

1968 3836 2142 3894 altare
2182 3835 2359 3908 palliis
2386 3835 2656 3904 regalibus
2697 3845 2860 3904 atque
2890 3835 3053 3900 vasis,
3077 3850 3210 3890 auro
3235 3843 3292 3890 et
3315 3835 3572 3905 pretiosis

1966 3927 2230 4000 lapidibus
2270 3927 2603 3986 decoratum.
2635 3925 3053 3991 Tusononsws,
3101 3925 3190 3980 lib.
3222 3942 3258 3991 ι,
3305 3940 3424 3998 cap.
3479 3927 3566 3995 50,

1967 4017 2203 4091 ρα9.64.

2583 4147 2818 4204 CAPUT
2859 4147 2944 4203 Vl.

1971 4238 2239 4319 Quomodo
2271 4244 2337 4319 sit
2378 4242 2567 4319 Arius“
2584 4242 2648 4295 ab
2695 4244 2877 4319 exsilio
2926 4251 3223 4319 revocatus,
3264 4253 3328 4319 “et
3363 4248 3570 4319 qualem

2042 4311 2270 4366 libellum
2299 4313 2497 4367 dederit
2527 4311 2866 4368 Constantino
2889 4355 2905 4381 ,
2934 4324 2984 4367 et
3024 4315 3089 4368 de
3115 4311 3388 4386 fraudibus
3417 4315 3572 4372 Aria-

2041 4398 2244 4438 norum.

2041 4474 2341 4548 imperator
2362 4477 2569 4533 interea
2604 4477 2790 4536 Arium
2814 4477 2884 4536 de
2910 4479 3102 4540 exsilio
3129 4483 3426 4550 revocavit,
3454 4486 3572 4552 jus»-

1925 4569 2147 4643 ;sitque
2177 4576 2236 4624 ut
2263 4568 2409 4640 quod
2437 4569 2504 4626 de
2545 4569 2658 4632 Deo
2705 4571 2972 4638 crederet,
3003 4573 3270 4643 scriptura
3317 4584 3574 4632 currente

1894 4621 1948 4684 D

1975 4660 2262 4734 proferret.
2292 4660 2442 4716 Tunc
2470 4661 2560 4718 ille
2608 4664 2902 4720 novitatem
2933 4665 3211 4724 nominum
3237 4681 3402 4736 quam
3427 4668 3574 4738 prius

1975 4755 2326 4810 adinvenerat
2378 4753 2683 4825 declinans,
2737 4757 2897 4814 aliam
2951 4759 3387 4830 explanationem
3437 4775 3571 4816 con-

1977 4848 2174 4916 texuit,
2201 4846 2532 4918 sitnplicibus
2553 4849 2730 4912 verbis
2757 4864 2880 4905 eam
2905 4859 2959 4906 et
2981 4850 3162 4910 divina
3186 4851 3418 4908 lectione
3437 4865 3574 4906 conc

1976 4941 2214 5005 ﬁrmans,
2239 4939 2612 5010 jusjurandum
2639 4957 2856 5012 quoque
2881 4944 3107 5014 praebuit
3136 4942 3210 5004 ita
3237 4957 3301 5000 se
3322 4940 3571 5006 credere.

1973 5045 2030 5100 et
2060 5038 2175 5109 haec
2201 5037 2364 5094 etiam
2411 5046 2594 5093 mente
2622 5052 2832 5108 sapere,
2885 5039 3124 5107 nihilque
3169 5036 3326 5094 aliter
3369 5035 3573 5092 intelli-

1975 5142 2120 5199 gere.
2153 5128 2354 5184 Textus
2381 5129 2523 5184 enim
2554 5129 2670 5199 ejus
2691 5132 3043 5202 expositionis
3065 5127 3372 5199 hujusmodi
3397 5137 3498 5186 est.

2049 5225 2209 5296 240
2245 5222 2490 5281 Piissimo
2536 5234 2593 5282 et
2638 5227 2751 5284 Deo
2788 5227 3156 5284 amantissimo
3199 5225 3427 5282 Domino
3475 5243 3573 5281 no-

1978 5322 2091 5372 stro
2136 5315 2449 5387 imperatori
2483 5313 2843 5376 Constantino
2882 5317 3043 5376 Arius
3064 5326 3119 5374 et
3153 5315 3384 5374 Emoius
3415 5333 3568 5389 pres-

1976 5413 2172 5486 byteri.

2047 5507 2200 5566 Sicut
2237 5509 2492 5578 praecepit
2538 5505 2650 5561 Deo
2677 5499 2921 5560 amabilis
2965 5501 3136 5570 pietas
3184 5509 3308 5566 tua,
3356 5499 3578 5558 domine

1973 5602 2286 5674 imperator,
2343 5602 2664 5674 exponimus
2719 5603 2964 5652 nostram
3015 5593 3202 5659 ﬁdem,
3255 5606 3311 5650 et
3356 5593 3576 5663 scriptis
3633 5612 3636 5614 ·

1973 5695 2292 5766 proﬁtemur
2310 5710 2494 5752 coram
2525 5693 2638 5748 Deo
2668 5691 2747 5747 sic
2775 5688 3004 5746 credere
3030 5696 3087 5745 et
3113 5704 3234 5754 nos,
3277 5695 3332 5744 et
3379 5699 3574 5744 omne!

1974 5791 2064 5861 qui
2098 5790 2375 5850 nobiscum
2416 5792 2560 5850 sunt,
2591 5783 2749 5842 sicuti
2795 5783 3092 5853 subjectum
3144 5790 3241 5837 est.
3291 5779 3575 5836 Credimus

1975 5881 2029 5936 in
2059 5897 2224 5937 umun
2256 5880 2426 5935 Deum
2459 5875 2672 5933 Patrem
2716 5875 3166 5946 omnipotentem,
3200 5883 3251 5930 et
3283 5873 3574 5930 Dominum
