3998 6344
457 255 562 317 961

456 470 656 525 smcula
683 468 842 526 natus
870 477 973 540 est,
1006 470 1175 525 Deum
1212 468 1475 539 Verbum,
1524 484 1621 541 per
1666 483 1829 538 quem
1875 468 2058 524 omnia

455 563 596 618 facta
625 572 771 632 sunt,
799 578 920 634 quae
946 565 1001 619 in
1033 564 1208 634 caelis,
1254 573 1309 619 et
1335 578 1454 634 qum
1484 564 1539 619 in
1567 571 1733 629 terra,
1764 563 1856 635 qui
1883 564 2053 632 venit,

456 663 513 710 et
540 671 757 713 carnem
786 658 1094 728 assumpsit,
1137 666 1191 713 et
1212 672 1402 729 passus
1430 668 1534 725 est,
1580 666 1637 714 ct
1657 658 1972 724 resurrexit,
2002 665 2057 712 et

455 750 697 806 ascendit
733 751 789 807 in
835 752 1024 821 cmlos,
1080 760 1135 807 et
1182 752 1378 808 iterum
1407 760 1665 809 venturus
1694 763 1779 809 est
1812 753 2056 823 judicare

453 843 607 899 vivos
633 852 690 901 et
715 853 992 913 mortuos;
1026 852 1080 901 et
1116 846 1171 901 in
1200 846 1458 917 Spiritum
1497 856 1765 915 sanctum,
1796 856 1851 903 et
1876 850 2055 905 carnis

453 940 927 1006 resurrectionem,
962 949 1015 995 et
1042 941 1208 996 vitam
1236 940 1400 998 futuri
1426 944 1630 1013 saeculi,
1662 952 1717 999 et
1742 944 1794 999 in
1825 958 2054 1012 regnum

454 1031 737 1098 malorum,
770 1042 826 1089 et
849 1035 902 1088 in
930 1050 1093 1089 unam
1123 1043 1363 1091 sanctam
1391 1036 1711 1094 catholicam
1745 1038 1838 1093 Dei
1868 1036 2056 1094 Eccle-

455 1122 613 1193 siam,
645 1140 765 1194 qua:
794 1141 825 1180 a
853 1125 1047 1182 ﬁnibus
1076 1142 1246 1198 usque
1272 1127 1338 1183 ad
1369 1126 1503 1185 ﬁnes
1546 1137 1646 1185 est.
1679 1129 1829 1187 Hauc
1873 1138 2053 1186 autem

456 1214 618 1271 ﬁdem
647 1220 989 1288 percepimus
1018 1234 1088 1274 ex
1116 1221 1316 1277 sanctis
1339 1220 1661 1292 Evangeliis,
1694 1222 1910 1279 dicente
1943 1224 2048 1279 Do-

458 1310 607 1365 mino
654 1310 932 1383 discipulis
981 1313 1125 1369 suis:
1182 1312 1375 1369 Euntes
1420 1315 1595 1370 docete
1630 1331 1806 1370 omnes
1855 1328 2051 1389 gentes,

459 1399 779 1471 baptizantes
801 1421 887 1459 eos
913 1406 969 1459 in
1001 1407 1207 1461 nomine
1236 1405 1433 1473 Patris,
1476 1417 1525 1461 et
1550 1406 1702 1477 Filii,
1745 1418 1796 1461 et
1824 1408 2054 1481 Spiritus

456 1494 623 1546 sancti
648 1493 862 1562 (Matth.
896 1512 1059 1552 xxvm
1080 1537 1095 1562 ,
1124 1494 1231 1568 19).
1261 1495 1319 1551 Si
1348 1508 1527 1553 autem
1557 1514 1665 1554 non
1695 1500 1812 1555 haec
1837 1500 1909 1555 ita
1939 1516 2049 1557 cre-

455 1582 630 1640 dimus
659 1593 821 1654 atque
852 1587 1194 1657 suscipimus,
1225 1603 1352 1643 vere
1399 1587 1634 1656 Patrem,
1665 1598 1720 1645 et
1752 1589 1967 1659 Filium,
2001 1598 2055 1645 et

454 1674 715 1743 Spiritum
763 1687 1027 1744 sanctum,
1077 1681 1218 1735 sicut
1246 1680 1421 1736 omnis
1472 1682 1740 1738 catholica
1789 1682 2049 1747 Ecclesia,

1688 258 1759 315 Μ.
1798 252 2078 315 AURELII
2116 245 2523 315 CASSIODORI

457 373 640 432 Jcsum
662 374 936 433 Christum
986 375 1179 432 Filium
1227 374 1364 446 ejus,
1396 375 1489 446 qui
1531 389 1601 431 ex
1626 390 1694 432 eo
1725 382 1853 431 ante
1882 375 2066 431 omnia
2091 377 2149 439 Λ

3662 248 3784 302 9'52

2777 372 3008 431 CAPUT
3044 372 3160 431 VII.

2161 466 2405 539 Epistola
2433 469 2759 524 eonstantini
2786 471 3048 524 evocantis
3077 468 3368 539 episcopos,
3395 474 3455 521 ut
3477 464 3779 523 Athanasii

2611 557 2796 596 causas
2824 542 2935 611 ipse
2961 548 3312 611 cognosceret.

2227 654 2394 727 Igitur
2420 657 2715 727 imperator
2762 658 2969 714 directa
3014 673 3167 713 sacra
3196 656 3427 730 epistola
3467 654 3777 713 concilium

2157 751 2420 817 evocavit,
2455 758 2517 805 ut
2555 751 2607 805 in
2636 752 2717 805 sui
2762 752 3047 822 praesentia
3098 750 3380 805 Athanasii
3424 749 3780 805 examinaret

2155 858 2395 909 causam,
2420 843 2574 913 cujus
2605 843 2766 898 verba
2798 843 3081 898 sunthaec.

2227 936 2416 994 Victor
2451 935 2837 993 Constantinus
2887 936 3008 1008 pius
3051 935 3320 1007 episcopis
3367 934 3427 990 in
3470 932 3773 1006 Tyriorum

2155 1028 2292 1086 urbe
2320 1031 2582 1087 collectis.

2226 1120 2343 1192 Ego
2370 1123 2586 1193 quidem
2627 1122 2819 1193 ignoro
2861 1137 2982 1193 quae
3008 1130 3188 1179 vestro
3215 1122 3451 1179 concilio
3480 1119 3775 1177 turbulen—

2154 1220 2242 1269 ter
2269 1222 2431 1284 atque
2459 1230 2580 1269 cum
2602 1223 2926 1286 tempestate
2941 1216 3158 1271 decreta
3183 1222 3326 1270 sunt.
3356 1214 3602 1286 Apparet
3619 1215 3772 1270 enim

2156 1308 2410 1377 quoniam
2431 1307 2660 1377 quadam
2687 1308 3020 1363 tumultuosa
3042 1306 3541 1377 indisciplihatione
3563 1306 3772 1362 veritas

2157 1410 2239 1456 est
2268 1416 2560 1471 oppressa;
2589 1402 2738 1457 vobis
2767 1402 2967 1473 quippe
2994 1416 3103 1455 non
3133 1399 3609 1455 considerantibus
3646 1412 3772 1467 qua

2156 1494 2269 1549 Deo
2298 1494 2530 1564 placent,
2564 1502 2786 1564 prepter
2809 1495 2985 1565 jurgia
3007 1510 3126 1563 qua:
3148 1501 3336 1548 contra
3363 1493 3651 1562 proximos
3684 1506 3773 1545 ve-

2157 1593 2298 1641 stros
2328 1586 2556 1654 habetis,
2608 1594 2665 1641 et
2691 1594 2816 1641 vota
2848 1594 3027 1641 vestra
3078 1585 3442 1641 inevincibilia
3472 1600 3596 1639 esse
3636 1598 3771 1639 con-

2158 1679 2396 1734 tenditis.
2429 1679 2536 1735 Sed
2566 1680 2670 1734 erit
2697 1696 2832 1750 opus
2860 1679 3054 1735 divina:
3085 1679 3468 1744 Providenlim,
3496 1687 3769 1748 quatenus

453 1773 509 1821 et
538 1778 739 1824 sanctae
762 1772 991 1827 edocent
1019 1772 1329 1844 Scriptum,
1365 1790 1500 1844 quas
1528 1791 1625 1846 per
1664 1777 1844 1831 omnia
1871 1777 2055 1847 sequi-
2087 1782 2136 1844 Β
2162 1787 2218 1829 et
2246 1773 2359 1828 bmc
2388 1774 2665 1828 contentio
2694 1782 2880 1843 aperte
2907 1773 3245 1842 deprehensa
3277 1773 3452 1842 possit
3491 1771 3763 1838 evacuari,

451 1874 595 1925 mur,
616 1860 785 1929 judex
812 1874 999 1919 noster
1017 1866 1120 1919 erit
1149 1866 1289 1922 Deus
1328 1875 1384 1922 et
1412 1884 1554 1924 nunc
1574 1869 1703 1923 etin
1732 1869 1912 1925 futuro
1941 1870 2047 1927 die.

452 1951 796 2023 Quapropter
841 1962 987 2011 tuam
1036 1958 1292 2026 pietatem
1344 1974 1616 2029 rogamus,
1672 1960 1784 2017 Deo
1811 1962 2056 2018 amabilis

451 2045 770 2115 imperator,
802 2059 861 2104 ut
909 2049 1034 2104 dum
1062 2051 1415 2109 ecclesiastici
1462 2071 1669 2123 sumus,
1726 2064 1781 2110 et
1812 2055 1969 2110 Iidem
2002 2064 2057 2111 et

451 2152 669 2193 sensum
712 2141 965 2197 Ecclesiae
1004 2152 1421 2215 sanctarumque
1449 2145 1851 2217 Scripturarum
1882 2149 2049 2203 habe-

450 2244 591 2297 mus,
622 2233 762 2286 uniri
792 2249 891 2289 nos
917 2250 1015 2304 per
1042 2235 1319 2303 paciﬁcum
1356 2247 1412 2292 et
1444 2239 1535 2293 Dei
1568 2240 1846 2295 cultricem
1882 2242 2055 2309 pieta-

451 2328 563 2375 tem
596 2330 743 2377 tuam
766 2326 925 2379 matri
959 2336 1156 2381 nostra:
1181 2328 1433 2384 Ecclesiae
1456 2331 1710 2398 jubeatis,
1744 2335 2056 2401 quaestioni-

451 2412 554 2469 bus
584 2415 768 2485 utique
795 2425 852 2471 et
879 2417 1339 2488 superﬁuitatibus
1370 2422 1771 2492 inquisitionum
1794 2426 2051 2495 sublatis;

452 2514 515 2561 ut
543 2516 741 2574 etnos,
772 2516 826 2564 et
864 2520 1052 2566 sancta
1080 2510 1319 2568 Ecclesia
1369 2512 1440 2567 ad
1490 2515 1718 2571 invicem
1767 2518 2052 2587 pacilicati,

451 2598 724 2657 solemnes
749 2604 1023 2659 orationes
1050 2621 1151 2671 pro
1201 2604 1425 2676 paciﬁeo
1473 2608 1671 2680 pioque
1718 2610 1965 2681 imperio,
2000 2621 2056 2669 et

452 2691 601 2746 omni
633 2700 725 2749 tuo
753 2708 951 2763 genere
981 2712 1171 2752 omnes
1209 2700 1572 2756 communiter
1601 2702 1960 2760 celebremus.

436 2844 437 2847 η
524 2782 676 2840 lianc
703 2786 826 2841 fidei
856 2789 1248 2857 expositionem
1277 2792 1365 2845 alii
1394 2793 1613 2862 quidem
1642 2794 1891 2850 dicebant
1923 2798 2055 2853 arti-

452 2876 639 2933 ticiose
683 2881 1068 2950 compositam;
1120 2890 1182 2937 ut
1233 2883 1507 2940 videretur
1554 2885 1805 2957 princeps
1852 2889 2056 2959 placari

450 2970 813 3036 sermonibus,
846 2979 902 3025 et
930 2972 1003 3027 ita
1033 2972 1147 3029 Arii
1177 2974 1516 3046 dogmatibus
1542 2978 1906 3051 circumferri;
1930 2999 2058 3055 qua-

451 3066 611 3116 tenus
666 3078 763 3134 per
813 3066 1212 3134 expositionem
1264 3070 1313 3125 ei
1338 3069 1529 3127 fiducia
1590 3075 1944 3144 praeberetur,
2000 3090 2056 3135 et

2161 1874 2323 1936 atque
2350 1866 2507 1921 nobis
2526 1866 2703 1935 palam
2723 1866 2857 1931 fieri,
2885 1865 2928 1919 si
2954 1866 3081 1934 quid
3104 1866 3214 1921 illic
3234 1865 3627 1921 convenientes
3649 1865 3763 1919 sive

2159 1956 2399 2027 qualibet
2444 1958 2639 2026 gratia,
2690 1966 2784 2012 aut
2836 1958 3240 2013 inimicitiarum
3288 1970 3475 2015 causa
3504 1959 3765 2028 gessistis.

2159 2047 2499 2119 QuaprOpter
2552 2066 2676 2105 cum
2723 2052 2872 2105 omni
2921 2051 3269 2107 festinatione
3320 2067 3420 2107 vos
3470 2067 3664 2107 omnes
3701 2050 3765 2107 ad

2157 2162 2335 2202 meam
2364 2148 2723 2202 reverentiam
2750 2148 2876 2202 volo
2904 2162 3249 2213 concurrere,
3279 2157 3554 2217 quatenus
3579 2156 3765 2216 gesto-

2156 2255 2276 2294 rum
2300 2240 2440 2311 apud
2464 2256 2555 2295 vos
2578 2241 2941 2308 integritatem
2958 2255 3055 2310 per
3078 2240 3323 2310 vosipsos
3338 2240 3561 2310 possitis
3579 2248 3766 2294 osten-

2158 2332 2309 2387 dere.
2341 2333 2540 2387 Verum
2586 2347 2692 2402 qua
2722 2333 2895 2401 gratia
2928 2333 3040 2387 haec
3091 2332 3397 2401 scripserim
3438 2332 3616 2394 vobis,
3644 2346 3771 2385 vos-

2158 2442 2264 2496 que
2286 2425 2356 2480 ad
2383 2442 2469 2482 me
2498 2427 2689 2481 litteris
2731 2427 3091 2492 evocaverim,
3125 2440 3223 2495 per
3248 2439 3314 2479 ea
3366 2439 3481 2495 quae
3516 2439 3775 2493 sequun-

2159 2526 2249 2573 tur
2277 2517 2602 2580 agnoscelis.
2637 2515 2888 2586 Pergenti
2912 2518 3022 2586 jam
3052 2516 3185 2571 mihi
3213 2516 3283 2570 ad
3302 2514 3627 2583 cognominis
3650 2530 3769 2570 no—

2158 2610 2257 2667 stri
2278 2610 2599 2666 felicissima:
2621 2611 2805 2665 oatrize
2821 2610 3114 2674 civitatem,
3147 2608 3273 2664 dum
3302 2621 3470 2664 essem
3488 2621 3769 2662 conscen-

2159 2720 2317 2760 surus
2346 2705 2400 2759 in
2452 2719 2670 2773 equum,
2731 2714 2956 2773 repente
3009 2702 3336 2757 Athanasius
3388 2700 3684 2772 episcopus
3716 2701 3771 2757 iu

2159 2800 2334 2856 media
2363 2801 2541 2871 platea
2571 2815 2694 2855 cum
2721 2799 3038 2869 quibusdam
3062 2796 3432 2854 sacerdotibus
3459 2812 3599 2867 quos
3628 2798 3773 2851 circa

2161 2913 2221 2953 se
2254 2898 2505 2964 habebat,
2535 2897 2613 2954 sic
2644 2898 2919 2969 inopinate
2949 2913 3050 2953 nos
3078 2896 3228 2962 adiit,
3273 2903 3334 2950 ut
3362 2894 3519 2950 nobis
3550 2894 3774 2948 daretur

2160 2990 2339 3046 subito
2370 3006 2531 3046 causa
2567 2990 2845 3060 cujusdam
2875 2989 3196 3045 formidinis.
3243 2986 3419 3043 Testis
3448 2987 3601 3042 enim
3636 2986 3771 3040 mihi

2162 3082 2436 3155 inspector
2464 3083 2707 3138 omnium
2746 3083 2887 3138 Deus
2910 3091 3011 3149 est,
3055 3081 3309 3153 quoniam
3354 3096 3537 3150 neque
3567 3094 3774 3148 cogno-

450 3157 740 3221 utrumque
767 3152 994 3210 haberet
1021 3157 1375 3217 intellectum.
1404 3163 1708 3221 Arbitratus
1738 3176 1917 3223 autem
1948 3170 2053 3224 im-
2082 3169 2127 3232 C
2159 3152 2313 3231 scere
2334 3190 2456 3230 eum
2488 3176 2608 3246 quis
2635 3182 2777 3230 esset
2805 3176 2977 3246 prima
3001 3152 3178 3231 fronte
3204 3174 3486 3246 praevalui.
3517 3174 3625 3229 nisi
3652 3173 3776 3242 qui-

450 3252 673 3334 perator
699 3246 887 3301 Arium
918 3256 973 3303 et
1000 3248 1259 3308 Euzoium
1287 3255 1480 3311 similia
1502 3258 1729 3316 credere
1756 3260 1840 3317 his
1879 3265 1969 3334 qui
1997 3265 2049 3320 in

449 3332 628 3392 Nicaea
652 3352 1036 3410 convenerant,
1065 3346 1223 3401 valde
1250 3349 1462 3417 gavisus
1490 3362 1591 3408 est.
1623 3352 1741 3408 Non
1772 3332 1951 3411 tamen
1981 3357 2055 3413 si-

450 3427 621 3483 bimet
644 3435 909 3501 persuasit
934 3446 991 3489 ut
1012 3452 1106 3494 eos
1128 3440 1181 3494 in
1202 3438 1457 3498 Ecclesia:
1479 3448 1915 3503 communionem
1934 3466 2053 3507 sus-

451 3519 661 3590 ciperet
684 3533 809 3579 ante
830 3526 1093 3595 judicium
1114 3539 1275 3602 atque
1298 3536 1671 3603 probationem
1695 3555 2052 3610 congruarum

449 3626 804 3683 personarum
834 3620 1127 3676 secundum
1158 3622 1415 3682 Ecclesiae
1444 3629 1651 3699 legem;
1693 3633 1788 3688 sed
1817 3636 2053 3693 destina-

448 3704 527 3760 vit
556 3721 650 3763 eos
678 3708 746 3764 ad
775 3711 1061 3784 episcopos
1085 3722 1214 3772 tunc
1241 3716 1629 3793 Hierosolymis
1654 3736 2010 3797 congregatos
2034 3750 2050 3797 ί

446 3803 690 3860 scribens
714 3813 774 3860 ut
802 3805 961 3862 ﬁdem
984 3825 1173 3866 eorum
1199 3815 1554 3884 expositionis
1582 3820 1973 3888 examinarent,
1998 3831 2053 3879 et

447 3894 773 3954 clementem
817 3916 983 3972 super
1010 3906 1088 3959 eis
1128 3904 1388 3963 deberent
1415 3910 1657 3981 proferre
1686 3917 2049 3985 sententiam;

448 3987 563 4042 sive
590 3997 737 4045 recte
765 3990 1051 4049 credentes
1092 3994 1303 4052 invidiae
1327 4001 1497 4068 gratia
1525 4012 1707 4057 essent
1736 4004 2053 4073 injustitiam

445 4079 611 4149 passi,
643 4096 741 4136 seu
767 4082 894 4138 dum
930 4100 1037 4141 non
1060 4085 1329 4146 haberent
1356 4092 1497 4147 unde
1520 4092 1729 4162 judices
1768 4112 1895 4153 suos
1940 4100 2054 4155 cul-

441 4186 577 4243 pare
606 4181 876 4244 peterent,
904 4194 1002 4248 per
1028 4182 1403 4249 prcnitentiam
1436 4197 1837 4245 revocarentur.
1882 4189 2053 4249 Porro

444 4272 659 4334 sumpta
687 4270 991 4336 occasione,
1040 4270 1305 4337 fautore'
1323 4275 1436 4330 Arii
1467 4294 1563 4347 per
1584 4281 1781 4351 scripta
1812 4282 2051 4353 impera-

441 4356 578 4412 toris
600 4373 697 4415 eos
727 4361 782 4416 in
811 4365 1248 4422 communionem
1293 4380 1667 4441 susceperunt.
1700 4370 1766 4427 Et
1797 4390 1917 4428 cum
1949 4375 2053 4432 hoc

441 4448 713 4521 fecissent,
747 4454 847 4525 ipsi
897 4457 1209 4529 imperatori
1250 4464 1665 4533 rescripseram,
1698 4473 1754 4520 et
1799 4465 2054 4524 Ecclesiae

2156 3267 2281 3321 dam
2304 3274 2631 3333 nostrorum,
2662 3275 2718 3322 et
2745 3268 2866 3336 quis
2892 3276 3034 3322 esset
3062 3274 3118 3322 ct
3146 3282 3309 3337 quam
3336 3265 3658 3337 pertulisset
3686 3267 3777 3321 in-

2152 3359 2416 3430 justitiam
2441 3369 2567 3416 tunc
2596 3369 2888 3417 narrasset.
2916 3360 2985 3416 Et
3012 3374 3113 3430 ego
3152 3360 3372 3432 quidem
3415 3374 3601 3430 neque
3628 3375 3771 3415 con-

2154 3452 2424 3510 fabulatus
2454 3469 2577 3509 cum
2605 3469 2672 3510 eo
2692 3470 2812 3509 sum
2833 3454 2926 3509 illo
2951 3462 3216 3525 tempore,
3242 3469 3344 3509 nec
3363 3453 3611 3523 qualibet
3632 3452 3777 3507 locu-

2156 3548 2305 3602 tione
2333 3547 2707 3619 participatus.
2737 3547 2983 3620 Dumque
3012 3548 3102 3603 ille
3131 3563 3193 3604 se
3221 3546 3396 3602 audiri
3420 3547 3778 3617 deposceret,

2154 3654 2257 3709 ego
2286 3656 2415 3697 vero
2444 3641 2737 3696 refutarem
2768 3649 2821 3696 et
2843 3657 2983 3712 pene
3008 3642 3200 3713 repelli
3231 3656 3355 3697 eum
3386 3640 3775 3710 praeciperem,

2155 3747 2279 3788 cum
2308 3732 2500 3802 majori
2531 3732 2724 3788 ﬁducia
2752 3734 2887 3788 nihil
2915 3733 3061 3789 aliud
3084 3749 3115 3788 a
3145 3733 3300 3789 nobis
3328 3746 3495 3801 quam
3523 3739 3778 3787 vestrum

2125 3839 2129 3843 ·
2154 3825 2449 3896 postulavit
2477 3825 2796 3893 adventum;
2831 3835 2889 3881 ut
2912 3827 3068 3883 vobis
3107 3826 3466 3898 praesentibus
3494 3840 3618 3895 quae
3647 3842 3780 3896 pas-

2155 3932 2247 3972 sus
2276 3926 2357 3971 est
2385 3919 2691 3973 necessario
2725 3925 2909 3989 posset
2955 3918 3067 3975 suis
3104 3918 3395 3987 gemitibus
3448 3920 3780 3989 esplanare.

2157 4011 2315 4069 Unde
2344 4015 2469 4084 quia
2517 4015 2646 4070 mihi
2696 4015 3293 4083 rationabilevvidetur,
3348 4023 3403 4071 et
3431 4015 3780 4085 temporibus

2157 4116 2545 4177 opportunum,
2589 4108 2749 4164 scribi
2778 4108 2933 4164 vobis
2976 4108 3234 4165 libentius
3261 4108 3379 4164 haec
3427 4108 3691 4179 przecepi,
3725 4119 3780 4162 ut

2156 4214 2344 4254 omnes
2373 4202 2679 4270 quicunque
2705 4201 2848 4271 apud
2878 4200 3079 4274 Tyrum
3109 4200 3399 4257 concilium
3424 4201 3779 4266 celebrastis,

2156 4290 2527 4347 indesinenter
2597 4293 2667 4348 ad
2716 4293 3026 4364 expeditum
3084 4302 3284 4349 nostras
3335 4294 3778 4350 mansuetudinis

2156 4399 2480 4441 concurrere
2510 4386 2809 4443 festinetis:
2852 4389 2981 4459 ipsis
3015 4390 3271 4460 operibus
3299 4390 3576 4445 ostensuri
3618 4391 3776 4460 puri-

2157 4482 2323 4530 tatem
2345 4485 2400 4531 et
2428 4478 2805 4533 rectitudiuem
2826 4479 2996 4535 vestri
3015 4479 3202 4549 judicii
3228 4496 3412 4535 coram
3455 4496 3545 4536 me
3575 4481 3774 4536 videli-

439 4539 841 4644 _Alexam"i_nwi
874 4557 927 4644 (ξι
956 4549 1010 4604 ίη
1030 4549 1352 4644 ᾼᾹῧξζῐριιπητ
1400 4563 1455 4610 ει
1483 4555 1834 4626 Thebaidam.
1867 4568 1920 4616 et
1962 4560 2052 4616 Li-
2082 4572 2130 4631 D
2156 4577 2263 4633 cet,
2289 4585 2449 4639 quem
2480 4570 2577 4627 Dei
2619 4573 2923 4628 ministrum
2954 4539 3232 4643 proprium
3260 4589 3363 4629 nec
3382 4589 3483 4631 vos
3526 4575 3774 4644 abnega-

442 4632 625 4705 byam,
658 4635 926 4710 episcopis
951 4642 1216 4700 universis
1238 4654 1293 4701 et
1323 4640 1534 4704 clericis
1583 4651 1956 4721 praecipientes
1986 4662 2046 4710 ut

437 4746 536 4788 eos
565 4733 818 4791 alacriter
847 4740 1201 4826 susciperent,
1228 4743 1555 4815 imperatore
1580 4755 1816 4805 testante
1839 4759 2044 4807 rectam

441 4839 635 4881 eorum
690 4843 811 4884 esse
863 4830 1041 4900 fidem,
1093 4850 1256 4905 quam
1301 4837 1465 4891 etiam
1520 4840 1752 4908 proprim
1801 4843 2043 4912 epistolae

436 4918 807 4988 subjecerunt.
840 4922 966 4980 Haec
995 4926 1211 4996 quidem
1251 4927 1305 4984 in
1335 4929 1724 5003 Hierosolymis
1765 4943 1915 5001 gesta
1946 4952 2046 4991 no-

435 5023 678 5069 scuntur.
710 5015 1003 5085 Somnum,
1063 5020 1216 5079 lib."
1297 5040 1343 5079 c.
1375 5022 1463 5078 26.
1516 5024 1659 5080 Edit.
1703 5025 1893 5082 Christ.
1935 5028 2043 5085 Va-

438 5104 531 5160 les.
563 5124 610 5163 c.
642 5107 731 5176 27,
765 5128 819 5183 p.
849 5111 973 5167 484.

509 5196 837 5261 Athanasius
863 5215 1048 5262 autem
1091 5204 1301 5277 fugiens
1329 5198 1397 5265 de
1438 5208 1601 5283 Tyro,
1653 5210 2036 5271 Constantino-

436 5293 605 5365 polim
632 5297 799 5365 venit,
832 5308 888 5354 et
912 5314 1031 5369 quce
1055 5315 1245 5371 passus
1270 5309 1353 5357 est
1380 5302 1526 5359 adito
1557 5304 1885 5376 imperatore
1914 5323 2039 5362 nar-

439 5384 611 5441 ravit:
646 5395 839 5457 petens
880 5398 941 5444 ut
969 5405 1088 5461 quae
1126 5392 1180 5448 in
1212 5391 1355 5465 Tyro
1374 5393 1586 5450 fuerant
1613 5408 1787 5467 gesta,
1833 5402 2041 5455 exami-

435 5487 698 5535 narentur
745 5482 844 5538 sub
895 5482 1013 5552 ejus
1057 5500 1273 5558 quoque
1328 5491 1635 5559 praesentia.
1685 5490 1855 5549 Porro
1898 5492 2043 5548 Con-

435 5570 706 5626 stantinus
737 5572 1032 5643 imperator
1062 5577 1435 5635 rationabilem
1465 5582 1781 5651 petitionem
1806 5584 1923 5654 ejus
1948 5583 2039 5654 ju-

433 5659 643 5729 dicans,
674 5664 788 5721 hmc
816 5668 1032 5737 scripsit
1070 5669 1337 5741 episcopis
1373 5674 1465 5742 qui
1505 5674 1559 5728 in
1601 5674 1744 5747 Tyro
1771 5690 2044 5733 convene-

434 5766 581 5811 rant.
610 5756 877 5815 Sozousu.
901 5802 917 5829 ,
951 5761 1040 5819 lib.
1072 5778 1129 5834 tt,
1160 5783 1276 5837 cap.
1310 5766 1401 5825 27.
1436 5766 1581 5824 Edit.
1628 5767 1823 5827 Christ.
1863 5768 2041 5828 Vales.

439 5859 558 5915 cap.
595 5846 685 5916 ‘28,
718 5868 771 5919 p.
804 5852 929 5909 486.

2154 4662 2258 4716 tis:
2292 4662 2548 4731 quoniam
2580 4672 2636 4718 et
2673 4664 2973 4734 imperator
3013 4664 3259 4719 minister
3297 4680 3413 4719 sum
3446 4665 3565 4720 Dei.
3600 4664 3772 4734 Igitur

2151 4754 2350 4823 ubique
2373 4752 2685 4824 paciﬁcatur
2705 4755 2797 4811 Dei
2844 4772 3061 4821 nomen,
3097 4765 3150 4810 et
3174 4757 3383 4825 integre
3411 4757 3769 4812 benedicitur

2151 4863 2251 4918 per
2278 4862 2454 4902 meam
2484 4848 2536 4902 in
2568 4848 2679 4903 Deo
2708 4848 2974 4903 culturam
3001 4848 3164 4904 etiam
3196 4848 3338 4919 apud
3376 4849 3525 4918 ipsos
3568 4850 3770 4903 barba-

2151 4956 2243 4997 ros
2268 4942 2360 5011 qui
2385 4943 2669 4999 veritatem
2696 4944 2958 4998 hactenus
2988 4943 3582 5012 ignorabantﬁertum
3612 4960 3767 4998 nam-

2148 5049 2256 5105 que
2286 5042 2369 5090 est
2409 5037 2533 5105 quia
2588 5037 2678 5107 qui
2729 5039 3012 5093 veritatem
3065 5038 3297 5107 ignorat,
3354 5053 3533 5106 neque
3594 5039 3763 5095 Deum

2146 5128 2284 5184 scire
2308 5136 2501 5199 potest.
2532 5127 2938 5193 Verumtamen,
2958 5129 3095 5184 sicut
3117 5129 3430 5199 praedictum
3450 5137 3561 5197 est,
3591 5131 3760 5185 etiam

2143 5219 2359 5276 barbari
2387 5235 2483 5291 per
2510 5236 2596 5275 me
2628 5218 2836 5274 ﬁdelem
2868 5220 3170 5274 ministrum
3198 5230 3665 5289 recognoverunt,
3700 5229 3760 5274 et

2146 5313 2430 5369 Dominum
2454 5322 2697 5367 metuere
2725 5312 3047 5378 didicerunt,
3078 5326 3236 5382 quem
3266 5311 3455 5381 utique
3484 5320 3764 5381 protecto-

2145 5421 2263 5460 rem
2309 5420 2488 5460 meum
2529 5404 2725 5473 ubique
2758 5419 2821 5459 ac
2847 5404 3182 5474 provisorem
3216 5388 3344 5472 ipsis
3373 5404 3634 5473 operibus
3675 5411 3763 5458 est

2147 5504 2441 5551 ostensum.
2469 5494 2623 5551 Unde
2650 5495 2915 5565 praecipue
2955 5495 3120 5549 etiam
3147 5495 3319 5550 Deum
3348 5494 3551 5550 sciunt.
3578 5492 3649 5548 Et
3676 5494 3759 5548 illi

2148 5588 2367 5659 quidem
2408 5588 2567 5659 241
2610 5597 2833 5659 propter
2858 5595 3105 5643 nostrum
3151 5587 3402 5644 timorem
3432 5596 3759 5644 reverentur

2146 5681 2335 5735 Deum.
2370 5681 2477 5736 Vos
2500 5689 2703 5747 autem,
2734 5681 2823 5751 qui
2854 5690 3041 5738 sancta
3071 5683 3326 5753 mysteria
3361 5681 3479 5751 ejus
3508 5683 3755 5738 clemen-

2147 5773 2236 5827 tiae
2264 5773 2507 5843 proferre
2547 5774 2773 5841 debetis,
2803 5790 2913 5829 non
2956 5774 3132 5829 dicam
3161 5775 3457 5843 custodire,
3487 5773 3584 5830 sed
3612 5772 3752 5829 nihil

2150 5881 2332 5939 agere,
2362 5868 2467 5927 nisi
2480 5881 2607 5940 quae
2636 5866 2705 5925 ad
2745 5868 3152 5927 contentionem
3193 5875 3494 5926 noscuntur
3528 5876 3584 5925 et
3617 5866 3749 5925 odio
