3998 6344
233 281 344 342 955

1309 275 1630 336 HISTORIA
1665 275 2107 336 TRITARTITA.
2147 277 2353 335 LIBER
2388 278 2477 336 ll].

229 395 526 470 pertinere,
549 402 626 464 et,
647 399 710 452 ut
749 393 992 452 absolute
1018 392 1214 466 dicam,
1241 408 1363 466 quae
1389 394 1458 450 ad
1485 394 1707 450 humani
1731 407 1826 462 ge-
1849 398 1905 458 Α
1928 399 2092 448 ctam.
2123 390 2256 445 Nam
2285 399 2342 446 et
2367 392 2436 446 ad
2477 391 2706 450 concilia
2744 396 3114 467 concurrebat,
3145 397 3514 472 episcopatum

231 489 376 546 neris
409 487 633 560 tendere
659 487 909 545 videntur
931 487 1224 544 interitum.
1255 486 1363 542 Sed
1410 485 1681 553 festinate,
1710 486 1820 543 sic-

234 582 311 636 uti
339 580 472 650 dixi,
515 580 582 635 ad
624 595 726 636 nos
753 580 938 636 venire
994 579 1273 646 continuo,
1303 579 1537 636 scientes
1565 578 1820 650 quoniam

236 673 384 740 omni
410 673 610 730 virtute
633 686 794 742 agere
820 673 1077 737 conabor,
1123 681 1389 742 quatenus
1431 687 1550 744 quae
1598 672 1651 726 in
1703 671 1823 741 lege

233 767 336 824 Dei
352 775 496 833 sunt,
527 783 590 824 ea
617 768 884 840 praecipue
909 769 1025 825 sine
1047 767 1226 838 aliqua
1252 767 1576 824 titubatione
1603 781 1825 823 serven-

235 871 346 920 tur.
375 861 582 930 Quibus
627 863 813 933 utique
851 877 1027 932 neque
1066 862 1410 934 vituperatio,
1460 875 1637 931 neque
1680 858 1824 914 mala

234 957 546 1028 superstitio
573 956 773 1028 poterit
798 956 1080 1028 implicari,
1125 955 1380 1027 dispersis
1404 955 1612 1026 utique,
1640 969 1706 1009 ac
1727 968 1824 1024 pa-

235 1049 346 1104 lam
388 1049 651 1117 contritis,
705 1055 762 1105 et
806 1049 1020 1121 penitus
1048 1049 1420 1106 exterminatis
1447 1047 1823 1105 sacratissima:

200 1205 204 1212 ι
235 1140 371 1210 legis
399 1140 649 1209 inimicis,
677 1139 770 1210 qui
809 1141 908 1196 sub
933 1141 1206 1198 schemate
1233 1141 1407 1198 sancti
1433 1138 1664 1196 nominis
1682 1138 1828 1198 blas-

237 1232 481 1303 phemias
508 1229 686 1287 varias
722 1239 778 1288 et
822 1231 1061 1304 diversas
1087 1232 1348 1303 injiciunt.
1391 1231 1690 1300 Somnus,
1731 1227 1822 1286 lib.

235 1338 291 1392 t,
316 1340 362 1377 c.
392 1321 481 1378 22.
510 1321 658 1378 Edit.
689 1321 882 1380 Christ.
921 1323 1098 1379 Vales.
1130 1340 1177 1379 c.
1203 1322 1294 1380 54.

822 1459 1055 1517 CAPUT
1089 1441 1226 1516 'vm.

237 1552 392 1620 Quod
425 1553 682 1610 uenientes
715 1554 939 1626 episcopi
989 1555 1115 1608 Aria
1137 1555 1384 1678 [aventes
1409 1551 1698 1607 Athanasio
1735 1549 1828 1608 de-

451 1625 728 1678 traxerint.
756 1625 831 1678 ita
858 1633 915 1678 ut
937 1626 995 1678 in
1023 1625 1136 1678 ezsi
1157 1627 1267 1678 ium
1293 1625 1584 1678 mitteretur

451 1625 831 1690 traxerint,ita
858 1633 915 1679 ut
937 1626 995 1680 in
1023 1625 1267 1680 exsilium
1293 1625 1584 1679 mitteretur

307 1739 402 1794 H:e
429 1738 690 1809 siquidem
731 1738 925 1794 litterae
964 1737 1032 1794 ad
1059 1738 1432 1794 aestuationem
1461 1737 1830 1808 perduxerunt

233 1847 333 1888 eos
359 1830 450 1900 qui
471 1829 684 1887 fuerant
712 1831 764 1885 in
783 1829 991 1902 synodo
1012 1831 1342 1900 congregati,
1367 1830 1621 1899 quoniam
1650 1830 1830 1899 plures

197 1922 452 1994 quidem
505 1921 571 1976 ad
618 1921 866 1993 pr0prias
910 1922 1185 1977 redierant
1231 1921 1496 1976 civitates.
1553 1919 1654 1987 Qui
1699 1935 1830 1975 vero

231 2016 379 2070 circa
401 2013 711 2080 Eusebium,
738 2021 795 2068 et
821 2012 1210 2081 Theogonium,
1242 2020 1297 2067 et
1325 2011 1514 2076 Marin,
1549 2010 1831 2081 Patrophi-

231 2107 366 2174 lum,
399 2116 455 2162 et
483 2105 782 2168 Ursacium,
813 2113 870 2160 et
895 2104 1176 2160 Valentem
1203 2113 1378 2170 erant,
1421 2102 1489 2158 ad
1513 2102 1828 2158 Constanti-
1905 2133 1908 2136 ~

231 2200 602 2272 nepolitanam
629 2200 908 2255 venientes
946 2199 1157 2264 urbem,
1191 2212 1528 2268 nequaquam
1559 2197 1627 2253 de
1658 2197 1829 2252 calice

231 2291 430 2355 fracto,
486 2298 580 2345 aut
615 2290 771 2345 altari
817 2290 1096 2353 subverso,
1139 2297 1232 2344 aut
1269 2289 1494 2344 Arsenio
1524 2295 1828 2360 perempto,

231 2382 382 2454 quod
437 2383 490 2436 in
540 2382 746 2454 synodo
794 2383 1282 2449 concinnaverant,
1325 2382 1679 2452 qumstionem
1708 2379 1827 2435 ﬁeri

231 2475 625 2548 permiserunt;
655 2475 746 2530 sed
775 2475 933 2530 aliam
973 2476 1228 2530 invenere
1255 2475 1678 2541 detractionem,
1706 2488 1833 2545 sug-

233 2575 488 2638 gerentes
514 2566 847 2638 imperatori,
877 2567 1133 2638 quoniam
1164 2568 1487 2623 Athanasius
1516 2567 1832 2622 intermina-

234 2669 385 2716 retur
405 2675 512 2715 non
541 2674 600 2716 se
619 2660 907 2715 missurum
933 2660 1000 2714 ab
1027 2659 1350 2715 Alexandria
1385 2659 1652 2714 frumenta
1683 2666 1711 2695 ι
1739 2672 1828 2714 so-

235 2752 491 2808 lemniter
508 2750 575 2805 ad
603 2750 1257 2820 Constantinopolitanam
1285 2751 1492 2805 urbem.
1524 2749 1594 2804 Et
1630 2749 1748 2804 haec
1773 2763 1835 2804 se

237 2843 457 2898 audisse
483 2843 754 2908 dicebant,
789 2841 1083 2899 Athanasio
1131 2842 1348 2898 dicente
1385 2841 1454 2897 ad
1497 2841 1832 2907 Amantium,

238 2933 604 2998 Anubionem,
654 2932 1043 2989 Arbathionem
1065 2971 1082 2996 ,
1138 2939 1194 2988 et
1238 2931 1480 2998 Petrum,
1529 2931 1832 3004 episcopos.

239 3025 470 3080 Multum
497 3025 682 3096 itaque
708 3024 986 3093 derogatio
1010 3024 1268 3096 praevalet
1298 3025 1514 3094 quando
1551 3024 1838 3093 derogator

241 3114 482 3168 creditur
535 3112 640 3170 ﬁde
684 3113 897 3182 dignus.
936 3113 1050 3170 Hac
1096 3115 1444 3186 subreptione
1487 3115 1556 3170 ad
1599 3115 1836 3171 furorem

241 3201 542 3274 perductus
605 3204 924 3275 imperator,
977 3205 1330 3262 Athanasium
1385 3197 1644 3276 relegavit
1695 3207 1834 3262 exsi-

242 3295 360 3361 lio,
413 3304 468 3351 et
520 3296 768 3352 habitare
819 3311 945 3352 eum
1005 3299 1263 3368 praecepit
1312 3297 1366 3352 in
1415 3297 1618 3354 Galliis.
1675 3298 1842 3355 Aiunt

211 3387 392 3442 .enim
445 3388 662 3458 quidam
710 3389 815 3446 hoc
869 3389 1250 3461 imperatorem
1289 3398 1577 3462 propterea
1625 3389 1838 3460 fecisse,

240 3487 310 3535 ut
345 3480 625 3536 unirentur
670 3479 924 3537 Ecclesia:
964 3499 978 3536 :
1013 3482 1270 3552 quoniam
1317 3481 1644 3538 Athanasius
1692 3495 1843 3538 com-

241 3570 527 3628 municare
571 3572 784 3628 Arianis
821 3572 1078 3629 evitabat.
1117 3572 1190 3628 Et
1225 3573 1318 3629 ille
1358 3573 1578 3643 quidem
1614 3573 1844 3644 degebat

239 3665 303 3720 in
359 3662 580 3720 Treveri
630 3664 944 3722 Galliarum.
994 3665 1274 3723 Socures
1293 3707 1310 3735 ,
1367 3665 1458 3722 tib.
1516 3683 1536 3723 ι
1557 3707 1575 3736 ,
1605 3683 1721 3738 cap.
1772 3665 1844 3723 25

241 3753 394 3812 Edit.
435 3755 632 3812 Christ.

321 3847 426 3906 Sed
457 3865 617 3907 nemo
646 3851 871 3910 miretur
906 3855 952 3910 si
995 3860 1178 3911 tantus
1201 3854 1286 3911 vir
1310 3855 1566 3927 deceptus
1588 3856 1842 3926 excessit,

242 3941 627 4000 sacerdotibus
650 3942 784 4000 falsa
810 3945 1188 4018 loquentibus;
1217 3962 1343 4004 cum
1372 3947 1583 4004 divinus
1628 3963 1846 4020 quoque

241 4032 420 4088 David
462 4034 744 4104 propheta,
783 4051 892 4094 non
939 4053 973 4094 a
1012 4038 1289 4110 pontiﬁce,
1332 4040 1427 4096 sed
1454 4055 1486 4095 a
1512 4055 1670 4097 servo
1715 4040 1844 4096 Siba

245 4132 442 4181 contra
467 4125 832 4198 Miphiboseth
859 4132 1139 4187 mendacia
1167 4133 1446 4202 loquente,
1469 4131 1727 4205 deceptus
1751 4133 1840 4190 sit.

211 4279 216 4282 _
245 4216 664 4286 Tusonouuros,
695 4219 786 4275 lib.
815 4237 856 4292 ι,
887 4238 1004 4292 cap.
1049 4222 1137 4290 55,
1168 4241 1220 4293 p.
1253 4221 1344 4278 66.

873 4353 1104 4411 CAPUT
1138 4352 1232 4410 IX.

253 4441 526 4510 Quomodo
563 4442 848 4520 Marcellus
904 4448 1210 4520 Ancyranus
1239 4449 1502 4520 depositus
1556 4447 1656 4514 Sit,
1689 4453 1740 4503 et
1781 4446 1846 4504 de

805 4519 1008 4574 Asteria
1026 4519 1287 4592 sophista.

1906 483 1980 564 .in
2009 482 2186 552 aliqua
2214 483 2429 538 civitate
2475 498 2741 554 quaerens.
2789 486 2898 543 Sed
2947 491 3250 549 sacerdotio
3297 493 3515 564 quidem

1924 575 2208 632 frustratus
2235 582 2339 642 est,
2369 590 2436 630 eo
2475 577 2622 647 quod
2667 583 3061 649 persecutionis
3085 593 3329 656 tempore
3355 586 3517 642 sacri-

1901 665 2114 726 .ﬁcasse
2140 667 2482 738 probaretur.
2505 668 2748 738 Cumque
2767 671 3081 730 circumiret
3123 676 3291 748 Syria:
3333 677 3518 733 civita-

1923 757 2206 824 tes,libros
2229 772 2366 828 quos
2395 767 2682 813 consuerat
2711 762 3047 819 ostendebat.
3065 764 3191 821 Haec
3217 780 3518 836 agnoscens

1923 848 2226 915 Marcellus,
2278 856 2468 905 contra
2517 865 2637 905 eum
2687 853 2924 909 scribere
2952 855 3157 924 volens,
3210 874 3517 914 mensuram

1925 941 2327 998 contrarietatis
2374 942 2624 997 excessit.
2673 940 2874 999 Purum
2921 961 3156 1017 namque
3201 950 3518 1018 hominem,

1924 1035 2062 1090 sicut
2087 1033 2473 1090 Samosatenus
2517 1034 2733 1103 Paulus,
2767 1040 3106 1108 praesumpsit
3131 1039 3310 1096 dicere
3333 1041 3520 1098 Domi-

1903 1143 2054 1206 .num
2077 1127 2370 1184 Christum.
2402 1127 2530 1185 Haec
2566 1141 2920 1198 agnoscentes
2949 1130 3196 1208 qui'tunc
3221 1131 3523 1205 Hierosoly-

1926 1221 2028 1278 mis
2055 1229 2438 1288 convenerant,
2472 1221 2537 1277 de
2560 1222 2774 1280 Asterio
2797 1223 3018 1294 quidem
3055 1225 3258 1281 nullum
3287 1225 3524 1283 habuere

1927 1329 2256 1380 sermonem,
2283 1312 2538 1384 quoniam
2577 1328 2754 1384 neque
2801 1324 2920 1370 erat
2951 1299 3018 1371 in
3059 1316 3248 1372 ordine
3274 1316 3524 1373 sacerdo-

1927 1411 2072 1470 tum;
2126 1404 2435 1460 Marcellum
2457 1420 2588 1461 vero
2637 1416 2888 1478 tanquam
2934 1409 3238 1464 sacerdotio
3285 1409 3525 1466 functum

1927 1496 2191 1553 rationem
2242 1496 2518 1564 exigentes
2561 1496 2682 1552 libri
2725 1497 2827 1564 sui,
2860 1513 3093 1568 eumque
3132 1501 3526 1570 comperientes

1927 1587 2270 1644 Samosateni
2297 1588 2546 1658 dogmate
2576 1589 2921 1657 maculatum,
2947 1590 3224 1660 jusserunt
3251 1602 3310 1646 ut
3348 1607 3380 1646 a
3423 1591 3520 1648 tali

1927 1689 2075 1738 secta
2101 1681 2400 1737 recederet.
2434 1681 2534 1750 Qui
2559 1683 2937 1753 reprehensus,
2971 1684 3164 1740 librum
3190 1699 3250 1739 se
3277 1685 3528 1754 promisit

1861 1782 1907 1843 Β
1935 1789 2184 1830 exurere.
2235 1772 2475 1843 Cumque
2518 1775 2622 1830 hoc
2668 1776 2902 1830 studium
2930 1774 3116 1832 fuisset
3144 1775 3283 1850 [ed.,
3315 1774 3439 1831 Niv.
3471 1784 3524 1833 et

1932 1864 2124 1934 Frob.,
2163 1863 2540 1936 deferbuisset]
2589 1866 2884 1935 lentatum,
2933 1869 3308 1938 episcoporum
3359 1869 3528 1925 colle-

1932 1961 2100 2030 gium,
2133 1969 2396 2016 evocante
2439 1961 2789 2032 imperatore,
2818 1961 2964 2016 venit
2993 1962 3074 2020 ad,
3108 1961 3310 2031 regiam
3337 1963 3529 2018 civita-

1905 2037 2552 2124 Item,pr.1csentibusque
2599 2052 2826 2109 Eusebio
2856 2061 2910 2109 et
2950 2054 3042 2124 qui
3091 2070 3214 2110 cum
3262 2070 3328 2110 eo
3377 2059 3530 2110 erant

1933 2146 2222 2217 episcopis,
2239 2147 2289 2199 in
2314 2146 2444 2201 urbe
2465 2143 3064 2216 Constantinopolitana
3085 2162 3268 2204 rursus
3293 2146 3531 2202 studium

1935 2237 2004 2292 de
2030 2236 2284 2294 Marcello
2327 2235 2507 2293 ﬁebat.
2543 2237 2611 2291 Et
2649 2237 2773 2290 dum
2803 2236 3109 2302 Marcellus,
3155 2238 3295 2292 sicut
3323 2237 3531 2308 promi-

1934 2339 2097 2398 serat,
2123 2331 2366 2387 illicitam
2395 2330 2850 2400 conscriptionem
2876 2329 3045 2385 nollet
3073 2329 3385 2396 incendere,
3407 2344 3530 2384 eum

1933 2421 2003 2478 de
2026 2423 2342 2494 episcopatu
2367 2421 2752 2492 deposuerunt.
2785 2420 2844 2476 ln
2874 2419 3029 2490 cujus
3055 2419 3236 2476 locum
3277 2420 3532 2476 Basilium

1933 2513 1989 2569 in
2017 2514 2284 2586 Ancyram
2330 2511 2667 2568 direxerunt.
2700 2511 2807 2569 Sed
2855 2512 2996 2568 hanc
3041 2511 3260 2583 quidem
3299 2511 3534 2568 conscri-

1935 2609 2177 2680 ptionem
2214 2605 2481 2662 Eusebius
2526 2606 2697 2661 tribus
2741 2603 3010 2660 destruxit
3049 2603 3230 2670 libris,
3275 2604 3535 2675 supersti-

1936 2698 2140 2753 tionem
2168 2696 2284 2766 ejus
2314 2696 2470 2751 valde
2496 2695 2844 2764 redarguens.
2877 2694 3074 2750 Postea
3094 2710 3225 2750 vero
3250 2694 3535 2751 Marcellus

1937 2791 1993 2846 in
2029 2789 2334 2846 Sardicensi
2379 2787 2610 2845 concilio
2658 2788 2868 2858 recepit
2907 2786 3302 2858 episcopatum,
3349 2786 3535 2843 dicens

1938 2897 2049 2939 non
2098 2881 2428 2937 intellectum
2469 2896 2624 2937 suum
2677 2880 2867 2936 librum
2893 2921 2909 2948 ,
2940 2887 2996 2936 et
3039 2886 3328 2951 propterea
3378 2880 3534 2952 quasi

1940 2971 2256 3028 Paulianum
2305 2971 2470 3029 fuisse
2516 2971 2841 3044 depositum.
2884 2969 3186 3042 Securus,
3213 2969 3306 3028 lib.
3349 2988 3388 3039 ι,
3416 2988 3532 3043 cap.

1939 3064 2032 3120 24.
2056 3063 2205 3120 Edit.
2237 3062 2433 3121 Christ.

1867 3169 1916 3232 (ἶ
2573 3176 2806 3234 CAPUT
2845 3176 2912 3232 X.

1948 3269 2218 3336 Quomodo
2243 3271 2427 3337 Arius,
2465 3270 2587 3326 dum
2624 3269 2794 3325 studet
2823 3269 2887 3323 ab
2917 3269 3216 3326 Alexandro
3242 3269 3539 3326 Constanti-

2033 3343 2277 3413 nOpoleos
2299 3343 2354 3397 in
2374 3342 2784 3397 communionem
2805 3341 3018 3412 suscipi,
3042 3343 3324 3396 exstinctus
3353 3343 3441 3396 sit.

2015 3433 2181 3504 Igitur
2207 3435 2335 3490 dum
2364 3445 2487 3505 post
2505 3433 2790 3490 concilium
2814 3431 3360 3508 Hierosolymitanum
3382 3432 3543 3492 Arius

1929 3528 2182 3586 venisset
2209 3529 2263 3584 in
2291 3527 2608 3599 Egyptum,
2632 3526 2993 3583 Alexandrina
3021 3525 3259 3584 Ecclesia
3289 3525 3405 3598 ejus
3423 3525 3542 3583 evi-

1947 3627 2096 3678 tante
2118 3621 2570 3690 communionem,
2599 3638 2786 3678 rursus
2809 3623 2960 3679 venit
2985 3621 3052 3677 ad
3080 3619 3542 3694 Constantinopo-

1947 3713 2169 3770 litanam
2210 3716 2418 3782 urbem,
2469 3715 2913 3772 concurrentibus
2937 3715 3048 3772 illic
3075 3714 3541 3773 consectatoribus

1947 3805 2085 3878 ejus,
2101 3814 2157 3863 et
2183 3807 2557 3864 obedientibus
2583 3807 2816 3864 Eusebio
2843 3807 3240 3864 Nicomediensi
3261 3807 3537 3878 episcopo,

1948 3903 2006 3953 et
2049 3898 2336 3953 concilium
2381 3897 2659 3953 celebrare
2687 3897 3010 3952 volentibus.
3054 3895 3258 3952 Horum
3303 3895 3540 3954 studium

1947 3988 2186 4045 sentiens
2229 3988 2538 4044 Alexander
2580 3995 2710 4045 tunc
2752 3985 3382 4058 Constantinopolitanus
3425 3986 3540 4057 epi-

1945 4100 2163 4157 scopus,
2195 4086 2343 4140 nisus
2370 4091 2454 4139 est
2473 4082 2684 4138 solvere
2711 4082 2818 4136 tale
2839 4095 3124 4137 conamen.
3154 4063 3398 4150 Dumque
3436 4079 3542 4135 hoc

1945 4193 2056 4232 non
2084 4175 2339 4232 valuisset
2363 4175 2610 4246 implere,
2638 4181 2824 4246 aperte
2852 4171 2964 4230 Arii
2993 4174 3196 4230 nisibus
3221 4173 3538 4228 interdixit:

1943 4283 2056 4323 non
2081 4268 2241 4324 licere
2266 4280 2391 4323 eum
2418 4265 2841 4335 ecclesiasticum
2870 4281 2992 4321 esse
3014 4265 3222 4335 dicens,
3264 4280 3365 4322 nec
3392 4265 3541 4320 inlir—

1944 4283 2056 4323 non
2081 4275 2241 4324 licere
2266 4280 2391 4323 eum
2418 4275 2646 4322 ecclesia
2703 4275 2841 4322 'cum
2870 4281 2992 4321 esse
3014 4275 3222 4335 dicens,
3264 4280 3365 4322 nec
3392 4275 3541 4320 inur-

1944 4358 2198 4414 mandam
2233 4358 2562 4414 sententiam
2589 4275 2966 4430 epﬁoporum
3006 4372 3146 4429 pene
3190 4357 3356 4414 totius
3384 4365 3542 4414 terra

1933 4452 2128 4511 "secum
2156 4451 2589 4509 convenientium
2632 4452 2685 4506 in
2712 4450 2927 4506 Nicena
2951 4450 3102 4507 urbe.
3152 4447 3414 4506 Eusebius
3440 4466 3541 4507 au-

1867 4575 1922 4636 Β
1945 4557 2056 4604 tem
2085 4553 2141 4602 et
2165 4545 2255 4614 qui
2285 4543 2426 4600 circa
2455 4536 2579 4598 eum
2620 4549 2794 4605 erant,
2826 4542 2952 4596 dum
2982 4541 3157 4613 primo
3200 4543 3542 4600 sermonibus

325 4631 493 4704 Igitur
511 4633 748 4705 episcopi
771 4633 825 4688 in
851 4632 1446 4706 Constantinopolitana
1467 4635 1598 4692 urbe
1623 4649 1845 4706 congre-
1868 4631 1907 4636 ⁷
1945 4638 2160 4695 ﬂectere
2188 4635 2557 4706 nequivissent
2575 4632 2961 4700 Alexandrum,
2984 4641 3171 4704 postea
3193 4649 3314 4689 cum
3335 4642 3544 4690 terrore

252 4724 406 4796 gati,
454 4723 764 4780 Marcellum
811 4724 1035 4797 Ancyrae
1073 4723 1295 4780 Galatiae
1338 4726 1702 4797 deposuerunt
1745 4741 1842 4797 pro

251 4815 563 4883 hujusmodi
610 4830 794 4871 causa.
846 4816 1089 4871 Asterius
1147 4816 1361 4886 quidam
1403 4817 1456 4872 in
1503 4815 1842 4888 Cappadocia

253 4921 516 4961 exercens
547 4915 718 4962 artem
768 4908 1136 4978 sophisticam,
1167 4923 1286 4962 eam
1333 4910 1656 4979 relinquens,
1687 4909 1842 4964 Chri-

249 5001 579 5056 stianitatem
609 5009 669 5057 Se
697 5003 1046 5074 promittebat
1074 5003 1373 5072 asciscere;
1421 5005 1752 5074 tentavitque
1781 5003 1845 5058 li-

251 5092 382 5148 bros
410 5093 771 5160 conscribere,
801 5094 889 5163 qui
914 5093 1153 5149 teruntur
1181 5095 1461 5164 hactenus,
1493 5103 1546 5150 et
1582 5112 1681 5166 per
1707 5110 1845 5165 quos

256 5181 369 5236 Arii
397 5183 589 5252 dogma
618 5184 885 5238 ﬁrmatum
912 5193 1014 5240 est.
1047 5185 1266 5241 Dicebat
1295 5187 1437 5241 enim
1469 5186 1739 5241 Christum
1765 5186 1844 5244 sic

253 5288 374 5328 esse
389 5273 652 5329 Virtutem
682 5275 800 5342 Dei,
833 5275 988 5332 sicuti
1019 5276 1221 5331 dictum
1270 5286 1356 5334 est
1382 5277 1526 5348 apud
1572 5277 1793 5348 Moysen
1826 5296 1838 5331 :

252 5364 538 5422 Locustam
566 5375 622 5423 et
663 5382 882 5438 campas
907 5367 1161 5423 virtutem
1191 5367 1322 5436 Dei;
1355 5378 1411 5424 et
1448 5369 1530 5424 his
1558 5369 1728 5424 multa
1770 5369 1845 5424 si-

249 5458 420 5513 milia.
449 5457 817 5514 Conveniebat
841 5468 1019 5514 autem
1041 5460 1086 5514 is
1115 5459 1355 5515 Asterius
1375 5459 1684 5530 frequenter
1703 5460 1844 5532 apud

249 5553 533 5623 episcopos
553 5551 643 5623 qui
666 5550 924 5607 Arianam
964 5551 1232 5623 przecipue
1278 5565 1388 5606 non
1430 5551 1707 5607 evitabant
1750 5567 1842 5608 se-

321 5773 343 5801 α
371 5760 707 5818 Constantini
735 5757 961 5816 senioris
979 5755 1296 5814 liberalitate
1318 5749 1835 5820 Constantinopolim

250 5834 604 5892 mittebantur
649 5848 717 5889 ex
759 5829 1081 5887 Alexandria
1125 5826 1294 5883 ferme
1344 5823 1620 5893 octoginta
1665 5821 1832 5877 millia

1945 4732 2288 4787 minabantur
2342 4746 2354 4781 :
2403 4727 2532 4798 quia
2579 4727 2681 4781 nisi
2709 4725 3005 4796 susciperet
3042 4725 3249 4792 Arium,
3280 4732 3428 4780 certa
3455 4723 3544 4780 die

1943 4825 2060 4895 ipse
2101 4821 2316 4894 quidem
2366 4819 2744 4891 deportaretur
2790 4819 3012 4887 exsilio;
3065 4819 3228 4874 Arius
3271 4827 3451 4873 autem
3485 4817 3541 4872 in

1944 4912 2379 4970 communionem
2431 4911 2797 4980 susciperetur
2851 4910 3245 4965 universorum.
3301 4907 3369 4962 Et
3416 4913 3543 4977 post

1947 5006 2062 5060 ιιωο
2090 5005 2157 5059 ab
2183 5003 2455 5059 alterutris
2483 5007 2842 5058 recesserunt.
2889 4999 2969 5055 llli
2998 4997 3214 5069 quidem
3263 4996 3540 5052 deﬁnitam

1949 5096 2091 5151 dicm
2118 5100 2515 5164 exspectantes,
2537 5099 2595 5146 ut
2619 5106 2748 5147 suas
2766 5091 2939 5145 minas
2968 5089 3282 5159 implerent;
3309 5084 3542 5158 Alexan-

1948 5189 2045 5244 der
2091 5196 2272 5243 autem
2320 5187 2511 5242 orabat
2557 5201 2627 5242 ne
2651 5185 2737 5240 -ad
2783 5182 3081 5255 perfectum
3109 5182 3276 5237 verba
3322 5179 3541 5236 Eusebii

1946 5278 2309 5351 pervenirent.
2343 5276 2502 5349 242
2545 5275 2775 5331 Maxime
2821 5281 3000 5330 autem
3026 5273 3078 5328 ei
3124 5281 3302 5328 terror
3327 5273 3540 5341 ingere-

1946 5372 2128 5435 batur,
2157 5383 2224 5424 eo
2252 5367 2397 5437 quod
2425 5367 2740 5438 imperatori
2769 5364 2879 5434 jam
2905 5379 3046 5434 pene
3072 5371 3354 5420 suaserant
3377 5371 3436 5417 ut
3463 5362 3542 5418 fa-

1946 5469 2095 5517 ceret
2121 5458 2265 5531 quod
2293 5457 2394 5529 ipsi
2421 5458 2691 5514 volebant.
2732 5453 2873 5510 Ante
2915 5469 3080 5509 unum
3109 5469 3242 5509 vero
3272 5453 3539 5510 constitu-

1946 5559 2060 5608 tum
2084 5551 2228 5608 diem
2273 5557 2622 5622 prosternens
2664 5545 3015 5618 semetipsum
3054 5546 3154 5603 sub
3195 5547 3373 5617 altari,
3423 5553 3540 5604 tota

1943 5749 2246 5821 modiorum
2279 5747 2529 5821 frumenti
2559 5755 2782 5821 propter
2813 5761 3098 5821 pauperes.
3131 5746 3316 5820 anue
3342 5758 3431 5804 res
3456 5745 3538 5803 vi.

1942 5819 2099 5876 detur
2119 5822 2374 5891 episcopo
2401 5817 2577 5876 fuisse
2591 5817 2898 5877 commissa.
