4006 6456
1708 301 1778 359 Il.
1821 296 2099 357 AURELII
2135 291 2542 356 CASSIODOR!

3697 304 3811 368 θω

486 428 648 482 nocte
666 420 833 492 iacvit
866 435 1071 494 pronus
1102 439 1120 477 :
1148 435 1345 493 rogans
1373 419 1544 478 Deum
1571 429 1632 479 ut
1660 421 1944 494 impediret
1964 425 2078 473 ter-
2105 417 2154 480 Α
2186 411 2443 484 Phryges,
2471 418 2529 467 et
2557 409 2982 483 Valentinianus,
3014 422 3071 472 et
3115 414 3516 490 Marcionistas,
3560 428 3620 478 et
3649 420 3794 483 Pau-

486 516 688 572 minum
716 516 1056 573 inimicorum
1085 515 1220 587 ejus.
1247 515 1523 574 Somnum.
1548 560 1564 585 ,
1596 518 1689 574 lib.
1720 534 1778 584 tt,
1821 535 1938 591 cap.
1987 519 2077 576 28.

480 604 628 662 Edit.
662 606 855 664 Christ.
898 607 1072 664 Vales.
1108 626 1222 662 can.
1249 607 1341 674 29,
1366 627 1420 680 p.
1452 608 1580 665 688.

553 697 680 756 Haec
721 701 883 772 igitur
927 699 1235 756 Alexander
1277 718 1480 772 pronus
1527 702 1736 758 orabat.
1783 701 2085 775 imperator

485 803 664 854 autem
700 795 770 852 de
813 793 945 851 Ario
988 796 1224 867 experiri
1253 796 1479 862 volens,
1526 812 1649 852 eum
1699 799 1768 852 ad
1822 800 2082 870 palatium

488 889 756 958 evocavit,
797 898 1290 960 percunctatusque
1321 899 1404 946 est
1431 891 1473 946 si
1505 889 1704 946 Niaeni
1732 891 1949 947 concilii
1988 893 2084 948 de-

480 989 630 1037 creta
655 991 918 1039 servaret.
950 982 1045 1039 llle
1071 999 1202 1040 vero
1233 984 1364 1040 nihil
1392 991 1659 1055 moratus,
1700 993 1926 1056 repente
1955 988 2083 1043 sub-

481 1076 701 1146 scripsit
727 1075 944 1132 decreta
969 1076 1113 1144 iidei,
1141 1093 1240 1149 per
1267 1079 1716 1149 subscriptionem
1749 1062 1865 1136 art'e
1890 1081 2083 1138 callida

483 1167 936 1226 circumveniens.
966 1168 1035 1224 Et
1064 1170 1358 1240 imperator
1378 1171 1594 1242 quidem
1643 1172 1890 1241 miratus,
1922 1174 1972 1229 ei
2004 1175 2086 1230 in-

484 1259 606 1315 tulit
643 1259 1038 1330 jusjurandum.
1081 1261 1183 1329 Qui
1215 1263 1379 1318 etiam
1424 1265 1527 1320 hoc
1559 1264 1926 1321 fraudulenter
1953 1269 2082 1338 egit,

483 1352 882 1424 quodammodo
905 1353 1278 1424 jusjurandum
1309 1365 1425 1412 arte
1476 1355 1757 1414 deludens.
1790 1358 1946 1431 Quod
1995 1376 2086 1416 au-

483 1453 595 1500 tem
623 1445 799 1502 audivi
842 1443 918 1502 de'
948 1449 1051 1503 hac
1098 1449 1502 1505 machinatione
1545 1451 1847 1506 conscribo.
1893 1451 2086 1509 Fertur

483 1539 628 1595 enim
683 1542 1063 1611 conscripsisse
1117 1542 1301 1598 Arium
1353 1552 1555 1598 sectam
1598 1559 1751 1598 suam
1802 1544 1854 1598 in
1897 1546 2086 1602 charta

484 1645 646 1700 quam
675 1633 774 1687 sub
804 1633 888 1687 ala
919 1633 1129 1689 ferebat
1161 1652 1174 1688 :
1209 1636 1349 1690 unde
1379 1651 1507 1692 vere
1533 1651 1592 1692 se
1615 1637 1798 1707 jurare
1834 1639 2082 1704 credidit,

481 1720 666 1780 dicens
695 1725 774 1781 sic
801 1740 861 1781 se
909 1741 1100 1796 sapere
1138 1726 1278 1782 sicut
1304 1729 1627 1799 scripsisset.
1677 1729 1793 1786 lloc
1838 1731 1981 1786 enim
2012 1731 2085 1787 ita

2188 511 2382 578 iianos,
2413 519 2468 566 et
2511 512 2603 582 qui
2655 509 2788 565 alias
2814 510 3050 568 btereses
3091 511 3361 570 colebant.
3406 513 3614 572 Contra
3655 531 3793 591 quos

2185 619 2378 660 omnes
2406 604 2699 675 imperator
2722 605 2896 674 posita
2944 604 3062 674 lege
3102 605 3329 662 sancivit
3370 605 3573 664 auferri
3602 625 3790 672 eorum

2186 696 2424 751 oratoria
2456 703 2512 752 et
2538 694 2782 752 ecclesiis
2810 695 3101 767 applicari;
3151 707 3206 753 et
3234 714 3412 770 neque
3437 700 3496 756 in
3537 699 3790 762 domibus

2188 789 2521 860 privatorum
2561 805 2658 846 eos
2705 791 3152 860 eongregaticn‘es
3196 794 3520 864 patiebatur,
3570 813 3668 854 nec
3691 816 3789 869 pu-

2187 880 2327 936 blice
2353 881 2647 937 celebrare.
2681 880 2869 938 Melius
2890 883 3034 937 enim
3050 882 3327 953 judicabat
3351 887 3404 944 in
3434 888 3670 944 ecclesia
3701 907 3790 946 ca-

2187 974 2385 1030 tholica
2414 975 2941 1042 communicandum,
2966 985 3022 1033 et
3048 976 3103 1031 in
3123 993 3245 1034 eam
3267 983 3475 1038 cunctis
3497 986 3788 1042 convenire

2186 1068 2468 1124 suadebat.
2485 1069 2730 1140 'Propter
2757 1086 2919 1142 quam
2951 1072 3124 1143 legem
3163 1075 3395 1132 arbitror
3423 1078 3648 1135 lizeresis
3677 1098 3786 1138 tne-

2188 1162 2415 1216 moriam
2446 1161 2608 1218 fuisse
2654 1163 3006 1220 destructum.
3037 1165 3171 1222 Nam
3202 1169 3443 1240 priorum
3482 1172 3786 1245 principum

2189 1253 2520 1323 temporibus
2546 1253 2745 1309 Christi
2768 1257 3006 1315 cultores
3030 1257 3154 1316 licet
3183 1269 3456 1318 sectarum
3477 1265 3789 1324 diversitate

2188 1345 2484 1415 ditl‘errent,
2515 1347 2654 1416 apud
2678 1361 2918 1418 paganos
2951 1359 3130 1406 tamen
3151 1351 3446 1410 Christiani
3486 1372 3611 1412 esse
3641 1373 3787 1430 puta.

2188 1438 2403 1504 bantur,
2436 1449 2492 1494 et
2524 1441 2768 1496 similiter
2813 1442 3156 1514 passionibus
3187 1445 3568 1514 subjacebant,
3599 1465 3664 1505 ac
3708 1469 3788 1508 se-

2189 1533 2450 1604 metipsos
2479 1543 2701 1606 propter
2722 1550 3037 1595 communes
3053 1541 3462 1608 persecutiones
3482 1545 3788 1604 examinare

2189 1643 2299 1683 non
2329 1638 2604 1698 poterant,
2635 1639 2691 1684 et
2712 1639 3002 1700 propterea
3029 1631 3190 1688 facile
3217 1634 3359 1689 inter
3382 1651 3442 1692 se
3471 1641 3789 1696 convenien-

2192 1734 2272 1780 tes
2320 1724 2511 1780 missas
2550 1724 2915 1788 celebrabant.
2965 1725 3034 1782 Et
3059 1727 3184 1786 licet
3228 1739 3411 1788 essent
3455 1734 3636 1802 pauci.
3687 1752 3788 1794 non

480 1810 681 1871 Factum
711 1816 937 1873 audiens
979 1833 1078 1888 ego
1116 1822 1444 1892 conscripsi;
1485 1823 1609 1893 quia
1651 1840 1780 1879 vero
1810 1833 1863 1879 et
1903 1824 2072 1896 jusju-

2183 1828 2358 1874 tamcn
2389 1813 2710 1874 videbantur
2737 1830 2856 1872 esse
2897 1815 3071 1876 divisi.
3122 1816 3250 1878 Post
3273 1820 3413 1882 hanc
3443 1837 3585 1880 vero
3615 1824 3783 1895 legem

478 1907 707 1963 randum
754 1911 1012 1984 praebuit,
1072 1928 1141 1968 ex
1194 1915 1436 1984 epistolis
1486 1917 1826 1986 imperatoris
1869 1921 2085 1989 agnovi.

479 1997 716 2058 Credens
746 2004 907 2072 igitur
944 2006 1258 2077 imperator,
1292 2009 1490 2080 suscipi
1539 2026 1663 2066 eum
1712 2013 1779 2067 ab
1828 2014 2088 2085 episcopo

477 2091 1091 2167 Constantinopolitana:
1122 2101 1271 2156 urbis
1320 2102 1626 2160 Alexandro
1656 2105 1711 2159 in
1748 2109 2087 2162 communio-

476 2197 600 2238 nem
627 2189 902 2258 prtecepit.
934 2187 1064 2246 Erat
1088 2193 1232 2247 enim
1257 2201 1384 2248 tunc
1415 2196 1714 2254 sabbatum.
1750 2197 1816 2251 Et
1838 2200 2085 2268 sequenti

476 2275 567 2332 die
629 2293 725 2335 eos
784 2284 1186 2340 communicare
1231 2288 1584 2362 exspectabat
1628 2290 1938 2356 alterutris;
1991 2291 2087 2346 sed

476 2372 925 2442 prmsumptlones
949 2372 1060 2428 Arii
1078 2376 1280 2444 judicia
1305 2379 1397 2433 Dei
1427 2388 1612 2434 secuta
1643 2389 1785 2434 sunt.
1802 2380 1935 2435 Nam
1958 2383 2082 2439 dmn

476 2472 727 2528 egressus
751 2479 818 2519 ex
848 2466 1110 2538 imperiali
1141 2469 1327 2530 fuisset
1359 2473 1509 2540 auia,
1539 2474 1812 2544 obsequiis
1836 2475 2084 2531 honora-

475 2549 638 2607 batur
664 2555 958 2613 satellitum
987 2560 1224 2630 Eusebii,
1257 2574 1311 2618 et
1339 2580 1436 2636 per
1465 2565 1696 2619 mediam
1730 2575 1856 2624 tunc
1892 2567 2081 2622 civita-

475 2651 587 2700 tem
632 2649 948 2720 perspicuus
997 2655 1310 2726 apparebat.
1361 2657 1604 2730 Cumque
1652 2659 1885 2715 venisset
1925 2661 2080 2731 juxta

473 2735 652 2794 locum
681 2743 765 2797 cui
797 2755 880 2800 est
907 2749 1233 2804 vocabulum
1261 2749 1601 2807 Constantini
1630 2750 1827 2824 forum,
1857 2754 1947 2809 ubi
1987 2771 2083 2811 co-

472 2829 654 2888 lumna
681 2838 1062 2912 porphyretica
1106 2843 1370 2899 collocata
1400 2853 1509 2913 est,
1543 2853 1720 2902 terror
1747 2863 1870 2902 eum
1897 2849 2080 2906 subito

471 2937 542 2978 ex
568 2925 801 2994 quodam
849 2932 1193 2996 conscientia:
1239 2946 1450 2992 secreto
1482 2939 1823 3006 constrinxit,
1872 2947 2078 2996 etcum

2194 1921 2368 1975 neque
2395 1905 2610 1976 publice
2639 1907 2693 1960 in
2723 1906 2976 1968 ecclesias
3004 1917 3257 1978 poterant
3281 1917 3600 1978 convenire,
3627 1931 3787 1984 neque

2192 2002 2441 2063 latenter,
2463 2003 2591 2058 dum
2613 2002 2854 2073 episcopi
2876 2004 3154 2066 civitatum
3166 2014 3224 2060 et
3235 2005 3422 2069 clerici
3442 2007 3786 2066 observantes

2191 2095 2319 2156 talia
2359 2094 2730 2165 prohiberent.
2763 2094 2898 2156 llinc
2942 2109 3073 2165 ergo
3123 2097 3340 2168 plurimi
3388 2110 3697 2160 metuentes
3723 2103 3784 2158 ad

2190 2187 2486 2246 Ecclesiam
2515 2203 2575 2246 se
2599 2190 2923 2248 catholicam
2963 2193 3326 2250 contulerunt.
3361 2193 3466 2250 Alii
3491 2210 3624 2252 vero
3650 2212 3781 2251 mar.-

2188 2288 2374 2334 serunt
2414 2280 2466 2336 in
2498 2295 2594 2336 sua
2619 2281 2906 2346 sententia,
2948 2297 3058 2340 non
3099 2291 3280 2344 tamen
3307 2300 3654 2343 successores
3680 2287 3783 2344 ba;—

2187 2371 2323 2426 resis
2365 2371 2719 2442 reliquerunt.
2771 2372 3066 2438 δοιωιεκ..
3098 2373 3190 2432 ιιι.
3229 2391 3287 2442 tt,
3337 2393 3455 2452 cap.
3503 2377 3599 2435 δυ.
3641 2377 3782 2435 Edit.

2188 2461 2381 2526 Christ.
2421 2463 2594 2524 Vales.
2629 2481 2745 2536 cap.
2774 2464 2861 2531 52,
2891 2484 2945 2536 ρ.
2977 2465 3100 2522 492.

2795 2599 3026 2656 CAPUT
3061 2601 3178 2658 XII.

2187 2688 2463 2769 Quomodo
2504 2700 2554 2745 et
2715 2692 2998 2769 imperator
3025 2692 3400 2769 Constantinus
3449 2699 3783 2769 imperatam

2254 2773 2356 2906 trra
2383 2764 2522 2833 ﬁlios
2569 2764 2848 2836 reliquerit,
2899 2774 2947 2818 et
2974 2777 3214 2836 percepto
3246 2764 3557 2838 baptismate
3596 2775 3665 2827 sit
3695 2775 3780 2827 de-

2279 2846 2483 2892 unctus.

2253 2927 2495 3002 Cumque
2523 2925 2958 2995 religiosissimus
2988 2929 3284 2999 imperator
3319 2932 3504 3001 potius
3533 2932 3782 2991 Christia-

469 3014 753 3077 formidine
783 3033 968 3080 secuta
998 3035 1083 3082 est
1103 3030 1310 3086 ventris
1330 3031 1542 3089 eil'usio.
1575 3032 2072 3108 Percunctatusque

2183 3019 2352 3078 nitate
2375 3018 2654 3089 gauderet.
2689 3019 2873 3078 etveri
2903 3018 3033 3093 [θείη
3064 3021 3213 3096 vere]
3255 3021 3350 3080 Dei
3380 3025 3696 3082 testimonio
3723 3024 3754 3079 ti

468 3113 515 3168 si
543 3128 788 3174 secessus
813 3127 957 3176 esset
983 3121 1036 3175 in
1078 3124 1344 3192 proximo,
1396 3135 1452 3182 et
1472 3141 1775 3196 agnoscens
1803 3145 1922 3186 esse
1953 3139 2072 3201 post

2183 3111 2302 3168 dem
2330 3109 2601 3168 Nicmnam
2630 3111 2877 3168 roborari
2920 3123 3298 3182 cognosceret,
3329 3115 3384 3170 in
3422 3115 3509 3170 bis
3533 3131 3658 3187 qua:
3685 3118 3771 3173 i'ue

467 3202 807 3266 Constantini
837 3209 1031 3282 forum,
1058 3218 1297 3286 perrexit
1319 3219 1463 3276 illuc.
1495 3221 1614 3288 Quo
1643 3222 1807 3292 facto,
1831 3223 2074 3281 defectus
2098 3222 2146 3284 C
2177 3215 2301 3262 tam
2329 3203 2398 3262 de
2416 3203 2546 3262 Ᾱτίο
2574 3213 2724 3273 “es”
2752 3204 3054 3265 Ιωιθδδίίπ·
3087 3205 3190 3275 Qui
3216 3223 3342 3266 cum
3369 3217 3484 3266 "es
3514 3209 3784 3268 ⁵³⁵⁸³⁵⁸³⁸⁸

467 3312 592 3356 eum
633 3304 852 3373 quidam
879 3323 1002 3366 cum
1047 3309 1310 3369 effusione
1355 3315 1634 3394 corripuit,
1687 3327 1739 3380 et
1788 3334 1893 3374 una
1941 3335 2066 3376 cum

466 3396 798 3453 stercoribus
825 3408 1034 3457 meatus
1061 3419 1277 3476 quoque
1319 3410 1602 3482 prolapsus
1632 3419 1733 3468 est.
1765 3411 1916 3480 Tunc
1939 3431 2068 3485 ergo

466 3485 729 3555 concidit,
757 3496 812 3544 et
831 3493 1101 3562 sanguinis
1130 3497 1417 3558 multitudo
1447 3517 1568 3555 cum
1614 3502 1898 3560 subtilibus
1929 3506 2068 3570 inte-

466 3575 624 3631 stinis
652 3579 1044 3652 subsequenter
1081 3586 1322 3657 eliluxit;
1371 3588 1837 3666 decurrebantque
1866 3599 2069 3668 pariter

467 3682 590 3724 cum
621 3673 806 3744 splene
835 3675 999 3734 etiam
1028 3679 1241 3737 interna
1265 3684 1486 3754 jecoris.
1528 3686 1591 3742 Et
1617 3689 1688 3743 ita
1732 3690 1930 3746 factum
1963 3703 2064 3760 est,

465 3767 528 3815 ut
547 3773 770 3833 repente
795 3779 1114 3840 sequeretur
1141 3783 1195 3830 et
1221 3792 1389 3833 mors.
1430 3777 1687 3837 Secessus
1714 3798 1842 3838 vero
1873 3783 1962 3840 ubi
1987 3792 2068 3840 ta-

465 3849 534 3908 lia
564 3862 715 3924 gesta
745 3869 886 3927 sunt,
920 3863 972 3920 in
1008 3863 1603 3939 Constantinopolitana
1635 3873 1768 3930 urbe
1797 3883 2068 3934 monstra-

462 3943 643 4019 batur,
665 3951 818 4012 sicuti
849 3955 977 4026 dixi,
1010 3969 1133 4034 post
1166 3961 1508 4026 Constantini
1550 3966 1724 4022 forum
1755 3977 1919 4040 atque
1947 3985 2064 4026 ma-

462 4039 656 4096 cellum
689 4044 742 4098 in
773 4049 982 4120 porticu
1013 4054 1365 4109 constitutum
1394 4074 1406 4110 :
1443 4073 1740 4132 omnesque
1791 4039 2067 4118 transeun-

461 4137 544 4189 tes
572 4135 739 4208 digito
777 4143 1036 4200 notabant
1081 4146 1290 4219 locum,
1338 4149 1712 4214 detestabilem
1743 4154 1855 4216 Arii
1881 4172 2067 4220 recor-

461 4223 652 4285 dantes
708 4230 1000 4291 interitum.
1053 4237 1351 4310 Socaarss,
1388 4242 1478 4298 lib.
1540 4261 1728 4322 t,_ca,p.
1782 4247 1873 4306 2:3.
1905 4247 2056 4306 Edit.

461 4315 655 4414 Christ.
697 4321 871 4381 Vales.
905 4344 1020 4402 cap.
1047 4329 1134 4398 58,
1166 4351 1220 4414 ρ.
1256 4332 1345 4389 Ι.

535 4407 662 4466 Post
688 4413 905 4488 aliquod
936 4427 1147 4491 tempus
1172 4407 1392 4498 quidam
1420 4426 1690 4486 fautorum
1726 4429 1939 4490 Ariante
1967 4448 2062 4490 ve-

460 4501 625 4592 saniae
670 4505 818 4564 dives
861 4525 924 4566 ac
968 4523 1160 4592 potens
1205 4519 1457 4576 studium-
1494 4522 1680 4579 habuit
1727 4532 1784 4582 ut
1813 4526 2061 4584 eumdem

2176 3299 2335 3362 ﬁlios,
2367 3313 2463 3358 eos
2491 3296 2732 3356 Caesares
2760 3300 3113 3370 nuncupavit,
3130 3309 3186 3356 et
3207 3302 3451 3371 singulos
3476 3317 3669 3358 eorum
3692 3319 3783 3375 per

2172 3391 2408 3450 decenas
2451 3404 2625 3450 annos
2650 3391 2862 3462 imperii
2887 3392 2972 3450 sui
3002 3392 3274 3462 principes
3301 3409 3426 3451 esse
3471 3396 3777 3453 coiistituit.

2170 3485 2230 3544 ιιι
2255 3494 2359 3553 est,
2391 3485 2622 3556 primum
2642 3485 2862 3555 quidem
2892 3485 3057 3544 lilium
3083 3488 3166 3543 sui
3193 3489 3430 3544 nominis
3470 3489 3782 3548 Constanti-

2169 3593 2302 3640 num
2330 3577 2714 3649 Hesperiarum
2741 3580 2980 3650 partium
3001 3581 3055 3636 in
3076 3581 3360 3639 decennali
3398 3600 3503 3641 suo
3532 3586 3666 3642 fecit
3694 3588 3780 3642 ha—

2167 3669 2301 3730 bere
2326 3671 2719 3740 ptincipatum;
2761 3673 3060 3730 secundum
3087 3690 3219 3730 vero
3259 3677 3346 3732 avi
3376 3679 3601 3735 nomine
3640 3679 3782 3736 Con-

2168 3765 2430 3818 stantium
2478 3764 2533 3818 in
2559 3764 2928 3821 vicennalibus
2972 3768 3084 3823 suis
3139 3766 3408 3826 Cursarem
3455 3773 3511 3828 in
3552 3772 3775 3831 Oriente

2169 3855 2773 3924 constituit;juniorem
2797 3872 2929 3914 vero
2967 3857 3318 3916 Constantem
3356 3863 3408 3916 in
3435 3870 3549 3920 suis
3575 3866 3774 3921 tn'cen-

2169 3947 2381 4004 nalibus
2402 3947 2690 4009 ordinavit.
2717 3950 2876 4010 Anno
2903 3967 3036 4009 vero
3063 3961 3188 4023 post
3217 3955 3334 4012 tunc
3364 3964 3658 4026 transuta,
3704 3959 3780 4015 in-

2167 4057 2381 4113 gressus
2408 4044 2806 4114 sexagesimum
2833 4048 3078 4116 quintum
3109 4050 3288 4106 aetatis
3314 4066 3541 4118 annum,
3563 4054 3779 4124 aegritu-

2167 4136 2293 4194 dine
2313 4147 2520 4210 captus,
2552 4154 2617 4196 ex
2669 4139 2803 4196 urbe
2843 4138 3468 4215 Constantinopolitana,
3523 4146 3682 4215 quasi
3714 4147 3779 4202 ad

2165 4228 2363 4286 calidas
2385 4246 2551 4300 aquas
2584 4244 2832 4300 egressus
2879 4242 2982 4290 est.
3013 4235 3313 4304 Secutus,
3345 4238 3438 4294 ιει.
3463 4255 3502 4307 ι,
3530 4255 3649 4311 δερ.
3684 4239 3776 4295 εδ.

2166 4321 2312 4379 Edit.
2343 4323 2534 4380 Christ.
2573 4325 2744 4383 Vales.
2773 4345 2893 4408 cap.
2918 4328 3087 4408 38,11.
3122 4330 3209 4387 74.
3805 4317 3816 4330 ”

2237 4415 2338 4498 Qui
2384 4433 2507 4488 cum
2555 4418 2882 4476 Nicomedi-.13
2921 4423 3162 4492 degeret,
3213 4424 3473 4496 languore
3498 4437 3775 4504 gravatus,

2165 4525 2267 4565 nec
2295 4511 2547 4580 ignorans
2575 4514 2696 4567 vita:
2726 4512 2886 4582 hujus
2915 4515 3202 4582 incertum,
3234 4519 3464 4587 gratiam
3506 4521 3649 4576 sacri
3681 4522 3774 4576 ba-

459 4590 637 4690 locum
661 4612 692 4651 a
720 4601 936 4670 publico
966 4590 1324 4678 compararet.
1360 4610 1425 4668 Et
1455 4613 1739 4676 destrucns
1767 4617 1912 4690 quod
1943 4629 2064 4682 erat

2183 4603 2432 4672 )tismatis
2453 4613 2536 4659 est
2579 4605 2824 4676 adeptus.
2856 4606 3145 4668 Distulerat
3173 4611 3316 4668 enim
3346 4627 3518 4684 usque
3549 4613 3617 4670 ad
3647 4614 3773 4674 illud

461 4685 730 4758 primitus,
761 4690 980 4750 domum
1003 4697 1075 4751 ibi
1097 4700 1400 4772 constituit,
1423 4713 1689 4774 quatenus
1715 4685 1916 4764 oblivio
1939 4711 2066 4767 facti

459 4782 800 4862 procederet,
831 4795 886 4840 et
909 4803 1008 4858 per
1032 4795 1431 4850 successionem
1465 4797 1774 4866 liujusmodi
1803 4805 2065 4859 memoria

457 4870 747 4946 deperiret.
779 4875 946 4946 Fama
986 4887 1166 4939 tamen
1196 4900 1292 4956 per
1319 4898 1568 4946 cunctam
1609 4893 1847 4951 cucurrit
1876 4895 2064 4954 civita-

459 4975 590 5032 tem,
623 4978 678 5026 et
705 4973 821 5028 orbi
847 4982 1112 5038 terrarum
1143 4989 1372 5037 mortem
1406 4983 1518 5040 Arii
1545 4983 1862 5044 declaravit.
1903 4988 2064 5047 Sozo—

456 5074 608 5133 Illam,
641 5064 730 5132 tib.
763 5083 821 5136 tt,
850 5086 967 5150 cap.
993 5069 1081 5128 98.
1106 5071 1253 5130 Edit.
1287 5075 1480 5136 Christ.

1074 5207 1305 5266 CAPUT
1344 5209 1435 5267 XI.

457 5287 610 5356 Quod
631 5294 786 5378 prius.
803 5296 990 5378 Ariani
1019 5315 1133 5354 cum
1163 5304 1469 5378 orthodoxis
1506 5307 1875 5361 conveniebant
1898 5314 2052 5378 atque

529 5368 1012 5450 communicatam,
1058 5384 1107 5450 et
1137 5373 1201 5432 de
1240 5374 1706 5450 legc‘tjonstantini
1753 5395 1854 5450 qua
1892 5368 2054 5448 juésit

529 5436 886 5500 hwreticorum
913 5436 1143 5508 oratoria
1169 5436 1399 5504 ccclésiis
1426 5449 1699 5522 applicari.

530 5542 642 5598 Arii
671 5559 799 5612 vero
819 5544 1035 5616 dosma.
1066 5546 1190 5608 licet
1217 5548 1357 5618 apud
1385 5555 1582 5614 multos
1603 5553 2054 5626 disputationibus

455 5645 826 5713 extolleretur,
875 5649 1112 5706 nondum
1146 5658 1324 5705 tamen
1371 5651 1425 5705 in
1465 5650 1738 5722 prOprium
1771 5647 2051 5703 discerne-

455 5735 616 5794 batur
655 5739 935 5814 p0puium,
978 5743 1148 5798 autin
1193 5743 1407 5800 nomine
1443 5742 1727 5798 constabat
1774 5740 2049 5806 auctoris;

455 5834 550 5880 sed
582 5844 768 5883 omnes
795 5830 952 5883 simul
976 5832 1028 5884 in
1053 5832 1282 5886 ecclesia
1309 5831 1700 5886 conveniebant
1727 5837 1890 5898 atque
1911 5843 2052 5882 cum-

456 5918 838 5990 municabant,
886 5930 1078 5991 praeter
1127 5921 1490 5985 Novatianos,
1541 5931 1596 5977 et
1643 5920 1736 5989 qui
1790 5927 2038 5976 vocantu.

2173 4704 2384 4768 tempus
2409 4697 2533 4770 (An.
2576 4696 2733 4754 Dom.
2769 4698 2920 4782 559),
2953 4701 3007 4766 in
3037 4700 3276 4768 Jordane
3314 4703 3479 4768 ﬂuvio
3507 4707 3612 4764 hoc
3643 4725 3772 4784 pro-

2169 4793 2364 4847 mereri
2387 4793 2718 4852 desiderans.
2747 4795 2916 4854 Porro
2942 4808 3123 4862 autem
3153 4808 3270 4860 tres
3315 4801 3455 4860 lilios
3475 4805 3637 4878 243
3668 4807 3769 4862 im-

2167 4887 2302 4958 perii
2338 4887 2554 4957 reliquit
2600 4887 2859 4955 hmredes,
2912 4898 2968 4948 et
3014 4891 3372 4950 Athanasium
3401 4911 3656 4967 magnum
3680 4915 3765 4956 re-

2166 4979 2303 5034 verti
2328 4983 2584 5052 prmcepit
2611 4981 2667 5036 in
2708 4976 3112 5052 Alexandriam,
3146 4984 3273 5043 licet
3320 4987 3586 5056 Eusebius
3633 5008 3769 5063 brie-

2163 5085 2288 5127 sens
2318 5080 2479 5138 esset,
2510 5080 2565 5126 et
2586 5073 2850 5130 niteretur
2869 5077 3141 5133 contraria
3166 5078 3414 5146 suadere.
3446 5081 3766 5142 Tnsouoas-

2163 5179 2281 5229 ws,
2305 5162 2394 5220 lib.
2428 5178 2464 5229 ι,
2496 5181 2610 5238 cap.
2639 5164 2728 5233 25,
2759 5183 2813 5236 p.
2858 5165 2946 5223 65.

2233 5259 2556 5316 Nicomedia:
2583 5261 2637 5315 in
2679 5261 2989 5318 suburbano
3036 5264 3178 5330 sacri
3223 5265 3565 5339 baptismatis
3612 5269 3760 5325 donis

2163 5350 2402 5416 initiatus
2433 5367 2534 5408 est.
2575 5351 2872 5424 Scaeam,
2903 5355 2993 5412 lib.
3024 5373 3083 5424 tt,
3115 5373 3236 5428 cap.
3258 5358 3350 5416 52.
3400 5359 3543 5420 Εάίι.
3575 5359 3758 5418 Christ.

2171 5443 2342 5501 Vales.
2368 5463 2484 5517 cap.
2511 5446 2599 5514 54,
2630 5465 2684 5518 p.
2715 5446 2839 5503 945.

2229 5537 2307 5596 lta
2337 5538 2480 5596 iacto
2528 5548 2881 5610 testamento,
2912 5540 3084 5608 tribus
3117 5540 3244 5606 [iliis
3285 5543 3590 5613 [heredibus
3628 5561 3757 5604 con-

2158 5633 2380 5699 stitutis,
2411 5641 2494 5688 est
2521 5630 2827 5688 defunctus.
2860 5631 3070 5704 Corpus
3109 5643 3290 5690 autem
3321 5636 3665 5709 imperatoris
3703 5636 3751 5690 in

2157 5748 2326 5800 aureo
2372 5733 2552 5791 loculo
2591 5733 2947 5802 collocatum,
2995 5731 3062 5790 ad
3106 5731 3632 5811 Constantinopolim
3680 5741 3753 5790 cst

2157 5825 2461 5893 devectum,
2487 5833 2538 5881 et
2569 5825 2621 5880 in
2651 5823 2834 5895 palatii
2858 5823 3000 5879 celsi.
3033 5821 3154 5880 loco
3177 5828 3496 5896 repositum.
3531 5828 3682 5896 Quod
3705 5828 3749 5886 in

2155 5916 2340 5971 multis
2370 5917 2661 5973 honoribus
2687 5924 2846 5986 atque
2873 5916 3224 5976 veneratione
3252 5922 3405 5990 quasi
3435 5923 3640 5978 viveret
3661 5920 3751 5976 ba.
