4006 6448
1284 316 1606 376 HISTORIA
1646 315 2078 388 MHRM’I‘A.
2102 315 2326 378 ιωιιὶ
2360 323 2451 380 iV.

3393 330 3498 389 958

216 436 469 502 bebatur,
495 433 672 490 donec
691 433 885 505 aliquis
907 431 1143 491 Iliorum
1164 433 1282 506 ejus
1298 436 1593 492 amitteret.
1616 435 1815 493 Postea
1851 436 1897 500 Α
1918 442 1975 492 et
1998 434 2253 505 quisque,
2286 437 2530 506 regnavit
2569 443 2748 494 autem
2780 438 2993 510 triginta
3037 445 3094 497 et
3129 455 3240 498 uno
3304 435 3504 498 mun-

215 543 350 583 vero
382 527 448 582 ab
473 525 693 582 Oriente
728 526 1044 582 Constantio
1081 529 1351 594 veniente,
1395 543 1518 584 cum
1547 527 1811 598 imperias

217 618 360 680 libus
389 618 659 688 exsequiis
685 618 846 674 funus
871 618 986 688 ejus
1012 620 1280 690 sepultum
1327 628 1411 676 est
1436 620 1492 674 in
1518 618 1806 690 Apostolo—

215 726 335 768 rum
356 711 620 776 ecclesia;
663 725 826 781 quam
866 721 1153 782 propterea
1194 712 1414 778 fecerat,
1465 721 1536 767 ne
1573 713 1808 783 impera-

217 809 365 857 tores
389 810 444 856 et
463 801 773 859 sacerdotes
792 802 1031 872 reliquiis
1053 803 1394 874 privarentur
1411 805 1802 875 apostolorum.

215 894 362 952 Vixit
391 904 574 954 autem
597 895 983 953 Constantinus
1018 897 1314 969 imperator
1340 899 1497 955 annis
1521 900 1807 970 sexaginta

1909 535 2028 584 etus
2053 536 2153 595 est,
2181 529 2468 585 consulatu
2503 529 2758 586 Feliciani
2784 539 2840 588 et
2867 534 3088 590 Tacian-i
3127 531 3208 607 (ω
3235 541 3329 601 est,
3362 551 3506 592 anno

1911 619 2064 674 Bern.
2113 618 2236 685 556,
2282 619 2474 676 Chron.
2519 619 2757 678 Cassiod.
2799 623 2950 697 338),
2981 625 3237 682 vicesima
3263 625 3501 682 secunda

1907 712 2237 771 diemensis
2280 712 2420 778 Maii,
2454 715 2544 784 qui
2585 723 2704 770 erat
2733 731 2909 773 annus
2947 719 3215 774 secundus
3238 717 3506 775 ducente-

1908 810 2058 870 sima
2103 818 2308 866 oetam
2333 810 2678 884 Olympiadis.
2723 811 3019 882 Securus,
3051 814 3142 870 tib.
3165 831 3204 883 ιη,
3245 831 3364 887 sap.
3406 813 3498 872 96.

1909 899 2052 957 Edit.
2088 903 2382 974 Christoplt.

1981 1037 2024 1058 π-

2029 1033 3468 1061 s————-l-————————————.

1347 1166 1692 1250 LIBEP.
1753 1164 2354 1276 QUARTUS.

1616 1306 2014 1323 Μ

639 1367 802 1440 ευ
836 1367 1065 1424 CAPUT
1101 1367 1392 1426 PRIMUM.

279 1457 558 1526 Quomodo
585 1478 678 1532 per
700 1461 975 1533 quemdam
994 1466 1366 1534 presbyterum
1399 1461 1594 1534 dogma
1619 1461 1734 1516 Arii

835 1533 1182 1603 pullulauerit.

275 1621 453 1694 Igitur
491 1623 592 1680 sub
620 1621 850 1692 iuiperio
893 1620 1232 1680 Constantini
1262 1637 1360 1694 per
1381 1621 1650 1680 Ecclesias
1675 1621 1806 1680 talia

204 1721 600 1788 provenerunt.
631 1712 751 1781 Quo
769 1713 1059 1780 moriente,
1090 1729 1275 1770 rursus
1308 1713 1378 1770 ad
1413 1712 1807 1783 querimoniam

1909 1368 2036 1425 eiat.
2077 1368 2420 1438 Quapropter
2447 1363 2574 1422 licet
2615 1365 2680 1422 ad
2723 1364 3090 1422 charissimam
3139 1364 3500 1424 reverentiam

1906 1467 2145 1516 vestram
2183 1457 2432 1515 dominus
2459 1465 2644 1513 noster
2669 1457 2842 1512 beata
2885 1457 3158 1512 memorie
3182 1454 3499 1512 Constanti-

1907 1564 2012 1605 nus
2031 1550 2172 1620 pius,
2215 1565 2368 1607 meus
2394 1559 2570 1620 pater,
2598 1548 2847 1604 eumdem
2897 1547 3210 1619 episcopum
3243 1549 3296 1602 in
3343 1563 3500 1604 suum

1907 1640 2088 1696 locum
2118 1639 2275 1712 2‘5
2305 1641 2589 1695 restituere
2611 1645 2997 1709 proposuerat:
3021 1637 3500 1706 tamen,quoniam

1909 1730 2142 1786 humana
2173 1739 2322 1785 sorte
2364 1737 2686 1801 praventus,
2717 1739 3006 1797 antequam
3042 1727 3157 1783 lucc
3201 1726 3500 1797 compleret

201 1811 356 1864 venit
413 1808 610 1878 dogma
671 1808 878 1882 Nicmui
922 1807 1156 1868 concilii.
1213 1804 1347 1862 Nam
1398 1805 1528 1861 licet
1589 1805 1804 1861 vivente

1909 1829 2033 1886 vota
2061 1820 2343 1890 requievit,
2385 1835 2724 1890 consequens
2771 1819 3068 1875 arbitratus
3102 1833 3224 1876 sum
3247 1818 3496 1874 volunta-

199 1901 573 1962 Constantino
621 1917 730 1958 non
785 1899 914 1956 illud
959 1914 1148 1956 omnes
1194 1898 1566 1971 susceperint,
1620 1905 1802 1964 tamen

203 2005 398 2071 aperte
435 2009 666 2052 renuere
706 2009 817 2050 non
851 1992 1141 2049 audebant.
1185 1989 1302 2058 Quo
1349 1991 1638 2055 moriente,
1685 1989 1803 2062 plu-

203 2087 330 2149 rimi
359 2087 429 2142 ab
457 2101 524 2144 eo
554 2100 616 2142 se
640 2083 1005 2141 indubitanter
1034 2081 1342 2142 abstinuere
1361 2082 1614 2142 concilio.
1638 2079 1804 2140 Erant

201 2180 354 2236 enim
388 2180 499 2246 isti,
522 2177 616 2250 qui
656 2177 821 2233 etiam
850 2175 1097 2248 primitus
1123 2174 1444 2232 videbantur
1471 2188 1589 2230 esse
1616 2187 1798 2243 suspec

199 2272 283 2336 cti
313 2291 325 2326 :
357 2271 631 2344 praecipue
650 2284 780 2326 vero
807 2267 920 2328 Arii
943 2273 1238 2326 sectatores
1259 2263 1521 2321 Eusebius
1550 2273 1605 2318 et
1627 2263 1805 2318 Theo-

203 2364 428 2434 gonius,
450 2362 604 2433 cujus
630 2361 824 2431 dogma
854 2375 914 2416 se
940 2358 1155 2414 firmare
1178 2358 1492 2426 credebant,
1523 2356 1569 2411 si
1603 2355 1802 2412 reverti

205 2454 559 2510 Athanasium
591 2453 965 2524 prohiberent,
995 2457 1052 2505 et
1089 2449 1450 2524 consectatori
1497 2463 1596 2506 suo
1636 2446 1804 2522 Egy-

203 2548 404 2618 ptiacze
421 2544 668 2602 dioecesis
686 2546 808 2614 jura
835 2541 1233 2602 contraderent.
1263 2539 1330 2600 Et
1350 2540 1424 2598 illi
1453 2539 1666 2610 quidem
1689 2539 1804 2594 haec

207 2640 480 2710 agebant,
547 2636 890 2696 ministrante
939 2634 1037 2688 sibi
1096 2633 1416 2708 presbytero
1480 2646 1578 2701 per
1644 2645 1806 2700 quem

209 2729 561 2788 Constantini
589 2728 922 2801 temporibus
946 2725 1106 2782 Arius
1134 2725 1201 2779 ab
1231 2725 1422 2780 exsilio
1446 2721 1623 2780 fuerat
1648 2737 1807 2778 revo-
1901 2789 1910 2794 δ

180 2855 184 2860 ν
207 2832 390 2886 catus.
417 2819 548 2880 Erat
570 2818 714 2877 enim
743 2818 788 2874 is
809 2817 1089 2890 presbyter
1108 2813 1428 2870 Constantio
1450 2828 1665 2888 quoque
1685 2826 1808 2882 gra-

209 2923 320 2982 tus,
353 2928 424 2972 eo
453 2911 600 2986 quod
636 2918 922 2981 paternum
967 2908 1018 2963 ei
1063 2913 1375 2966 servaverat
1407 2912 1803 2968 testamentum,

211 3007 287 3061 ita
315 3013 376 3060 ut
399 3019 570 3073 usque
591 3001 661 3058 ad
681 3001 974 3072 principem
996 2998 1288 3072 palatiique
1313 3004 1564 3068 potentes
1587 2996 1811 3056 haberet

213 3113 516 3155 accessum.
540 3095 801 3153 Eusebius
821 3102 1001 3152 autem
1023 3093 1079 3148 in
1105 3092 1226 3147 aula
1246 3092 1412 3162 regali
1438 3091 1718 3150 videbatur
1735 3088 1809 3146 ita

1906 1921 2016 1969 tem
2040 1912 2175 1968 divae
2203 1914 2478 1969 memoria:
2504 1912 2847 1984 imperatoris
2867 1911 3110 1982 implere.
3142 1909 3397 1978 Quidum
3422 1907 3494 1963 ad

1901 2020 2003 2065 vos
2033 2007 2378 2071 remeaverit,
2411 2005 2628 2075 qualem
2655 2021 2686 2060 a
2706 2019 2796 2060 me
2821 2003 3228 2060 venerationem
3248 2002 3496 2058 habuerit

1905 2098 2230 2166 agnoscetis.
2263 2096 2382 2158 Non
2407 2098 2551 2153 enim
2579 2096 2824 2153 mirabile
2849 2103 2932 2152 est
2957 2095 3002 2151 si
3030 2093 3157 2163 quid
3184 2093 3240 2151 in
3278 2107 3348 2150 eo
3368 2104 3494 2160 ges-

1903 2187 2071 2246 simus
2097 2187 2240 2256 quod
2270 2187 2534 2244 laudetur.
2567 2186 2740 2245 Meam
2775 2199 3008 2256 namque
3035 2184 3268 2242 animam
3308 2185 3492 2252 imago

1904 2279 2159 2336 desiderii
2181 2279 2363 2345 vestri,
2394 2288 2450 2335 et
2474 2281 2691 2336 schema
2721 2279 2858 2335 tanti
2883 2279 2987 2334 viri
3007 2278 3076 2334 ad
3112 2278 3224 2335 hoc.
3241 2278 3411 2334 movit
3438 2283 3493 2332 et

1906 2372 2168 2429 invitavit.
2201 2372 2388 2428 Divina
2433 2374 2774 2444 providentia
2822 2387 2922 2430 vos
2967 2372 3254 2436 custodiat,
3301 2372 3492 2427 fratres

1906 2463 2257 2526 dilectissimi.
2279 2465 2584 2533 δοιουειι.,
2611 2463 2704 2522 lib.
2734 2480 2814 2532 ιιι,
2843 2480 2960 2536 cap.
2988 2463 3044 2530 2,
3069 2481 3124 2535 ρ.
3151 2461 3278 2522 ωε.

2528 2596 2760 2653 CAPUT
2798 2597 2887 2651 ΙΙΙ.

2048 2709 2131 2765 De
2157 2711 2362 2765 insidiis
2391 2713 2704 2767 Arianorum
2725 2712 2967 2766 adversus
2990 2711 3350 2769 Athanasium.

1981 2823 2076 2880 His
2104 2824 2294 2880 litteris
2325 2823 2492 2880 fretus
2521 2825 2871 2890 Athanasius,
2903 2825 3282 2880 Alexandriam
3324 2825 3490 2891 venit,

1909 2919 2247 2988 libenterque
2280 2933 2405 2973 eum
2435 2919 2590 2988 plebs
2626 2918 2986 2974 Alexandrina
3027 2917 3281 2988 suscepit.
3314 2915 3495 2975 Ariani

1914 3026 2065 3074 vero.
2091 3010 2468 3080 coniuratione
2506 3012 2650 3068 facta
2698 3011 2958 3068 adversus
2995 3027 3140 3078 eum.
3191 3010 3497 3082 frequentes

1911 3102 2204 3162 seditiones
2229 3103 2832 3172 subindesuscitabant,
2859 3119 2956 3174 per
2977 3119 3111 3174 quas
3132 3104 3346 3161 occasio
3366 3118 3500 3173 prmo

213 3191 556 3262 βετδβίωιιεο
582 3196 642 3242 ἠ
661 3202 787 3242 suos
810 3193 1211 3278 οοηεβειίξῑοτθε
1232 3184 1431 3239 facem
1457 3182 1726 3252 Αυευειοε
1747 3197 1811 3236 ac
1835 3207 1883 3270 ς
1911 3193 2140 3252 behatur
2167 3193 2402 3250 Eusebio
2432 3203 2492 3250 ut
2519 3194 2807 3278 derogaret
2835 3196 2884 3251 ei
2910 3184 3050 3266 apud
3077 3196 3457 3265 imperatorem
3483 3212 3500 3254 ς

212 3295 494 3354 proceres.
523 3279 884 3347 Quamobrem
925 3276 994 3333 de
1033 3277 1287 3346 dogmate
1334 3291 1520 3331 rursus
1561 3275 1810 3345 privatim

214 3383 270 3431 et
316 3373 534 3445 publice
581 3371 973 3442 disputationes
1025 3370 1218 3426 crebro
1266 3367 1701 3439 proferebantur,
1756 3377 1812 3424 et

214 3462 377 3520 simul
403 3462 635 3544 injuriae,
666 3463 954 3520 inimicitiae
981 3470 1036 3520 et
1083 3462 1314 3534 plurima
1341 3475 1459 3530 qua:
1506 3477 1573 3524 ex
1616 3460 1811 3516 talibus

215 3559 395 3615 solent
413 3557 613 3629 saepius
633 3555 1172 3623 evenire.SozouaN.,
1196 3555 1286 3612 tib.
1302 3570 1380 3624 ιιι,
1403 3571 1520 3624 cap.
1536 3553 1587 3619 ι,
1609 3571 1661 3624 p.
1679 3552 1804 3610 £97.

847 3710 1074 3782 CAPUT
1112 3709 1177 3766 ιι.

215 3795 490 3870 Quomodo
513 3804 828 3859 Athanasius
860 3805 1036 3876 favore
1069 3800 1395 3876 Constantini
1431 3802 1652 3876 minoris
1681 3801 1806 3876 Ale-

280 3876 574 4002 xandriam
625 3872 945 3943 remeaverit,
987 3883 1039 3929 et
1070 3874 1298 3944 ejusdem
1327 3872 1654 3927 Constantini
1698 3873 1810 3943 epi-

280 3958 358 4002 sto
383 3966 448 4002 a.
913 3963 916 3970 ·

277 3958 448 4002 διοια..
913 3963 916 3970 ’

278 4041 505 4096 interea
534 4039 857 4099 Athanasius
883 4037 952 4096 ab
972 4036 1292 4098 occidentali
1321 4044 1474 4111 parte
1499 4036 1552 4094 in
1579 4035 1809 4093 Alexan-

215 4133 386 4191 driam
414 4143 504 4191 est
531 4119 794 4199 reversus,
818 4149 978 4202 quem
1007 4133 1169 4188 etiam
1197 4130 1585 4187 Constantinus
1624 4131 1810 4186 vivens

220 4226 397 4281 redire
443 4225 734 4280 maluerat.
771 4223 974 4279 Dicitur
1020 4233 1201 4278 autem
1252 4224 1377 4292 quia
1428 4223 1589 4276 etiam
1641 4229 1809 4276 testa-

193 4327 407 4372 ‘mento
435 4316 608 4372 voluit
636 4317 740 4372 hoc
763 4315 1142 4371 conscribere:
1183 4314 1278 4368 sed
1306 4312 1562 4383 quoniam
1602 4312 1678 4367 ita
1721 4311 1813 4366 de-

200 4407 438 4464 -t'unctus
457 4414 558 4468 est,
590 4406 706 4474 ejus
733 4406 908 4475 major
938 4406 1074 4461 illius
1107 4405 1490 4461 Constantinus
1525 4402 1811 4474 Hesperia-

219 4515 342 4556 rum
383 4498 619 4570 partium
665 4497 933 4568 princeps,
969 4498 1074 4552 hoc
1103 4497 1232 4565 egit,
1273 4495 1589 4564 litterasque
1625 4493 1810 4562 hujus-

218 4594 368 4649 modi
399 4592 466 4647 ad
491 4592 746 4662 populum
775 4590 1063 4645 destinavit
1083 4587 1522 4652 Alexandrinum.

203 4713 206 4715 λ
292 4684 680 4740 Constantinus
734 4682 915 4737 Caesar
961 4681 1160 4753 populo
1207 4679 1464 4736 Ecclesiae
1505 4681 1807 4750 catholicae,

223 4773 569 4831 Alexandria:
590 4775 902 4830 constituto.
1182 4835 1189 4843 η

293 4869 479 4938 Neque
533 4853 765 4922 vestram
813 4865 1228 4922 sacratissimam
1277 4874 1513 4921 mentem
1580 4864 1813 4921 arbitror

222 4971 493 5026 ignorare,
519 4966 808 5028 propterea
837 4957 1187 5011 Athanasium
1210 4955 1496 5012 adoranda:
1523 4955 1657 5025 legis
1675 4970 1813 5026 pra:-

223 5049 517 5107 dicatorem
566 5051 634 5105 ad
699 5059 909 5121 tempus
954 5051 1009 5105 in
1050 5048 1253 5106 Gallias
1297 5049 1460 5105 fuisse
1500 5050 1804 5118 directum,

221 5145 474 5211 quoniam
507 5143 754 5198 ferocitas
780 5141 1077 5197 crudelium
1118 5143 1454 5198 inimicorum
1479 5140 1597 5210 ejus
1640 5141 1694 5196 in
1717 5153 1806 5211 pe-

223 5234 390 5290 riculo
415 5235 557 5291 sacri
583 5234 700 5304 ejus
723 5235 912 5304 capitis
947 5234 1262 5290 imminebat
1297 5252 1310 5288 :
1361 5249 1430 5290 ne
1481 5233 1664 5290 forsan
1705 5249 1805 5303 per
1869 5282 1876 5288 .

225 5329 580 5397 malignorum
628 5328 978 5384 calliditatem
1022 5327 1224 5398 aliquid
1255 5329 1607 5395 incongruum
1650 5327 1812 5384 susti-

226 5429 396 5476 neret.
428 5421 500 5477 Ut
530 5435 658 5491 ergo
711 5422 816 5476 hoc
855 5421 1102 5485 evitarei,
1150 5421 1216 5476 ab
1258 5419 1662 5476 imminentibus
1708 5420 1810 5474 sibi

227 5515 632 5570 necessitatibus
660 5523 742 5570 est
771 5513 998 5568 ablatus.
1033 5511 1100 5568 Et
1138 5513 1212 5567 ita
1258 5527 1346 5567 me
1387 5512 1609 5582 jubente
1654 5513 1804 5574 habi-

230 5609 343 5657 tare
371 5612 672 5673 prmceptus
699 5613 782 5658 est
803 5603 930 5676 [cd.,
951 5601 1133 5672 jussus
1157 5601 1277 5673 est],
1303 5611 1360 5658 ut
1388 5603 1441 5660 in
1463 5603 1563 5660 hac
1589 5603 1806 5664 civitate

203 5694 280 5772 .in
311 5711 414 5764 qua
454 5697 700 5764 degebat,
749 5697 889 5751 bona
928 5696 976 5750 ei
1023 5696 1324 5752 necessaria
1371 5709 1477 5750 non
1533 5694 1801 5752 deessent.

197 5777 372 5846 ‘Talis
397 5793 536 5847 enim
574 5799 656 5848 est
693 5791 809 5860 ejus
836 5791 1156 5848 venerabilis
1203 5792 1392 5856 virtus,
1433 5789 1626 5853 divinis
1673 5790 1805 5852 freta

231 5882 424 5950 olatiis,
455 5892 513 5952 ut
539 5885 704 5942 etiam
729 5883 1012 5945 molestias
1047 5881 1338 5956 asperioris
1362 5881 1590 5948 fortuna:
1623 5880 1808 5955 (168Ρὶ-

1912 3287 2169 3355 quoniam
2195 3303 2304 3342 non
2329 3286 2654 3346 decernente
2674 3288 2948 3346 communi
2975 3288 3205 3354 cuneilio
3220 3287 3504 3358 θμϋιεορος

1912 3397 2052 3446 rum,
2092 3383 2410 3438 auctoritate
2456 3395 2553 3436 sua
2599 3381 2916 3452 arripuisset
2955 3382 3074 3455 [πω.
3126 3378 3277 3452 Lyr.,
3328 3378 3502 3434 corri-

1911 3473 2148 3544 puisset]
2192 3473 2504 3531 Ecclesiam.
2555 3473 2893 3548 Tantumque
2940 3474 3024 3532 bis
3067 3471 3505 3541 derogationibus

1912 3573 2092 3636 actum
2113 3573 2213 3630 est,
2246 3572 2305 3619 ut
2356 3564 2668 3634 indignante
2696 3566 3023 3637 imperatore
3063 3566 3132 3626 de
3177 3563 3504 3628 Alexandria

1911 3657 2045 3714 urbe
2073 3656 2448 3726 projiceretur.
2478 3657 2682 3718 Eodem
2710 3665 2954 3728 tempore
2981 3656 3213 3716 Eusebio
3239 3659 3506 3719 moriente

1910 3748 2163 3818 episcopo
2206 3748 2465 3805 Caesarem
2495 3748 2791 3812 Palaestinae
2819 3760 3181 3820 cognomento
3210 3748 3499 3820 Pamphili,

1911 3837 2144 3909 Agapius
2165 3839 2455 3910 discipulus
2485 3841 2601 3911 ejus
2637 3844 2875 3914 suscepit
2909 3845 3300 3912 epiSCOpatum,
3329 3839 3419 3909 qui
3449 3846 3506 3895 et

1908 3928 2044 3984 alios
2073 3927 2330 4000 plurimos
2358 3931 2526 3986 edidit
2564 3933 2761 3997 libros,
2793 3941 2847 3986 ct
2886 3932 2954 3990 dc
2991 3932 3101 3990 vita
3144 3930 3382 3990 doetoris
3419 3928 3503 3984 sui

1908 4022 2075 4084 multa
2104 4025 2439 4099 conscripsit.
2470 4023 2764 4090 Saxonum,
2786 4024 2875 4081 lib.
2902 4041 2978 4094 ιν,
3007 4039 3122 4094 cap.
3150 4022 3204 4091 2,
3226 4041 3280 4095 ρ.
3306 4021 3430 4082 499.

2528 4151 2758 4216 CAPUT
2795 4157 2895 4216 IV;

2264 4269 2345 4325 De
2366 4280 2530 4327 morte
2557 4271 2884 4330 Constantini
2906 4273 3140 4327 minoris.

1914 4437 1916 4441 .
1979 4381 2098 4442 Non
2122 4383 2294 4440 multo
2325 4391 2447 4452 post
2474 4393 2717 4454 tempore
2742 4392 2798 4443 et
2840 4381 3230 4446 Constantinus
3259 4383 3498 4454 impera«

1908 4483 2018 4548 tor,
2044 4475 2381 4531 Constantini
2411 4475 2631 4545 majoris
2661 4477 2819 4545 filius,
2867 4476 2993 4538 dum
3022 4477 3208 4534 nititur
3248 4477 3500 4532 invadere

1835 4573 2094 4650 Dpartcs
2136 4567 2366 4637 junioris
2412 4567 2592 4624 fratris
2639 4565 2966 4636 Constantis,
3017 4567 3156 4622 circa
3201 4567 3498 4638 Aquileiam

1913 4660 2294 4729 congressione
2323 4662 2462 4714 facta
2485 4660 2785 4728 perimitur,
2817 4660 3096 4732 consulatu
3139 4661 3397 4732 Acindyni
3445 4667 3499 4718 et

1886 4752 2089 4819 .Procli
2121 4754 2243 4825 (An.
2273 4751 2427 4807 Dom.
2459 4751 2607 4822 559).
2640 4751 2998 4819 Quamobrem
3029 4753 3236 4824 imperii
3267 4751 3492 4806 Romani

1910 4843 2244 4924 principatus
2274 4842 2685 4898 occidentalium
2724 4842 2938 4916 quidem
2985 4843 3212 4914 partium
3255 4839 3498 4912 pervenit

1913 4935 1980 4989 ad
2019 4934 2389 5001 Constantem,
2441 4933 2716 4988 orientalis
2767 4943 2944 4988 autem
2985 4932 3052 4988 ad
3101 4930 3494 4986 Constantium.

1913 5026 2214 5093 Socnnss,
2254 5025 2346 5081 lib.
2391 5041 2450 5096 ιι,
2495 5041 2612 5098 cap.
2651 5024 2720 5094 5;
2768 5025 2896 5080 edit.
2927 5024 3118 5082 Christ.
3162 5020 3336 5076 Vales.
3379 5037 3496 5091 cap.

1916 5117 1979 5184 5,
2009 5137 2062 5190 ρ.
2088 5117 2177 5172 85.

2531 5251 2760 5310 CAPUT
2797 5251 2863 5307 ν.

1919 5344 2186 5410 Quomodo
2222 5345 2559 5408 Athanasius,
2595 5343 2806 5402 Arionis
2839 5340 2972 5399 bella
3000 5337 3098 5410 sibi
3124 5337 3292 5396 denuo
3335 5335 3498 5392 susci-

2166 5415 2410 5484 tantibus,
2439 5415 2508 5470 ad
2535 5407 2709 5488 partes
2739 5410 3029 5467 discesserit
3054 5407 3247 5465 Italiw.

1911 5573 1914 5576 ,
1977 5510 2142 5581 Igitur
2167 5519 2409 5581 tempore
2433 5523 2541 5578 quo
2565 5504 2947 5564 Constantinus
2974 5503 3040 5566 ad
3065 5515 3300 5572 perenne
3323 5509 3496 5554 trans-

1905 5604 2004 5670 ivit
2050 5602 2377 5674 imperium,
2427 5606 2750 5666 testamento
2798 5594 2921 5650 filiis
2972 5591 3270 5663 temporale
3320 5590 3500 5644 distri-

1908 5697 2079 5752 buens
2119 5709 2340 5763 regnum
2380 5690 2580 5762 (nullus
2625 5688 2770 5743 enim
2818 5701 3004 5742 eorum
3057 5695 3175 5740 erat
3219 5683 3494 5754 prmscns),

1909 5789 2230 5859 presbytero
2275 5802 2306 5839 a
2347 5797 2537 5839 sorore
2589 5781 2806 5864 propria
2857 5779 3072 5835 sibimet
3121 5776 3494 5834 commendato

1888 5896 2064 5962 ιρμιξμῦ
2085 5877 2729 5954 ci‘edidittesnmentum:
2754 5870 3216 5964 pracipieosillud
3237 5871 3497 5930 Constan-
