3998 6344
458 287 567 350 989

1685 278 1757 341 It.
1798 277 2082 342 annum
2117 281 2524 359 CASSIODORI

3642 287 3779 348 960

458 405 540 464 tio
578 398 715 468 dari,
742 395 839 470 qui
876 394 1019 453 inter
1053 392 1190 452 alios
1232 392 1517 452 videbatur
1552 408 1676 453 esse
1714 396 1964 467 vicinior,
1996 404 2053 454 et
2077 402 2135 467 Α
2228 401 2292 475 de
2320 400 2650 475 ordinatione
2670 400 2809 470 apud
2829 400 3149 458 orthodoxa:
3166 398 3341 472 Pauli,
3363 402 3504 475 apud
3522 403 3779 463 Arianae

458 501 610 576 prius
636 496 823 554 venire
845 509 1006 567 posse
1032 491 1373 551 credebatur.
1412 492 1551 551 Hinc
1585 493 1689 550 iste
1731 492 2054 550 Constantio

458 591 635 648 factus
660 598 841 653 notus,
867 585 1067 642 tradito
1090 592 1419 642 testamento
1460 586 1671 657 accepit
1706 585 1775 641 ad
1816 599 1942 641 eum
1972 585 2056 641 in-

461 683 740 757 grediendi
759 681 1029 740 ﬁduciam.
1054 680 1157 749 Qui
1178 680 1370 737 videns
1395 679 1611 738 facilem
1640 680 2057 739 Constantiivo-

462 779 743 845 luntatem,
773 784 829 833 et
857 776 1007 833 velut
1034 774 1302 831 calamum
1330 775 1505 832 ventis
1535 775 1919 832 accedentibus
1943 775 2059 847 agi-

462 872 584 937 tari,
610 871 951 943 praesumpsit
979 876 1169 925 contra
1210 868 1518 939 evangelica
1554 868 1809 939 dogmata
1855 869 2059 926 bellum

463 977 762 1029 assumere,
785 970 837 1018 et
865 962 1122 1018 adversus
1163 960 1432 1018 Ecclesias
1460 962 1813 1033 asperrimam
1850 962 2061 1032 erigere

462 1065 862 1129 tempestatem.
875 1055 1253 1125 Dicebatenim
1273 1070 1392 1113 esse
1411 1055 1705 1127 culpabiles
1720 1056 1812 1127 qui
1831 1055 2063 1112 consub-

392 1199 400 1208 .
465 1148 836 1206 stantialitatis
856 1164 1064 1217 vocem,
1092 1164 1211 1219 qum
1239 1149 1439 1219 scripta
1482 1164 1592 1203 non
1627 1147 1980 1213 inveniretur,
2005 1147 2062 1203 in

467 1242 591 1300 fidei
617 1244 861 1300 doctrina
883 1244 1209 1314 posuissent,
1230 1242 1373 1313 quod
1392 1243 1536 1298 inter
1554 1242 1864 1298 sacerdotes
1890 1248 1946 1296 et
1966 1256 2064 1297 eos

468 1336 794 1393 discordiam
821 1345 1122 1405 generaret.
1158 1334 1295 1392 Hinc
1330 1350 1460 1406 ergo
1486 1333 1840 1390 Athanasium
1871 1344 1928 1390 et
1947 1333 2065 1405 ejus

468 1435 768 1484 sectatores
793 1442 1072 1492 accusans,
1098 1426 1323 1483 insidias
1344 1426 1664 1481 instruebat.
1679 1424 1850 1494 Hujus
1872 1440 2067 1495 coope-

467 1528 679 1583 ratores
706 1528 861 1575 erant
900 1518 1165 1575 Eusebius
1193 1528 1249 1574 et
1268 1519 1636 1589 Theogonius,
1667 1526 1724 1573 et
1747 1517 2067 1573 Theodorus

468 1611 795 1680 Perinthius,
828 1614 919 1683 qui
949 1613 1292 1683 eloquentior
1318 1612 1619 1677 videbatur,
1645 1618 1701 1665 et
1734 1608 1949 1679 scripsit
1972 1623 2069 1663 ex-

466 1708 806 1778 planationes
835 1704 1268 1776 Evangeliornm,
1303 1719 1465 1773 quem
1506 1703 1723 1773 plurimi
1755 1701 2069 1757 Herocleio-

2231 470 2551 526 Macedonii.

2233 584 2312 640 Ea
2344 584 2614 656 siquidem
2643 593 2966 657 tempestate
2991 584 3511 661 Constantinopolim
3558 591 3775 663 allen,

2157 677 2342 750 priore
2365 677 2635 748 superior,
2665 679 2824 733 turba
2851 693 2920 733 ex
2941 678 3245 749 huiusmodi
3274 696 3436 740 causa
3464 686 3771 754 processit.

2160 771 2467 827 Alexander
2531 770 3143 843 Constantinopolitanae
3198 774 3397 846 praesul
3459 774 3721 833 Ecclesia:
3750 818 3774 847 ,

2159 876 2284 937 post
2307 864 2729 919 decertationem
2753 880 2875 921 cum
2904 866 3034 921 Ario
3058 867 3398 922 terminatam
3428 884 3494 925 ex
3516 870 3622 925 liae
3644 871 3777 927 vita

2159 958 2405 1024 recessit,
2432 958 2770 1028 episcopatus
2793 958 2955 1029 246
2975 958 3246 1015 tricesimo
3267 960 3447 1028 tertio,
3470 962 3592 1016 vita:
3610 977 3775 1018 anno

2164 1050 2515 1118 nonagesimo
2553 1057 2608 1104 et
2637 1058 2833 1104 octavo
2857 1050 3032 1121 (Anno
3057 1050 3211 1106 Dom.
3245 1050 3393 1123 326),
3443 1054 3777 1125 nullumque

2164 1142 2221 1197 in
2249 1158 2403 1197 suum
2435 1141 2715 1197 constituit
2738 1142 2948 1209 locum;
2975 1146 3069 1198 sed
3100 1143 3372 1198 mandavit
3411 1154 3469 1199 ut
3494 1160 3665 1199 unum
3696 1161 3777 1204 ex

2165 1239 2374 1295 duobus
2397 1254 2535 1309 quos
2565 1239 2680 1309 ipse
2718 1239 3022 1294 nominaret
3050 1238 3329 1307 eligerent.
3379 1238 3448 1294 Et
3490 1240 3779 1309 siquidem

2166 1330 2366 1386 vellent
2394 1330 2678 1386 docibilem
2726 1330 2904 1395 simul,
2944 1338 3001 1385 et
3033 1331 3157 1385 vitae
3186 1332 3402 1401 optima:
3450 1332 3779 1387 testimonio

2168 1424 2502 1488 decoratum,
2558 1422 2779 1478 Paulum
2832 1439 2863 1479 a
2908 1439 2969 1480 se
3015 1425 3386 1495 presbyterum
3430 1426 3781 1496 ordinatum,

2168 1520 2340 1574 virum
2364 1518 2580 1589 quidem
2601 1526 2762 1572 mtate
2797 1516 3077 1586 juvenem,
3107 1518 3203 1574 sed
3247 1518 3511 1589 sapientia
3552 1534 3781 1587 senem,

2170 1613 2488 1683 episcopum
2545 1611 2760 1667 sibimet
2805 1611 3137 1666 ordinarent.
3194 1611 3252 1665 Si
3297 1627 3428 1667 vero
3469 1628 3537 1667 ex
3578 1612 3785 1668 habitu

2170 1705 2511 1763 solummodo
2553 1704 2871 1760 rever-entire
2901 1704 3103 1773 eligere
3129 1704 3352 1770 vellent,
3390 1704 3787 1761 Macedoniam

467 1806 558 1855 ten
611 1808 808 1855 vocant
859 1798 984 1870 (An.
1039 1797 1195 1853 Dom.
1242 1794 1405 1866 541).
1449 1794 1545 1849 Isti
1593 1809 1826 1865 namque
1872 1792 2069 1863 smpius
2103 1816 2145 1875 Β
2174 1799 2438 1866 facerent,
2467 1806 2595 1854 tunc
2614 1798 2899 1853 diaconum
2923 1797 3563 1867 existentem,qui:etate
3587 1798 3790 1854 senior

466 1892 711 1948 videntes
758 1893 1165 1963 imperatorem,
1210 1890 1578 1961 reversionem
1614 1888 1894 1943 Athanasii
1922 1889 2066 1944 mul-

467 1991 646 2039 torum
675 1998 896 2039 causam
920 1983 1235 2040 asserebant
1264 1998 1383 2039 esse
1412 1984 1711 2051 malorum;
1742 1993 1798 2038 et
1826 1999 1937 2037 non
1979 1998 2071 2040 so-

466 2074 576 2130 lum
599 2074 913 2147 Egyptum,
945 2075 1042 2131 sed
1071 2075 1233 2130 etiam
1264 2073 1627 2145 Palaestinam,
1656 2083 1712 2130 et
1755 2074 2067 2140 Phoenicen,

469 2167 785 2237 vicinasque
812 2176 1002 2237 gentes
1030 2166 1147 2237 ejus
1171 2168 1342 2234 gratia
1371 2167 1624 2222 dicebant
1658 2182 1776 2222 esse
1808 2168 2069 2222 turbatas.

468 2258 702 2315 Proinde
731 2259 1037 2329 hujusmodi
1065 2258 1243 2315 verbis
1269 2259 1593 2314 levissimam
1624 2257 1940 2312 obsidentes
1970 2257 2073 2311 im-

467 2350 737 2423 peratoris
764 2350 1140 2415 intentionem,
1192 2360 1477 2406 suaserunt
1508 2360 1566 2405 ut
1604 2350 1958 2405 Athanasium
2000 2351 2070 2407 ab

468 2442 711 2499 Ecclesia
756 2460 943 2502 rursus
996 2446 1311 2517 expelleret.
1370 2444 1473 2512 Qui
1525 2459 1827 2515 agnoscens
1879 2460 2071 2501 eorum

467 2535 775 2601 consilium,
816 2537 885 2592 ad
931 2544 1115 2608 partes
1143 2536 1437 2608 Hesperias
1474 2536 1625 2594 abiit.
1651 2536 2070 2610 Tunonoaurus,

469 2630 563 2687 lib.
595 2647 653 2701 ιι,
686 2648 804 2704 cap.
837 2630 892 2707 ζ’),
923 2649 977 2703 p.
1012 2630 1103 2687 70.

1082 2763 1313 2822 CAPUT
1352 2764 1443 2823 VI.

612 2885 752 2956 Quid
772 2889 838 2945 de
856 2888 1147 2944 Athanasio
1183 2886 1357 2943 Julius
1390 2886 1613 2942 decrevit
1633 2886 1925 2959 episcopus.

539 3001 741 3058 Verum
769 3000 1036 3057 Eusebius
1082 3000 1309 3071 ejusque
1354 3007 1639 3056 consortes
1676 2997 1975 3056 calumnias
2014 2997 2073 3055 in

471 3096 827 3152 Athanasium
871 3093 1042 3153 factas
1086 3094 1228 3151 Julio
1277 3093 1526 3151 Romano
1556 3093 1798 3165 pontilici
1826 3092 2068 3149 destina-

468 3194 682 3245 vertmt.
738 3186 843 3256 Qui
890 3186 1316 3243 ecclesiasticam
1366 3200 1598 3256 sequens
1646 3185 1841 3254 legem,
1902 3184 2069 3240 etiam
2100 3203 2151 3272 ο

470 3284 619 3355 ipsos
642 3282 873 3338 Romam
901 3282 1087 3337 venire
1116 3280 1394 3351 praecepit,
1424 3287 1481 3336 et
1507 3278 1875 3335 venerabilem
1902 3277 2073 3332 Atha-

472 3375 684 3432 nasium
711 3373 778 3429 ad
803 3372 1065 3443 judicium
1095 3372 1416 3442 regulariter
1445 3372 1713 3427 evocavit.
1756 3369 1851 3425 llle
1894 3369 2074 3425 conti-

474 3480 585 3521 nuo
622 3464 945 3520 evocatione
996 3472 1247 3535 suscepta
1289 3465 1473 3519 venit:
1506 3462 1895 3518 calumniarum
1942 3476 2075 3518 vero

473 3558 837 3613 sarcinatores
892 3556 1120 3613 Romam
1184 3556 1401 3627 quidem
1454 3554 1685 3627 profecti
1750 3571 1858 3611 non
1906 3562 2075 3623 sunt,

472 3648 710 3707 scientes
762 3646 924 3703 facile
975 3662 1131 3703 suum
1178 3662 1339 3718 posse
1384 3647 1505 3718 capi
1554 3646 1915 3702 mendacium.
1947 3644 2070 3716 {Sed

474 3743 719 3799 videntes
747 3757 876 3800 oves
903 3749 1119 3813 pastore
1146 3741 1436 3809 desolatas,
1464 3742 1648 3811 lupum
1671 3757 1835 3812 super
1857 3756 1950 3796 eas
1975 3756 2075 3811 pro

473 3844 691 3911 pastore
735 3836 1153 3902 constituerunt,
1197 3834 1251 3890 id
1296 3843 1399 3902 est,
1446 3833 1787 3905 Gregorium,
1846 3836 1939 3905 qui
1980 3849 2078 3891 sex

475 3932 629 3986 anuis
648 3931 837 3987 bestiis
861 3928 1134 3987 ferocibus
1153 3928 1421 3986 crudelius
1441 3946 1590 4000 usus,
1616 3946 1830 4002 poenam
1857 3928 2078 3985 malitite

476 4038 585 4079 suae
605 4024 786 4090 solvit,
818 4024 886 4079 ab
908 4022 1157 4080 omnibus
1188 4021 1524 4080 amarissime
1548 4023 1802 4080 laniatus.
1826 4021 2078 4079 Turono-

477 4135 672 4190 aerus,
704 4119 795 4175 lib.
828 4136 887 4188 ιι,
916 4136 1036 4193 cap.
1066 4120 1122 4190 4,
1149 4119 1303 4192 p.71.

1084 4256 1317 4313 CAPUT
1354 4255 1469 4313 VII.

479 4375 631 4441 Quod
675 4373 934 4431 Constans
972 4374 1260 4447 imperator
1306 4378 1482 4447 partes
1540 4368 1725 4443 foverit
1777 4367 2075 4425 Athanasii.

551 4495 871 4552 Athanasius
899 4502 1078 4549 autem
1128 4494 1352 4551 veniens
1394 4492 1464 4548 ad
1504 4491 1881 4559 Constantem,
1927 4495 2080 4562 post-

2170 1891 2465 1947 videretur.
2499 1889 2578 1944 Ex
2610 1891 2711 1945 hac
2757 1904 2922 1945 causa
2973 1889 3148 1960 major
3194 1890 3474 1945 contentio
3514 1906 3617 1961 pro
3668 1891 3789 1961 epi-

2173 1986 2323 2056 scopi
2371 1984 2714 2039 ordinatione
2756 1984 3013 2052 surrexit,
3062 1983 3467 2055 Ecclesiamque
3515 1987 3785 2053 turbavit,

2173 2093 2295 2133 cum
2321 2077 2554 2147 populus
2580 2078 2765 2147 utique
2787 2077 2842 2131 in
2866 2076 3000 2131 duas
3022 2077 3221 2131 divisus
3242 2088 3385 2132 esset
3414 2088 3618 2148 partes,
3652 2079 3785 2133 alii-

2172 2188 2279 2242 que
2318 2170 2671 2227 defenderent
2716 2172 2972 2227 Arianum
3008 2171 3224 2241 dogma.
3258 2171 3345 2225 alii
3390 2187 3524 2227 vero
3574 2171 3787 2228 Niemni

2173 2264 2394 2320 decreta
2423 2265 2654 2320 concilii.
2681 2264 2849 2335 Igitur
2877 2264 3049 2319 donec
3079 2264 3385 2320 Alexander
3409 2266 3635 2329 viveret,
3666 2264 3788 2321 Ho-

2173 2359 2441 2414 mousiam
2467 2357 2748 2429 pontifices
2776 2358 3016 2429 potiores
3064 2372 3222 2413 erant
3265 2357 3607 2425 Arianorum,
3640 2358 3787 2427 quia

2173 2452 2229 2507 hi
2260 2452 2501 2525 quotidie
2528 2452 2762 2508 convicti
2790 2451 3189 2507 minuebantur.
3215 2448 3351 2505 Cum
3379 2465 3501 2505 vero
3529 2449 3794 2505 Alexan-

2174 2541 2272 2598 der
2299 2543 2540 2609 obiisset,
2574 2542 2852 2598 contentio
2881 2555 3069 2597 rursus
3091 2555 3161 2595 ex
3189 2548 3406 2609 utraque
3428 2548 3582 2609 parte
3610 2553 3797 2593 com-

2172 2642 2322 2691 mota
2340 2643 2441 2690 est.
2467 2634 2809 2704 Quapropter
2831 2630 3182 2689 llomousiani
3209 2629 3429 2686 Paulum
3448 2629 3796 2687 ordinaveris

2172 2726 2507 2798 pontilicem,
2537 2724 2721 2780 Ariani
2751 2740 2881 2779 vero
2928 2723 3322 2779 Macedoniam.
3368 2722 3437 2777 Et
3463 2722 3519 2776 in
3542 2722 3792 2779 ecclesia

2173 2808 2390 2894 quidem
2415 2819 2572 2877 [rene
2594 2820 2913 2891 cognomine
2935 2835 3055 2891 qua:
3082 2828 3165 2875 est
3191 2819 3367 2874 vicina
3392 2817 3549 2885 juxta
3592 2816 3794 2873 basili-

2175 2930 2293 2973 cam
2323 2915 2602 2985 Sophiam,
2636 2912 2834 2969 Paulus
2870 2921 2954 2969 est
2995 2912 3293 2979 ordinatus,
3347 2912 3400 2967 in
3449 2927 3561 2981 qua
3600 2910 3797 2980 potius

2174 3006 2471 3063 Alexandri
2523 3007 2791 3062 sententia
2852 3005 3065 3077 prolata
3114 3004 3417 3061 videbatur.
3464 3002 3797 3071 Soeris-ras,

2176 3100 2267 3156 lib.
2300 3116 2360 3171 tr,
2386 3116 2505 3172 cap.
2529 3098 2592 3167 4;
2624 3100 2750 3155 edit.
2783 3097 2977 3153 Christ.
3013 3097 3191 3153 Vales.
3223 3114 3337 3168 cap.
3369 3097 3426 3166 6,
3458 3115 3509 3168 p.
3547 3096 3638 3151 83.

2805 3212 3033 3270 CAPUT
3074 3212 3165 3268 1X.

2183 3333 2334 3401 Quod
2362 3340 2559 3387 remoto
2588 3329 2759 3384 Paulo
2789 3326 3043 3401 Eusebius
3078 3324 3126 3380 Ν
3136 3324 3496 3401 icomediensis
3525 3323 3802 3401 Constan-

2255 3403 2545 3474 tinopoleos
2574 3400 2834 3474 invaserit
2854 3399 3228 3474 episcopatum,
3258 3406 3336 3474 et-
3357 3396 3423 3474 de
3464 3396 3802 3474 Antiocheno

2252 3466 2495 3539 concilio,
2525 3480 2575 3526 et
2605 3466 2937 3525 ordinatione
2969 3466 3177 3523 Eusebii
3205 3469 3261 3521 in
3302 3466 3718 3539 Alexandriam,
3751 3479 3803 3539 et

2250 3553 2367 3618 post
2411 3536 2528 3618 eum
2570 3540 2831 3614 Gregorii,
2884 3550 2935 3595 et
2971 3539 3035 3595 de
3080 3538 3547 3609 transformatione
3576 3536 3803 3592 Νίσαικὶ

2255 3616 2481 3673 aoncilii.

2256 3731 2387 3787 Post
2426 3727 2704 3801 paululum
2729 3739 2860 3783 vero
2886 3734 3100 3796 tempus
3123 3721 3495 3795 imperatorad
3515 3720 3803 3778 Constan-

2180 3822 2465 3895 tinopolim
2487 3819 2731 3887 veniens,
2753 3817 3061 3889 indignatur
3080 3817 3150 3874 ob
3165 3815 3568 3873 ordinationem
3593 3814 3802 3872 factam

2182 3919 2507 3974 Arianorum
2579 3898 2992 3985 episcoporum;
3060 3912 3469 3981 constitutoque
3555 3912 3804 3967 concilio

2181 4011 2406 4068 Paulum
2435 4009 2654 4081 quidem
2698 4006 2969 4064 removeri
3014 4004 3176 4072 fecit;
3207 4004 3495 4061 Eusebium
3540 4018 3682 4060 vero
3732 4018 3808 4060 ex

2181 4104 2495 4162 Nicomedia
2522 4103 2846 4172 migrantem
2890 4097 3434 4168 Constantinopolim,
3466 4095 3803 4167 episcopum

2179 4212 2305 4255 esse
2348 4195 2609 4253 decrevit.
2658 4194 2777 4262 Quo
2803 4192 2947 4248 facto
2985 4190 3330 4247 Antiochiam
3376 4188 3663 4260 profectus
3716 4197 3806 4245 est

2180 4289 2496 4361 imperator.
2526 4285 2790 4342 Eusebius
2819 4284 3001 4355 itaque
3031 4283 3181 4338 nullo
3209 4281 3371 4339 modo
3418 4295 3644 4337 cessare
3696 4297 3807 4353 pa-

2181 4381 2441 4450 tiebatur,
2473 4378 2570 4437 sed
2594 4377 2777 4434 omnia
2823 4376 3226 4442 commovebat,
3264 4374 3437 4432 donec
3465 4389 3627 4433 suum
3657 4389 3804 4446 pm-

2179 4473 2418 4547 positum
2448 4470 2774 4543 perduceret
2800 4468 2872 4525 ad
2900 4468 3173 4526 effectum.
3202 4467 3327 4539 Egit
3348 4483 3479 4540 ergo
3510 4479 3572 4524 ut
3598 4469 3661 4526 in
3682 4471 3802 4527 An-

480 4603 638 4659 quam
694 4585 1082 4642 Constantinus
1126 4585 1311 4656 junior
1357 4584 1535 4640 fuerat
1574 4583 1718 4639 bello
1766 4561 2071 4645 defunctus,

2182 4566 2383 4623 tiochia
2411 4564 2580 4638 Syriae
2616 4562 2854 4637 synodus
2886 4562 3059 4629 ﬁeret,
3107 4562 3207 4619 sub
3246 4561 3537 4618 occasione
3565 4563 3803 4632 quidem

479 4683 691 4738 Arianae
734 4681 973 4736 cohortis
1001 4696 1126 4737 eum
1172 4680 1373 4751 gemitu
1419 4678 1693 4735 referebat
1734 4675 1976 4744 insidias,
2022 4682 2080 4731 et

479 4776 678 4831 bellum
718 4784 908 4832 contra
940 4774 1297 4846 apostolicam
1337 4772 1495 4829 fidem
1524 4780 1754 4841 gestum,
1804 4768 2080 4841 patrisque

480 4873 599 4943 ejus
629 4887 824 4927 nomen
855 4870 1186 4940 maximique
1214 4867 1435 4926 concilii
1460 4866 1528 4921 ab
1551 4866 1643 4922 illo
1672 4862 1931 4921 celebrati
1962 4876 2077 4919 me-

478 4956 745 5035 morabat,
769 4973 826 5022 et
846 4964 1099 5036 quoniam
1123 4962 1395 5036 communi
1415 4961 1535 5030 lege
1557 4956 1797 5031 synodus
1822 4955 2079 5011 roborata

438 5112 441 5117 .
478 5046 771 5114 videretur.
813 5056 939 5112 Haec
984 5032 1307 5112 insinuando
1336 5068 1457 5109 cum
1500 5050 1778 5123 lacrymis,
1810 5047 1877 5104 ad
1905 5054 2083 5119 pater-

481 5166 608 5206 num
636 5152 812 5207 zelum
841 5148 1100 5205 excitavit
1128 5149 1532 5216 imperatorem.
1583 5141 1707 5198 Mox
1755 5155 1989 5211 namque
2018 5146 2080 5195 ut

479 5245 596 5301 hzec
627 5244 850 5312 audivit,
873 5239 1146 5297 mandavit
1168 5237 1340 5303 fratri,
1363 5249 1592 5291 monens
1611 5242 1671 5289 ut
1699 5240 1937 5304 paternae
1958 5230 2078 5301 pie-
2105 5259 2113 5267 -

482 5339 609 5393 tatis
638 5335 1002 5391 inviolabilem
1044 5337 1290 5388 servaret
1319 5327 1687 5384 htereditatem
1709 5368 1724 5393 ,
1756 5340 1877 5380 cum
1909 5330 1965 5378 et
1993 5320 2083 5377 ille

481 5432 684 5503 pietate
711 5427 1061 5501 gubernando
1088 5439 1336 5496 regnum,
1360 5429 1415 5477 et
1436 5420 1807 5476 Romanorum
1829 5415 2085 5471 evicisset

481 5533 761 5596 tyrannos,
793 5529 848 5577 et
878 5528 1067 5592 gentes
1107 5517 1310 5590 positas
1356 5514 1413 5569 in
1457 5511 1682 5569 circuitu
1721 5506 2078 5578 subjugasset.

482 5614 906 5683 Tusoooasrus,
955 5610 1045 5668 tib.
1085 5626 1143 5679 ιι,
1185 5626 1303 5680 cap.
1361 5604 1428 5674 5;
1475 5605 1602 5660 edit.
1651 5600 1847 5655 Christ.
1905 5597 2083 5653 Vates.

482 5726 601 5782 cap.
634 5708 689 5774 4,
716 5725 770 5779 p.
802 5706 891 5763 72.

1087 5797 1317 5855 CAPUT
1354 5795 1491 5851 VIII.

487 5898 571 5958 De
596 5905 760 5955 morte
780 5895 1068 5953 Alexandri
1096 5886 1663 5962 Comtantinopotitani
1705 5880 1992 5960 pontiﬁcis.
2027 5885 2087 5942 et

2182 4657 2538 4714 dedicationis
2567 4654 2811 4711 ecclesia:
2836 4670 3001 4726 quam
3046 4663 3203 4725 pater
3228 4653 3596 4725 Augustorum
3623 4654 3804 4712 fabri-

2183 4748 2297 4804 cari
2326 4755 2566 4819 cmperat
2592 4746 2710 4819 [ηις.
2744 4744 2895 4818 ινα,
2922 4743 3165 4815 fecerat],
3195 4754 3249 4801 et
3276 4754 3396 4815 post
3425 4744 3546 4815 ejus
3581 4746 3803 4804 obitum

2182 4840 2533 4898 Constantius
2560 4840 2770 4895 decimo
2796 4853 2940 4894 anno
2970 4853 3089 4894 eam
3113 4853 3144 4894 a
3174 4831 3419 4910 tempore
3455 4840 3804 4900 fundationis

2184 4937 2498 5008 expleverat
2522 4952 2535 4988 :
2562 4949 2661 5005 pro
2686 4932 2917 4989 veritate
2942 4940 3123 4987 autem
3163 4931 3231 4987 ad
3257 4932 3679 4990 subversionem
3712 4945 3804 4991 at-

2185 5045 2293 5101 que
2319 5026 2741 5085 destructionem
2769 5024 2972 5081 Nicaeni
3018 5026 3254 5082 concilii.
3297 5024 3380 5082 Ad
3417 5042 3583 5097 quam
3624 5042 3803 5100 syno-

2187 5124 2317 5180 dum
2364 5126 2738 5179 convenerunt
2783 5134 2852 5173 ex
2899 5118 3203 5174 civitatibus
3253 5118 3481 5175 diversis
3545 5120 3802 5193 episcopi

2186 5218 2502 5288 nonaginta.
2526 5215 2788 5271 Maximus
2808 5223 2990 5270 tamen
3014 5213 3542 5286 Ilierosolymitanus
3567 5213 3805 5273 Macarii

2186 5325 2469 5368 successor
2490 5324 2597 5365 non
2625 5308 2796 5364 adfuit
2819 5326 2833 5361 :
2860 5307 3108 5376 cogitans
3127 5307 3253 5376 quia
3276 5305 3326 5360 ei
3353 5316 3539 5376 posset
3560 5308 3803 5377 subripi,

2185 5411 2246 5461 ut
2275 5404 2329 5460 in
2359 5403 2762 5459 damnationem
2804 5401 3170 5459 subscriberet
3199 5399 3498 5455 Athanasii.
3539 5399 3654 5455 Sed
3704 5417 3807 5458 ne-

2185 5513 2294 5572 que
2316 5496 2488 5553 Julius
2515 5494 2757 5552 interfuit
2780 5495 3029 5551 maximae
3057 5492 3244 5549 Romae
3272 5493 3486 5565 praesul,
3520 5507 3709 5563 neque
3750 5495 3807 5549 in

2189 5592 2370 5649 locum
2397 5605 2552 5647 suum
2582 5588 2815 5660 aliquem
2843 5584 3161 5652 destinavit;
3193 5600 3317 5640 cum
3364 5584 3554 5654 utique
3602 5585 3805 5655 regula

2189 5684 2558 5742 ecclesiastica
2581 5681 2769 5753 jubeat
2797 5695 2907 5735 non
2934 5686 3191 5749 oportere
3227 5684 3426 5749 praeter
3458 5679 3807 5733 sententiam

2189 5778 2420 5834 Romani
2449 5774 2720 5849 pontiﬁcis
2748 5773 2977 5829 concilia
3006 5771 3291 5829 celebrari.
3338 5769 3427 5825 Fit
3453 5783 3590 5839 ergo
3618 5786 3807 5843 syno-

2185 5876 2287 5934 dus
2313 5876 2367 5936 in
2396 5871 2684 5931 Antiochia
2710 5871 2812 5929 sub
2835 5868 3126 5942 praesentia
3166 5864 3469 5925 Constantii
3502 5865 3805 5939 principis.
