4006 6444
184 333 284 391 96I

183 537 290 595 540
330 540 610 594 secundum
639 537 899 605 Cassiod.,
935 538 1033 593 vel.
1069 537 1165 592 SM
1214 538 1494 594 secundum
1536 537 1785 611 Baron.).

183 632 316 688 Erat
346 642 527 687 autem
557 634 778 703 quintus
807 649 980 687 anuus
1013 632 1204 688 mortis
1250 631 1591 687 Constantini
1619 630 1789 703 patris

182 724 574 796 Augustorum.
627 721 1060 794 Praesidebatque
1107 731 1236 779 tunc
1288 721 1544 778 Ecclesia:
1594 721 1787 777 Antio-

181 817 375 874 chenze
401 816 638 873 Placitus
666 833 948 875 successor
974 815 1289 889 Euphronii.
1323 816 1586 872 Fautores
1627 816 1790 886 igitur

182 909 403 968 Eusebii
447 927 627 983 Opera:
667 912 900 983 pretium
938 910 1245 983 juﬁcantes
1288 909 1584 967 Athanasio
1631 909 1790 966 dero-

180 1019 332 1076 gare,
367 1005 602 1076 primum
654 1005 874 1075 quidem
913 1005 1226 1062 calumniati
1272 1012 1398 1061 sunt
1443 1004 1599 1075 quasi
1635 1010 1790 1059 extra

177 1101 426 1172 regulam
467 1101 683 1158 fecisset
710 1115 871 1172 quam
903 1110 1032 1158 tunc
1077 1101 1182 1174 ipsi
1230 1101 1621 1158 decreverant:
1653 1114 1789 1169 quo-

178 1192 326 1249 niam
359 1209 471 1248 non
502 1208 573 1248 ex
611 1194 880 1250 sententia
920 1193 1224 1250 communis
1270 1193 1484 1250 concilii
1512 1191 1790 1264 episcopo-

177 1299 297 1339 rum
328 1293 615 1356 receperat
643 1285 1032 1352 sacerdotium,
1083 1285 1178 1342 sed
1223 1284 1442 1340 sibimet
1486 1281 1788 1352 arrogando

176 1375 231 1430 in
255 1374 557 1431 Ecclesiam
587 1377 777 1432 fuisset
816 1377 1110 1446 ingressus.
1144 1375 1348 1432 Deinde
1391 1375 1646 1446 quoniam
1674 1373 1791 1444 ejus

177 1468 424 1524 adventu
456 1470 669 1525 turbata
709 1484 929 1540 genera,
975 1469 1192 1541 plurimi
1221 1470 1487 1526 seditione
1517 1469 1624 1526 sint
1644 1484 1792 1524 mor-

175 1559 292 1626 tui;
323 1569 382 1616 et
413 1562 537 1633 quia
568 1562 734 1633 aliqui
757 1562 824 1618 ab
850 1561 1149 1618 Athanasio
1168 1562 1314 1638 caesi,
1339 1561 1612 1632 judicibus
1640 1559 1789 1616 dice-

174 1661 370 1709 rentur
400 1669 522 1711 esse
550 1656 858 1712 contraditi.
889 1655 1188 1726 Soan'rns,
1219 1656 1310 1712 lib.
1335 1673 1396 1727 ιι,
1419 1673 1535 1727 cap.
1568 1653 1634 1723 5;
1660 1655 1786 1711 edit.

174 1746 373 1803 Christ.
420 1746 601 1804 Vales.
629 1765 749 1820 cap.
781 1748 813 1802 7
837 1757 887 1804 et
916 1748 970 1816 8,
995 1768 1051 1822 p.
1084 1748 1174 1804 84.

1227 331 1552 392 HISTORIA
1588 329 2030 392 TRIPARTITA.
2073 330 2282 390 LIBER
2318 332 2406 390 IV.

185 447 472 504 consulatu
520 444 813 502 Marcellini
850 451 904 502 et
942 443 1163 502 Probini
1195 445 1274 518 (id
1301 455 1399 516 est,
1441 464 1579 502 anno
1621 445 1777 501 Dom.
1811 449 1863 508 Α

2509 441 2740 499 CAPUT
2776 441 2869 499 XI.

1892 535 2183 621 Quomodo.
2211 535 2494 621 Gregorius
2531 535 2907 621 Alexandriam
2941 537 3149 620 venerit,
3197 543 3260 621 et
3296 537 3490 621 fugerit

1927 609 2268 673 Athanasius,
2295 605 2346 662 et
2373 623 2489 678 qua:
2509 607 2652 662 mala
2677 624 2770 678 per
2808 605 3111 680 Gregorium
3150 605 3306 682 gesta'
3322 605 3447 666 sint.

1964 723 2179 781 Interea
2207 723 2528 794 Gregorium
2557 722 2857 780 deducebat
2884 723 2938 780 in
2982 723 3363 783 Alexandriam
3393 727 3491 802 Sy-

1889 817 2076 873 rianus
2112 816 2371 888 magister
2408 816 2634 885 militire,
2672 824 2729 872 et
2775 831 2896 872 cum
2945 833 3012 875 eo
3052 822 3246 876 armati
3293 822 3490 878 milites

1890 926 2122 968 numero
2167 912 2410 983 quinque
2449 911 2638 981 millia,
2685 912 2882 982 quibus
2910 913 3073 969 etiam
3103 915 3327 972 aderant
3373 918 3490 974 Arii

1890 1012 2191 1061 sectatores
2229 1004 2302 1060 ibi
2340 1012 2636 1062 morantes.
2685 1005 2793 1061 Sed
2838 1006 3113 1076 quomodo
3165 1007 3491 1068 Athanasius

1890 1097 2121 1154 ecclesia
2149 1097 2357 1169 pulsus,
2397 1114 2469 1155 ne
2507 1105 2796 1171 caperetur
2831 1099 3038 1170 etlugit,
3087 1101 3322 1158 arbitror
3373 1120 3492 1160 esse

1890 1187 2199 1245 dicendum.
2258 1189 2389 1246 Erat
2434 1191 2578 1247 enim
2615 1208 2863 1264 vespera,
2906 1195 3067 1268 247
3095 1201 3150 1252 et
3178 1197 3409 1268 populus
3438 1199 3491 1254 in

1891 1279 2090 1351 vigiliis
2131 1280 2492 1338 observabat:
2524 1283 2950 1356 sperabaturque
2995 1288 3176 1344 futura
3219 1289 3490 1347 collectio.

1891 1369 2039 1429 Inter
2061 1373 2177 1431 haec
2204 1374 2357 1431 venit
2383 1376 2642 1446 magister
2666 1378 2920 1447 militum,
2953 1389 3008 1435 et
3041 1382 3184 1438 circa
3206 1383 3494 1439 ecclesiam

1891 1479 1992 1536 per
2016 1465 2272 1522 cohortes
2320 1483 2450 1524 suos
2489 1468 2687 1526 milites
2712 1470 3000 1527 ordinavit.
3029 1471 3353 1533 Athanasius
3400 1494 3495 1533 au-

1893 1564 2005 1612 tem
2035 1558 2221 1614 videns
2241 1574 2363 1630 quae
2392 1558 2613 1627 Iiebant,
2642 1563 2901 1631 cogitavit
2929 1581 2997 1621 ne
3036 1576 3261 1638 propter
3287 1586 3348 1626 se
3387 1569 3495 1626 ulla

1892 1649 2042 1707 laesio
2079 1652 2280 1724 populo
2310 1653 2639 1724 proveniret.
2687 1653 2755 1710 Et
2792 1658 3112 1729 prmcipiens
3157 1660 3390 1719 diacono
3436 1671 3497 1719 ut

1896 1742 2198 1814 compleret
2224 1745 2554 1817 orationem,
2583 1762 2770 1802 rursus
2799 1749 3070 1820 psalmum
3111 1750 3240 1807 fecit
3268 1752 3493 1825 imponi.

143 1861 153 1874 '
244 1858 365 1917 Hac
401 1860 757 1932 derogatione
781 1870 914 1920 tunc
943 1864 1125 1919 habita
1146 1863 1544 1920 constituerunt
1573 1862 1787 1934 episco-
1816 1845 1866 1906 Β
1894 1831 2143 1934 numq“?
2187 1840 2564 1898 θουδθηδηίίδ
2590 1841 2904 1912 Ρεθίιηυδίῖε
2965 1843 3354 1916 θθΙθδτδτεῑυτο
3400 1862 3496 1918 Per

175 1966 308 2023 pum
339 1953 398 2010 in
423 1954 771 2022 Alexandria,
794 1955 970 2026 primo
995 1954 1214 2024 quidem
1252 1953 1544 2010 Eusebium
1586 1966 1789 2021 cogno-

177 2053 370 2102 mento
421 2045 750 2103 Emisenum.
798 2045 1099 2115 Socu'rss,
1127 2047 1218 2103 lib.
1272 2063 1331 2113 ιι,
1384 2063 1501 2119 cap.
1546 2047 1609 2113 6;
1657 2046 1784 2100 edit.

175 2139 384 2198 Christ.
411 2139 589 2196 Vales.
618 2158 736 2207 cap.
767 2140 821 2209 9,
852 2160 906 2212 p.
940 2139 1031 2196 85.

253 2255 381 2322 Quo
409 2254 682 2321 ordinato,
729 2264 786 2312 et
830 2257 885 2312 in
934 2256 1318 2313 Alexandriam
1360 2257 1440 2313 ire
1486 2265 1784 2325 metuente,

178 2343 508 2415 Gregorium
531 2348 777 2404 fecerunt
805 2351 1139 2426 episcopum.
1173 2347 1268 2404 His
1299 2350 1372 2404 ita
1400 2350 1588 2419 gestis,
1613 2359 1788 2404 trans-

181 2439 560 2494 formaverunt
599 2437 778 2505 ﬁdem,
825 2441 959 2495 nihil
997 2441 1213 2512 quidem
1261 2440 1544 2510 culpantes
1587 2440 1788 2495 Nicaeni

182 2531 436 2598 concilii;
482 2531 576 2587 sed
617 2532 941 2603 principium
983 2532 1305 2602 praebentes,
1363 2540 1630 2602 quatenus
1682 2532 1789 2587 fre-

183 2624 481 2692 quentibus
506 2625 753 2680 conciliis
783 2625 887 2680 alia
918 2626 1146 2680 subinde
1175 2634 1446 2681 mutantes
1473 2635 1528 2681 et
1555 2626 1791 2681 recitan-

185 2721 290 2780 tes,
341 2716 608 2772 terminus
655 2715 777 2770 Iidei
824 2717 1086 2786 paulatim
1136 2716 1194 2770 in
1213 2715 1467 2770 Arianam
1513 2717 1789 2772 vesaniam

185 2803 500 2874 repedaret.
522 2804 822 2873 Socna'res,
841 2805 931 2860 tib.
956 2821 1014 2873 ιι,
1037 2821 1155 2876 cap.
1180 2805 1368 2874 7;cdit.
1395 2804 1588 2862 Christ.
1612 2807 1793 2864 Vates.

188 2916 310 2971 cap.
346 2898 401 2966 9,
426 2919 480 2973 p.
514 2901 604 2958 86.

818 3101 1052 3159 CAPUT
1089 3102 1157 3157 Χ.

1892 1943 2056 1984 unam
2097 1929 2326 2001 januam
2367 1935 2612 1991 ecclesia:
2653 1937 3070 2006 egrediebantur
3116 1955 3324 1996 omnes.
3376 1941 3496 2008 Quo

1890 2017 2057 2087 facto,
2109 2023 2311 2080 milites
2354 2026 2572 2095 quidem
2621 2029 2740 2084 sine
2787 2030 3158 2086 commotione
3205 2041 3494 2090 steterunt.

1891 2109 2220 2171 Athanasius
2271 2126 2454 2174 autem
2504 2119 2647 2176 inter
2675 2121 2885 2178 medios
2913 2123 3257 2194 psallentium
3298 2125 3496 2183 illmsul

1892 2201 2174 2260 abscessit.
2203 2205 2269 2262 Et
2315 2208 2421 2266 hoc
2465 2211 2629 2268 modo
2670 2213 2902 2285 fugiens,
2955 2215 3184 2274 Romam
3222 2221 3497 2290 profectus

1893 2304 1997 2352 est.
2032 2297 2202 2356 Porro
2231 2301 2522 2372 Gregorius
2551 2306 2934 2365 Alexandrina:
2963 2319 3092 2369 tunc
3121 2314 3372 2384 praesedit
3393 2313 3496 2372 Ec-

1892 2387 2089 2444 clesize.
2124 2393 2610 2453 Alexandrinorum
2633 2415 2764 2455 vero
2790 2401 2942 2471 plebs
2973 2420 3082 2459 non
3128 2406 3305 2463 terens
3351 2405 3495 2478 quod

1893 2491 2014 2536 erat
2039 2495 2271 2555 gestum,
2303 2489 2588 2545 ecclesiam
2618 2506 2738 2562 quae
2777 2493 3016 2566 Dionysii
3045 2506 3388 2568 nuncupatur
3408 2498 3496 2553 in-

1893 2575 2094 2631 cendit.
2129 2577 2432 2648 Socuuas,
2463 2582 2554 2638 lib.
2586 2599 2645 2651 ιι,
2676 2601 2794 2657 cap.
2826 2585 2894 2655 8;
2932 2587 3057 2643 edit.
3091 2587 3282 2646 Christ.
3318 2590 3491 2650 Vales.

1895 2685 2010 2740 cap.
2041 2671 2130 2740 II,
2160 2689 2212 2742 p.
2247 2671 2338 2728 88.

2508 2830 2740 2888 CAPUT
2779 2833 2888 2894 XIL

1898 2936 2052 3002 Quod
2092 2949 2294 3012 mortuo
2358 2940 2584 2998 Eusebio
2640 2945 2841 3002 Paulus
2895 2951 2950 3004 in
3005 2953 3276 3008 ecclesiam
3314 2971 3492 3012 rursus

1930 3011 2255 3067 introductus
2283 3014 2369 3078 sit,
2402 3025 2452 3069 et
2477 3015 2539 3070 ab
2569 3017 2781 3072 Arionis
2802 3017 3142 3078 Macedonius
3172 3011 3453 3083 institutus.

1969 3123 2233 3181 Eusebius
2263 3137 2443 3184 autem
2492 3129 2817 3199 legationem
2859 3136 3006 3192 misit
3051 3139 3118 3195 ad
3163 3139 3361 3198 Julium
3387 3143 3495 3201 Ro-

191 3208 441 3282 Epistola
459 3212 993 3306 Antioclieni‘concitii
1037 3218 1100 3306 de
1127 3218 1250 3306 ﬁde,
1278 3227 1328 3272 et
1357 3219 1419 3306 de
1445 3217 1574 3276 bello
1616 3218 1792 3275 Fran-
1819 3240 1869 3306 ο
1896 3233 2070 3274 manu:
2117 3220 2264 3277 urbis
2311 3224 2648 3295 episcopum,
2698 3242 2893 3297 rogans
2933 3240 2991 3286 ut
3037 3242 3225 3289 contra
3255 3237 3496 3292 Athana-

519 3288 650 3356 cico,
677 3298 726 3342 et
752 3288 816 3343 de
843 3289 1131 3344 Antiochia
1155 3300 1466 3346 terrwmotu.

263 3395 374 3454 Nos
415 3414 592 3470 neque
636 3417 897 3472 sequaces
930 3400 1043 3458 Arii
1073 3402 1296 3471 fuimus;
1328 3404 1600 3475 quomodo
1647 3407 1791 3461 enim

189 3491 435 3563 episcopi
504 3495 878 3566 presbyterum
939 3499 1325 3568 sequeremur?
1382 3497 1568 3568 Neque
1631 3499 1788 3553 aliam

189 3586 501 3654 quampiam
533 3586 691 3642 ﬁdem
724 3588 928 3658 absque
961 3591 1209 3659 exposita
1260 3591 1558 3660 antiquitus
1603 3607 1790 3648 susce-

187 3676 384 3744 pimus.
431 3677 539 3733 Sed
587 3680 749 3734 etiam
793 3696 894 3735 nos
933 3681 1334 3737 examinatores
1380 3692 1433 3736 et
1484 3683 1791 3751 cognitores

184 3769 300 3838 ejus
349 3771 480 3827 fidei
527 3773 653 3828 facti
685 3791 908 3841 sumus;
941 3782 996 3829 et
1023 3774 1383 3845 judicavimus
1420 3777 1600 3847 potius
1628 3792 1791 3847 quam

180 3865 355 3919 secuti
385 3880 599 3920 sumus.
637 3865 927 3922 Didicimus
965 3868 1107 3923 enim
1155 3867 1223 3923 ab
1273 3868 1426 3923 initio
1468 3870 1689 3926 credere
1735 3871 1791 3926 in

179 3970 345 4012 unum
378 3957 558 4012 Deum
586 3959 846 4026 omnium,
880 3959 1049 4014 Deum
1078 3960 1449 4016 universorum
1480 3961 1790 4032 intelligibi-

177 4047 310 4106 Iium
340 4052 793 4123 sensibiliumque
819 4061 1122 4109 creatorem
1169 4061 1224 4108 et
1266 4053 1620 4123 provisorem,
1655 4065 1709 4110 et
1735 4054 1789 4109 in

184 4158 352 4199 unum
378 4145 577 4200 Filium
603 4147 934 4216 unigenitum
965 4155 1092 4202 ante
1121 4147 1301 4200 omnia
1331 4147 1524 4202 smcula
1548 4147 1788 4202 existen-

184 4239 315 4300 tem,
349 4244 406 4291 et
435 4252 558 4291 cum
587 4252 686 4292 suo
716 4237 961 4306 genitore
987 4245 1318 4301 manentem,
1352 4251 1450 4304 per
1478 4251 1637 4303 quem
1673 4252 1788 4292 om-

185 4329 275 4383 nia
304 4329 448 4384 facta
479 4337 605 4384 sunt
633 4329 863 4384 visibilia
892 4337 948 4384 et
969 4328 1256 4382 invisibilia
1277 4345 1292 4393 ;
1315 4336 1369 4381 et
1399 4329 1491 4396 qui
1521 4329 1576 4382 in
1606 4329 1790 4383 novis-

183 4419 336 4474 simis
365 4420 697 4488 temporibus
727 4435 824 4490 per
855 4421 1056 4474 bonam
1101 4419 1432 4473 voluntatem
1467 4416 1642 4474 Patris
1689 4417 1787 4475 de-

181 4513 415 4579 scendit,
448 4519 505 4567 et
532 4528 602 4568 ex
642 4521 828 4570 sancta
857 4513 1076 4584 Virgine
1106 4532 1326 4572 carnem
1373 4519 1683 4589 assumpsit,
1729 4526 1789 4574 et

183 4621 402 4663 omnem
430 4608 764 4666 voluntatem
795 4608 971 4666 Patris
1010 4611 1094 4666 sui
1143 4611 1420 4682 implevit:
1451 4628 1642 4682 passus
1679 4620 1783 4682 est,
1808 4647 1867 4711 Β

182 4705 238 4753 et
266 4699 585 4767 resurrexit,
616 4710 672 4757 et
701 4702 755 4756 in
783 4702 952 4758 caelos
973 4702 1233 4770 ascendit,
1266 4711 1322 4759 et
1349 4703 1402 4758 in
1432 4704 1655 4758 dextera
1683 4701 1786 4759 Pa-

182 4791 278 4847 tris
328 4793 503 4860 sedet,
555 4801 816 4850 venturus
855 4794 1100 4864 judicare
1137 4796 1291 4851 vivos
1339 4805 1395 4850 et
1434 4803 1698 4862 mortuos,
1731 4805 1787 4852 et

181 4899 280 4942 rex
308 4896 595 4958 permanet
633 4887 686 4942 in
710 4897 974 4944 teternum
1015 4896 1070 4943 et
1106 4887 1268 4943 Deus.
1315 4885 1595 4944 Credimus
1634 4895 1702 4950 et.
1729 4887 1785 4944 in

183 4975 442 5048 Spiritum
469 4989 734 5037 sanctum.
765 4979 822 5036 Si
849 4990 1030 5037 autem
1070 4979 1434 5052 adjiciendum
1465 4991 1568 5047 est,
1604 4979 1784 5037 credi-

180 5086 298 5128 mus
325 5085 381 5130 et
408 5075 589 5130 carnis
626 5076 1078 5131 resurrectionem
1127 5081 1183 5131 et
1229 5074 1396 5129 vitam
1443 5081 1782 5145 perpetuam.

179 5162 303 5223 Haec
331 5169 384 5226 in
409 5168 584 5240 prima
620 5170 921 5225 scribentes
951 5168 1182 5239 epistola
1231 5167 1541 5224 civitatibus
1588 5167 1787 5236 dirige-

177 5257 328 5318 bant.
357 5261 468 5318 Sed
501 5269 626 5334 post
653 5261 926 5333 paululum
966 5260 1126 5315 aliam
1156 5261 1209 5314 in
1235 5258 1520 5315 Antiochia
1543 5257 1786 5313 dictave-

180 5359 321 5406 runt.
363 5353 570 5409 Eodem
615 5361 862 5424 tempore
903 5353 1068 5408 etiam
1117 5351 1506 5422 rempublicam
1555 5349 1783 5419 contigit

186 5443 336 5501 valde
366 5447 594 5503 turbari.
625 5445 772 5503 Gens
800 5461 1034 5516 namque
1055 5444 1387 5501 Francorum
1407 5443 1551 5500 circa
1579 5443 1782 5500 Gallias

185 5540 473 5595 constituta
511 5539 772 5597 Romanis
807 5548 925 5596 erat
966 5538 1180 5594 infesta.
1233 5536 1385 5592 Tunc
1426 5537 1570 5592 enim
1618 5524 1790 5592 etiam

186 5633 520 5688 tememotus
546 5633 812 5688 maximus
841 5633 910 5688 in.
923 5631 1144 5687 Oriente
1181 5629 1354 5686 factus
1381 5638 1482 5697 est,
1514 5637 1570 5684 et
1591 5627 1782 5700 praeci-

184 5734 289 5788 pue
332 5724 387 5777 in
416 5725 722 5794 Antiochia,
772 5740 892 5796 quae
930 5741 1075 5781 anno
1114 5723 1318 5795 jugiter
1355 5730 1441 5779 est
1471 5729 1774 5779 commota.

186 5811 479 5962 Sciamus,
504 5820 594 5879 tib.
619 5837 681 5893 ιι,
706 5837 824 5892 cap.
849 5820 914 5890 7;
933 5820 1060 5880 edit.
1089 5817 1283 5879 Christ.
1325 5816 1504 5878 Vates.
1526 5832 1645 5890 cap.
1687 5815 1776 5888 10,

189 5909 241 5962 ν.
314 5908 366 5962 6.

189 5909 241 5975 ρ.
279 5908 366 5964 86.

1897 3309 2036 3364 sium
2063 3311 2230 3381 judex
2253 3323 2420 3369 esset.
2454 3315 2559 3371 Sed
2600 3332 2721 3387 quae
2747 3319 2815 3376 de
2855 3321 3154 3381 Athanasio
3181 3325 3498 3384 decreverat

1895 3403 2087 3471 Julius,
2116 3405 2378 3463 Eusebius
2419 3425 2527 3465 non
2571 3413 2807 3467 occurrit
2849 3428 3144 3484 agnoscere
3173 3437 3188 3472 :
3218 3420 3343 3490 quia
3371 3421 3497 3479 dum

1896 3516 2127 3571 paucum
2157 3511 2367 3572 tempus
2394 3504 2617 3561 vixisset
2645 3517 2769 3577 post
2794 3511 3105 3580 concilium,
3126 3513 3239 3569 vita
3262 3516 3500 3585 privatus

1895 3602 1998 3648 est.
2029 3594 2370 3666 Quapropter
2395 3597 2938 3672 Constantinopolita:
2976 3601 3200 3660 Paulum
3229 3623 3414 3663 rursus
3444 3609 3498 3665 in

1895 3687 2177 3742 ecclesiam
2205 3689 2638 3746 introduxerunt.
2669 3692 2816 3748 Idem
2845 3703 2900 3749 et
2927 3695 3112 3750 Ariani
3133 3696 3186 3750 in
3209 3699 3497 3755 ecclesiam

1895 3798 2013 3852 qua:
2042 3799 2185 3838 nunc
2224 3784 2421 3839 dicitur
2451 3783 2603 3840 Pauli
2645 3787 2966 3844 ordinavere
3011 3789 3404 3846 Macedoniam.
3433 3789 3498 3848 Et

1893 3875 1998 3931 hoc
2022 3879 2281 3946 gerebant
2310 3876 2550 3934 fautores
2595 3878 2813 3934 Eusebii
2860 3896 3309 3952 successoresque
3356 3899 3497 3954 prte-

1894 3968 2237 4039 sumptionis,
2268 3969 2319 4023 id
2349 3969 2466 4033 est,
2485 3967 2829 4038 Theogonius
2850 3968 3120 4037 Nicamus,
3155 3970 3318 4028 Maris
3339 3971 3496 4028 Chal-

1893 4062 2235 4129 cedonensis,
2261 4061 2580 4118 Theodorus
2608 4061 2901 4129 Heracleae,
2929 4072 2986 4118 et
3009 4064 3222 4134 reliqui.
3253 4063 3362 4121 Sed
3395 4063 3498 4122 Ur-

1892 4155 2072 4212 sacius
2091 4163 2146 4210 et
2167 4155 2365 4210 Valens
2384 4155 2646 4222 haeretici,
2676 4166 2866 4226 postea
2891 4155 3132 4211 libellum
3160 4157 3493 4227 pamitentize

1890 4245 2032 4302 Julio
2067 4247 2355 4303 offerentes
2390 4248 2671 4319 episcopo,
2719 4257 2774 4303 et
2811 4249 3212 4320 consentientes
3255 4249 3494 4306 consub-

1890 4342 2258 4399 stantialitatis
2279 4344 2468 4412 verbo,
2490 4343 2893 4400 communicare
2921 4353 3255 4401 meruerunt.
3285 4344 3494 4404 Socru-

1891 4456 2011 4508 rss,
2059 4440 2150 4496 tib.
2208 4457 2270 4513 ιι,
2318 4458 2435 4514 cap.
2487 4439 2554 4510 9;
2599 4440 2726 4497 edit.
2773 4439 2968 4498 Christ.
3028 4439 3208 4500 Vales.
3249 4459 3366 4518 cap.
3425 4442 3489 4499 11

1887 4543 1938 4589 et
1967 4533 2056 4605 12,
2086 4553 2140 4606 p.
2169 4533 2259 4592 89.

2502 4691 2733 4752 CAPUT
2773 4693 2917 4751 XIII.

1891 4806 2160 4881 Quomodo
2183 4807 2532 4881 Hermogenes
2554 4783 2799 4881 ηιαςίδώ
2819 4810 3040 4867 militum
3064 4812 3238 4869 volens
3261 4811 3490 4869 Paulum

1962 4879 2026 4957 a_b
2053 4883 2269 4957 ecclesia
2299 4879 2532 4957 pellere,-
2558 4898 2591 4935 a
2621 4879 2811 4953 populo
2848 4883 2916 4938 sit
2941 4893 3253 4956 peremptus,
3284 4893 3336 4942 et
3372 4900 3488 4957 qua

1955 4952 2186 5008 vindicta
2207 4952 2533 5024 processerit.

1958 5067 2172 5125 Interea
2215 5077 2438 5142 propter
2491 5069 2868 5131 Macedonium
2921 5075 3112 5146 ingens
3174 5075 3486 5147 praeliorum

1889 5159 2106 5216 flamma
2147 5162 2421 5232 surgebat,
2443 5171 2500 5220 et
2539 5164 2852 5222 intestinum
2896 5167 3099 5224 bellum
3145 5166 3484 5226 Christiano-

1890 5272 2011 5311 rum
2038 5258 2093 5312 in
2122 5257 2342 5314 civitate
2364 5257 2522 5316 multi
2551 5261 2827 5331 sanguinis
2868 5259 3134 5319 eﬂusione
3160 5263 3482 5334 pullulabat.

1884 5345 2042 5414 Quod
2088 5363 2211 5403 cum
2256 5349 2497 5406 audisset
2541 5350 2890 5409 Constantius
2929 5352 3230 5411 Antiochiae
3276 5355 3486 5428 positus

1885 5439 2202 5512 imperator,
2233 5440 2560 5514 Hermogeni
2588 5444 2846 5514 magistro
2873 5444 3102 5502 militum
3133 5445 3486 5504 Thraciarum

1885 5533 2119 5604 iniunxit
2139 5542 2199 5591 ut
2219 5532 2446 5591 Paulum
2480 5535 2710 5592 ecclesia
2738 5535 2985 5607 pelleret.
3018 5535 3123 5606 Qui
3171 5537 3484 5594 Constanti-

1887 5627 2129 5700 nopolim
2158 5628 2403 5696 veniens,
2434 5629 2697 5685 maximas
2736 5629 2922 5686 turbas
2944 5631 3054 5701 egit
3083 5631 3212 5706 [ed.,
3239 5646 3484 5689 commo-

1883 5724 1982 5797 vit]
2014 5743 2028 5780 :
2061 5739 2262 5796 cogens
2306 5734 2367 5781 ut
2404 5725 2700 5796 pelleretur
2742 5726 3047 5798 episcopus.
3091 5727 3255 5784 Facta
3298 5737 3484 5786 autem

1884 5818 2172 5889 seditione,
2222 5817 2454 5889 populus
2499 5829 2620 5875 erat
2665 5829 2999 5892 praeparatus
3052 5820 3122 5878 ad
3193 5821 3478 5878 ultionem.

1882 5910 2130 5989 Cumque
2159 5909 2530 5983 Hermogenes
2555 5911 2834 5977 insisteret
2856 5921 2918 5997 ιιι
2942 5913 3164 5978 militari
3185 5928 3352 5975 manu
3379 5927 3482 5971 cx-
