4006 6442
203 297 310 356 963

1239 293 1563 355 HISTORIA
1600 285 2045 351 TRIPARTITA.
2085 289 2292 351 “BER
2332 288 2424 353 IV.

3400 293 3514 352 Μ

200 409 480 481 recepisse
502 410 706 480 sedem,
733 408 904 468 iratus
919 425 1079 468 sacra
1101 423 1198 467 sua
1218 411 1364 466 misit
1383 409 1452 466 ad
1472 408 1798 481 Philippum,
1829 409 1878 470 A
1907 403 2170 472 chinatas,
2202 413 2493 474 postquam
2518 403 2734 462 Eusebii
2758 405 2968 464 litteras
3009 414 3340 478 susceperat,
3371 422 3501 464 evo-

199 497 291 574 qui
321 513 449 562 tunc
477 505 712 562 habebat
753 507 1044 562 maximam
1086 504 1230 560 inter
1273 504 1408 561 alios
1444 502 1654 574 judices
1700 517 1799 574 po-

199 604 453 653 testatem
493 605 549 654 et
584 606 707 670 post
753 599 1049 670 principem
1093 599 1360 655 secundus
1403 597 1802 670 appellabatur,

197 697 257 744 ut
286 685 517 744 Paulum
546 689 774 746 ecclesia
803 689 1050 760 pelleret,
1081 696 1137 744 et
1157 687 1534 745 Macedonium
1559 686 1801 742 introdu-

197 787 369 836 ceret.
403 779 698 838 Praifectus
725 789 908 837 autem
951 779 1230 853 Philippus
1257 780 1580 837 seditionem
1617 777 1805 850 populi

196 881 472 944 metuens,
501 882 621 930 arte
645 882 732 930 est
769 890 901 931 usus
935 873 1194 956 adversus
1221 873 1468 942 Paulum,
1514 879 1570 926 et
1610 870 1806 942 jussio-

196 982 324 1022 nem
348 966 568 1037 quidem
591 965 848 1038 principis
873 965 1088 1024 celavit.
1119 965 1388 1022 Simulans
1414 973 1596 1020 autem
1623 962 1803 1034 publi-

197 1073 326 1112 cum
360 1074 422 1114 se
450 1059 764 1114 habiturum
793 1074 915 1115 esse
943 1065 1253 1124 tractatum,
1279 1057 1544 1129 processit
1571 1054 1638 1111 ad
1664 1055 1807 1110 ther»

196 1163 315 1204 mas
342 1151 608 1207 vocabulo
654 1150 983 1222 Zeuxippas,
1010 1149 1196 1221 ibique
1223 1165 1346 1206 cum
1383 1149 1603 1205 honore
1647 1146 1804 1218 quasi

195 1246 515 1302 necessario
561 1246 782 1302 vocavit
826 1241 1076 1300 Paulum.
1113 1243 1358 1316 Cumque
1401 1243 1660 1309 venisset,
1717 1256 1804 1296 re-

195 1346 363 1408 pente
387 1337 676 1408 prtefectus
704 1354 858 1395 sacra
881 1338 1204 1404 monstravit
1229 1337 1589 1410 imperatoris,
1615 1343 1672 1391 et
1691 1335 1806 1410 epi-

193 1445 405 1501 scopus
447 1431 666 1502 quidem
706 1432 814 1488 illic
863 1431 1120 1501 injustam
1169 1429 1496 1486 sententiam
1537 1429 1808 1500 patienter

196 1523 340 1578 tulit.
370 1523 544 1581 Porro
568 1525 855 1592 praefectus
875 1536 1124 1584 metuens
1142 1525 1500 1581 multitudinis
1521 1525 1805 1596 impetum,

195 1628 321 1683 qua:
367 1615 445 1669 ibi
474 1626 824 1686 convenerat,
859 1628 1084 1688 propter
1126 1617 1338 1673 timoris
1383 1616 1604 1681 famam,
1645 1629 1809 1671 unam

195 1702 499 1761 fenestram
541 1708 878 1764 thermarum
919 1709 1080 1779 jussit
1115 1708 1336 1781 aperiri,
1381 1723 1480 1780 per
1531 1723 1694 1779 quam
1739 1705 1810 1762 ad

1901 495 2047 552 cavit
2108 497 2488 567 Athanasium,
2538 514 2662 555 cum
2720 500 2961 556 audisset
3012 500 3193 557 locum
3241 500 3333 554 ubi
3379 506 3504 556 erat

1901 592 2217 649 absconsus.
2241 590 2388 647 Inter
2409 591 2526 646 hmo
2545 593 2784 662 suscepit
2805 594 2968 649 etiam
2988 593 3199 649 litteras
3219 592 3502 665 Egyptio-

1902 699 2024 740 rum
2052 683 2452 756 episcoporum,
2478 685 2834 740 asserentium
2863 685 2996 740 falsa
3026 701 3144 742 esse
3167 701 3288 756 quae
3309 691 3501 740 contra

1903 776 2259 832 Athanasium
2301 777 2638 833 dicebantur.
2671 775 2789 842 Quo
2835 775 2978 832 facto
3009 775 3181 832 Julius
3225 775 3510 845 rescripsit

1908 869 1989 926 eis
2008 869 2103 941 qui
2128 867 2342 924 fuerant
2363 868 2415 924 in
2438 867 2724 924 Antiochia
2745 871 3079 940 congregati,
3099 871 3322 941 culpatis
3343 869 3508 942 ξω

1911 977 2008 1018 eos
2054 962 2290 1032 primum
2318 961 2384 1016 de
2411 960 2623 1032 injuriis
2665 961 2988 1028 litterarum,
3022 961 3218 1019 deinde
3257 977 3355 1017 cur
3381 977 3506 1016 eum

1909 1054 1976 1108 ad
2005 1053 2272 1130 synodum
2298 1069 2450 1110 suam
2480 1068 2590 1126 non
2617 1062 2926 1120 vocassent,
2967 1053 3266 1110 canonibus
3307 1053 3512 1124 quippe

1900 1145 2216 1217 jubentibus
2237 1155 2391 1201 extra
2422 1145 2731 1224 Romanum
2755 1145 2889 1201 nihil
2910 1144 3128 1201 decerni
3152 1143 3507 1215 pontiﬁcem;

1908 1238 2128 1309 insuper
2154 1237 2281 1307 quia
2311 1229 2544 1293 latenter
2586 1246 2995 1308 corrumperent
3044 1236 3229 1303 tidem,
3270 1244 3328 1291 et
3374 1234 3507 1305 quia

1912 1328 2041 1402 Tyri
2062 1338 2215 1400 gesta
2245 1344 2342 1401 per
2369 1329 2779 1400 subreptionem
2804 1330 3003 1384 fuerint
3030 1338 3087 1386 et
3113 1338 3232 1384 arte
3275 1341 3505 1399 compo-

1907 1425 2053 1492 sita;
2084 1432 2140 1479 et
2168 1425 2294 1495 quia
2331 1433 2523 1480 contra
2568 1423 2692 1498 [τηε.
2735 1422 3052 1492 Santheod.,
3101 1418 3394 1492 contraria]
3420 1420 3512 1491 jus

1909 1533 1980 1574 ex
2001 1533 2113 1573 una
2141 1526 2296 1589 parte
2325 1517 2663 1573 confecerint
2679 1518 3014 1573 monimenta
3041 1524 3340 1586 gestorum,
3372 1512 3516 1570 refe~

1913 1625 2043 1666 rens
2065 1618 2120 1666 et
2146 1609 2437 1666 falsitatem
2467 1609 2533 1665 de
2562 1608 2790 1665 Arsenio
2811 1608 3211 1665 concinnatam.
3244 1605 3517 1678 Epistolas

1913 1701 2061 1772 ipsas
2082 1718 2312 1773 ponere,
2332 1711 2558 1774 propter
2575 1702 2847 1758 fastidium
2869 1703 3042 1772 longae
3062 1701 3316 1760 lectionis
3331 1700 3514 1756 omisi.

194 1797 462 1866 palatium
494 1802 690 1858 ductus
719 1801 934 1869 Paulus,
966 1809 1023 1858 et
1048 1802 1247 1859 missus
1273 1803 1328 1857 in
1357 1817 1552 1857 navem
1577 1800 1646 1855 ad
1688 1800 1815 1856 talia
1843 1802 1894 1864 Β
1920 1793 2049 1850 Post
2071 1811 2302 1866 paucum
2341 1796 2554 1869 itaque__
2570 1804 2804 1867 tempus,
2845 1795 3043 1850 Paulus
3073 1809 3102 1848 a
3133 1791 3518 1849 Thessalonica

193 1899 473 1958 paratam,
499 1894 760 1950 velociter
784 1895 977 1951 ductus
1005 1903 1091 1950 est
1131 1895 1188 1949 in
1226 1894 1495 1950 exsilium.
1537 1892 1812 1964 Jussitque

195 1983 492 2050 pnefectus
523 1995 584 2040 ut
612 1985 1014 2044 Thessalonicae
1033 1996 1363 2057 servaretur,
1393 2004 1460 2043 ex
1485 2002 1592 2058 qua
1613 1985 1813 2041 Paulus

199 2076 390 2136 fuerat
416 2081 708 2150 oriundus;
740 2093 1009 2154 quatenus
1033 2085 1145 2142 illic
1166 2085 1396 2141 licenter
1417 2085 1646 2150 viveret,
1679 2091 1733 2139 et
1754 2084 1810 2140 in

195 2170 322 2227 aliis
379 2172 596 2246 Illyrici.
638 2176 966 2245 civitatibus,
1010 2194 1119 2234 non
1169 2186 1348 2234 tamen
1395 2187 1454 2233 ut
1507 2177 1577 2234 ad
1628 2186 1811 2248 partes

194 2259 441 2318 Orientis
463 2264 766 2322 accederet.
798 2265 916 2325 Iloc
937 2268 1120 2341 itaque
1149 2269 1310 2325 modo
1336 2266 1535 2324 Paulus
1572 2267 1815 2338 inopina-

194 2352 388 2410 biliter
415 2356 485 2413 de
503 2357 748 2416 Ecclesia
773 2363 962 2434 pulsus
981 2372 1083 2419 est.
1109 2361 1386 2434 Philippus
1400 2373 1581 2418 autem
1607 2379 1638 2417 a
1661 2365 1812 2419 then-«-

194 2443 302 2499 mis
327 2444 404 2498 ad
431 2449 720 2504 ecclesiam
764 2453 1110 2524 properabat,
1160 2470 1283 2510 cum
1307 2469 1420 2525 quo
1462 2453 1814 2512 Macedonius

196 2533 450 2592 residens
475 2538 532 2594 in
558 2541 806 2599 vehiculo
832 2559 954 2600 cum
985 2544 1242 2616 praefecto
1281 2546 1441 2602 simul
1466 2557 1523 2604 et
1551 2548 1811 2605 militibus

195 2627 367 2682 armis
387 2628 609 2687 indutis.
635 2632 753 2691 Hoc
772 2635 919 2692 facto
945 2646 1120 2694 terror
1144 2639 1404 2710 populum
1428 2639 1808 2709 apprehendit,

197 2731 256 2779 et
301 2725 374 2780 ad
419 2728 706 2800 ecclesiam
731 2745 1128 2791 concurrerunt
1173 2738 1411 2793 universi
1455 2737 1810 2794 Homousiani

196 2815 365 2872 simul
393 2825 450 2874 et
493 2819 702 2878 Ariani.
733 2822 978 2896 Cumque
1020 2825 1307 2897 praefectus
1334 2845 1459 2886 cum
1492 2829 1810 2888 Macedonio

197 2909 267 2965 ad
297 2912 588 2970 ecclesiam
619 2921 973 2988 pervenisset,
1006 2931 1062 2976 et
1087 2924 1344 2993 populum
1366 2932 1420 2980 et
1448 2925 1645 2981 milites
1669 2925 1809 2981 irra-

198 3001 483 3082 tionabilis
508 3007 674 3063 timor
701 3009 917 3065 invasit.
949 3010 1196 3083 Cumque
1241 3024 1388 3071 esset
1434 3017 1597 3072 nimia
1629 3017 1810 3074 multi-

198 3094 355 3161 tudo,
390 3112 492 3153 nec
520 3107 706 3168 posset
729 3096 955 3159 introire
980 3105 1284 3176 prazfectus,
1309 3108 1508 3164 milites
1525 3118 1810 3180 creperum

1916 1857 2176 1942 simulans
2223 1902 2282 1944 se
2311 1857 2660 1942 habere.itcr
2685 1857 3161 1949 -ad'Corintltum,
3209 1883 3267 1937 in
3305 1881 3518 1938 Italiam

1921 1979 2094 2048 venit,
2163 1995 2265 2034 una
2315 1993 2439 2034 cum
2487 1977 2784 2032 Athanasio
2829 1988 2984 2032 actus
3025 1991 3154 2032 suos
3199 1971 3518 2046 imperatori

1917 2072 2203 2128 Constanti
2234 2072 2508 2129 indicavit.
2537 2070 2840 2138 Socnarss,
2889 2071 2981 2126 lib.
3026 2087 3088 2142 ιι,
3137 2069 3267 2126 edit.
3317 2067 3513 2124 Christ.

1920 2163 2094 2221 Vales.
2119 2181 2235 2237 cap.
2262 2164 2348 2232 17,
2377 2184 2431 2236 p.
2455 2163 2546 2221 94.

2513 2340 2744 2400 CAPUT
2780 2339 2902 2397 XX.

1912 2455 1991 2512 De
2013 2457 2198 2530 legatis
2227 2456 2558 2530 orientalium
2577 2455 2940 2530 episcoporum
2971 2453 3044 2507 ad
3063 2451 3400 2509 Constantem
3425 2451 3510 2508 di-

2262 2529 2416 2582 rectis
2443 2545 2537 2598 pro
2564 2528 2644 2581 Itis
2673 2543 2787 2599 qua:
2815 2537 2959 2597 gesta
2987 2535 3160 2581 erant.

1980 2641 2281 2713 Imperator
2309 2649 2489 2696 autem
2516 2639 2668 2694 fratri
2686 2655 2785 2694 suo
2823 2636 3144 2695 Constantio
3191 2637 3409 2708 scripsit
3447 2645 3514 2693 ut

1912 2733 2120 2804 aliquos
2175 2733 2516 2790 orientalium
2580 2733 2964 2802 episcoporum
3018 2730 3392 2787 satisfacturos
3445 2730 3520 2785 de

1911 2825 2267 2896 quorumdam
2313 2824 2663 2880 damnatione
2708 2822 2986 2895 dirigeret.
3027 2822 3368 2892 Quapropter
3409 2821 3514 2876 eli-

1911 2926 2108 2986 guntur
2148 2925 2278 2981 tres,
2325 2916 2608 2972 Narcissus
2636 2916 2996 2986 Irenopolites
3037 2916 3157 2988 [αδ.
3201 2923 3250 2969 et
3291 2915 3376 2969 ed.
3417 2913 3510 2984 V.,

1911 3005 2310 3076 Ilcrmipolital,
2342 3003 2481 3059 Cilix
2510 3007 2827 3076 episcOpus,
2874 3003 3192 3066 Theodorus
3250 3003 3510 3060 lieradia!

1912 3099 2176 3169 Thracize,
2207 3109 2262 3156 ct
2288 3099 2502 3155 Marcus
2521 3099 2802 3154 Arethnsze
2827 3097 3082 3171 Syriacae.
3105 3097 3208 3164 Qui
3233 3097 3514 3153 venientes

199 3189 465 3266 populum
514 3193 780 3250 violenter
825 3196 1144 3268 impellere;
1175 3208 1232 3255 et
1270 3217 1392 3257 cum
1443 3210 1666 3272 propter
1715 3217 1810 3258 an.
1833 3186 1880 3248 C
1914 3193 1967 3247 in
1995 3192 2225 3258 Italiam,
2254 3190 2396 3248 facta
2423 3192 2643 3262 propria
2669 3190 3028 3256 vindicabant,
3061 3188 3293 3243 nitentes
3332 3187 3511 3256 impe-

199 3282 437 3350 gustiam
486 3284 592 3340 loci
640 3287 896 3344 recedere
943 3305 1053 3346 non
1103 3292 1372 3361 valerent,
1414 3303 1668 3363 putantes
1713 3309 1812 3352 eos

201 3374 406 3429 milites
427 3376 529 3432 sibi
556 3378 695 3434 velle
719 3381 992 3450 resistere,
1015 3386 1314 3454 evaginatis
1329 3386 1524 3456 gladiis
1545 3387 1602 3442 in
1621 3401 1813 3444 eorum

203 3467 433 3526 necihus
481 3473 892 3542 grassabantur.
960 3475 1114 3534 Tunc
1178 3494 1328 3549 ergo,
1395 3482 1554 3537 sicuti
1618 3481 1812 3550 fertur,

202 3563 475 3633 perempti
517 3574 641 3620 sunt
668 3567 813 3623 circa
854 3570 956 3625 tria
985 3572 1152 3626 millia
1182 3581 1400 3628 centum
1445 3582 1503 3630 et
1547 3574 1816 3645 quinqua-

203 3652 373 3723 ginta.
422 3653 529 3710 Alii
553 3672 584 3713 a
611 3659 874 3716 militibus
903 3662 1195 3731 interfemti,
1223 3665 1315 3722 alii
1358 3682 1489 3723 vero
1531 3683 1812 3740 compres-

201 3746 358 3804 sione
417 3757 546 3805 sunt
587 3753 807 3808 mortui.
852 3753 950 3810 His
991 3758 1126 3813 actis
1171 3757 1519 3817 Macedonius
1555 3768 1813 3832 tanquam

201 3839 335 3896 nihil
364 3841 504 3898 mali
546 3857 764 3914 gerens,
794 3847 889 3902 sed
934 3848 1099 3904 veluti
1143 3851 1374 3908 mundus
1407 3861 1464 3908 et
1491 3852 1750 3909 innocens
1779 3869 1813 3910 a

198 3932 466 4000 praefecto
505 3935 676 4002 magis
700 3951 860 4002 quam
891 3940 959 3994 ab
988 3941 1367 3999 ecclesiasticis
1405 3944 1604 4012 regulis
1645 3945 1814 4000 tradi-

198 4027 314 4076 tum
357 4022 472 4079 sibi
521 4029 764 4098 percepit
806 4032 1200 4102 episcopatum.
1248 4033 1543 4104 Tantisque
1588 4036 1813 4091 necibus

203 4112 320 4184 ipse
347 4124 410 4171 et.
439 4116 626 4173 Ariani
657 4117 908 4176 Ecclesiae
932 4123 1054 4193 jura
1085 4132 1394 4180 tenuerunt.
1419 4125 1534 4181 IIoc
1563 4135 1810 4199 tempore

207 4205 509 4279 imperator
552 4213 818 4282 majorem
865 4217 1152 4273 ecclesiam
1201 4218 1642 4290 fabricabatquat
1669 4235 1814 4276 nunc

206 4295 412 4371 Sophia
435 4301 725 4371 vocitatur,
752 4316 807 4360 et
835 4315 917 4363 est
942 4309 1195 4378 copulata
1246 4310 1488 4365 ecclesia:
1529 4325 1649 4380 qua:
1677 4311 1814 4366 dici-

209 4403 298 4450 tur
327 4395 501 4462 lrene,
531 4412 692 4466 quam
723 4410 879 4468 pater
918 4403 1281 4472 imperatoris,
1306 4420 1429 4458 cum
1476 4412 1621 4460 esset
1664 4405 1814 4475 prius

206 4484 446 4553 modica,
495 4485 562 4540 ad
605 4488 1059 4556 pulchritudinem
1105 4492 1640 4565 magnitudinemque
1685 4510 1812 4564 per-

1916 3287 2087 3342 ratori
2111 3285 2438 3357 persuadere
2466 3282 2747 3340 orientalis
2775 3282 2991 3338 concilii
3015 3279 3216 3350 justam
3241 3291 3362 3335 esse
3387 3291 3512 3334 sen-

1917 3379 2164 3434 tentiam.
2203 3376 2446 3446 Curaque
2489 3375 2611 3431 tidei
2636 3389 2749 3430 sua!
2795 3372 3189 3430 confessionem
3239 3370 3512 3439 exigeren-

1915 3479 2021 3539 tur,
2054 3470 2214 3526 fidem
2255 3469 2478 3540 quidem
2501 3468 2804 3525 Antiochia:
2831 3465 3134 3537 expositam
3175 3465 3509 3520 celaverunt.

1915 3564 2091 3618 Aliam
2136 3577 2266 3619 vero
2293 3561 2702 3618 conscribentes
2747 3559 3146 3616 confessionem
3171 3557 3512 3623 obtulerunt,

1915 3659 2088 3716 multo
2118 3667 2298 3713 tamen
2322 3672 2353 3712 a
2382 3656 2604 3712 Nicteno
2631 3653 2866 3711 concilio
2895 3652 3284 3710 dissonantem.
3309 3651 3514 3708 Videas

1891 3746 2095 3809 ’adtem
2124 3753 2393 3808 Constans
2423 3749 2622 3820 injuste
2659 3755 2916 3818 gravatos
2949 3747 3216 3811 homines,
3265 3761 3368 3800 nec
3403 3745 3512 3800 cri-

1914 3845 2062 3901 mina
2088 3844 2252 3899 fuisse
2293 3858 2421 3898 vera
2471 3857 2569 3911 pro
2595 3841 2790 3912 quibus
2836 3838 3155 3894 dicebantur
3181 3851 3215 3890 a
3264 3851 3512 3892 commu-

1916 3938 2078 3995 nione
2103 3937 2369 4008 StlSpenSi,
2401 3935 2493 3989 sed
2521 3943 2729 4003 gestum
2769 3939 2992 4002 propter
3017 3929 3404 3985 dissonantiam
3441 3927 3508 3980 ti-

1914 4034 2034 4099 dei;
2065 4047 2188 4088 cum
2219 4027 2529 4085 satisfacere
2555 4026 2923 4096 nequivissent
2949 4039 3048 4094 pro
3076 4039 3186 4092 quo
3225 4031 3511 4090 venerant,

1914 4123 2125 4179 remisit
2151 4135 2247 4176 eos
2275 4119 2343 4173 ad
2368 4117 2605 4188 propria.
2632 4115 2762 4170 Post
2790 4123 2900 4169 tres
2926 4122 3106 4170 autem
3131 4129 3304 4170 annos
3323 4129 3515 4170 rursus

1917 4213 2210 4268 orientales
2251 4209 2491 4281 episcopi
2535 4207 2968 4264 Occidentalibus
3021 4208 3180 4262 aliam
3225 4209 3514 4278 epistolam

1917 4305 2250 4370 direxerunt,
2309 4317 2473 4372 quam
2521 4301 2813 4356 multorum
2857 4315 3110 4354 versuum
3159 4300 3515 4357 nominavere

1917 4396 2398 4468 conscriptionem,
2427 4410 2494 4450 eo
2538 4394 2683 4464 quod
2709 4394 2850 4449 ultra
2893 4393 3103 4464 priores
3141 4394 3351 4464 prolixo
3391 4395 3512 4451 elo—

1917 4489 2044 4559 quio
2069 4488 2316 4544 confecta
2341 4485 2633 4542 videretur.
2663 4485 2723 4540 In
2743 4501 2849 4555 qua
2873 4485 2945 4542 de
2967 4486 3265 4542 substantia
3293 4487 3512 4556 quidem

209 4573 444 4630 duxerat
468 4591 484 4642 ;
517 4592 636 4646 qua:
665 4578 826 4634 modo
855 4581 1003 4636 velut
1023 4581 1124 4637 sub
1149 4598 1258 4639 uno
1287 4583 1512 4639 circuitu
1543 4585 1813 4641 contineri
1842 4566 1894 4625 D
1919 4583 2015 4638 Dei
2044 4582 2245 4637 nullam
2275 4581 2458 4637 fecere
2489 4582 2827 4636 memoriam.
2861 4579 2969 4635 Eos
2995 4588 3176 4636 autem
3201 4581 3297 4650 qui
3325 4581 3513 4637 dicunt

207 4676 530 4754 noscuntur.
550 4667 850 4736 Socna'res,
897 4672 992 4728 lib.
1038 4690 1098 4743 ιι,
1145 4691 1263 4749 cap.
1306 4674 1414 4746 12;
1460 4676 1588 4734 edit.
1613 4675 1807 4734 Christ.

219 4751 395 4815 Vales.
421 4751 540 4832 cap.
568 4758 656 4830 16,
678 4779 733 4834 p.
768 4759 856 4817 92.

794 4979 1030 5040 CAPUT
1066 4982 1211 5044 XIX.

411 5087 599 5147 Denuo
627 5092 698 5166 de
720 5094 996 5152 calumniis
1023 5110 1208 5155 contra
1235 5099 1605 5160 Athanasium.

280 5200 490 5261 Interea
521 5215 713 5263 contra
743 5207 1098 5268 Athanasium
1123 5214 1229 5269 alia
1258 5217 1589 5275 machinatio
1637 5216 1809 5276 fanri-

216 5302 333 5350 cata
355 5305 458 5353 est.
484 5294 738 5355 Eaclesit‘e
761 5316 990 5371 namque
1011 5302 1517 5375 Alexandrinorum,
1539 5308 1810 5379 Augusto-

217 5398 331 5441 rum
363 5397 515 5457 pater
534 5391 803 5462 eroganda
831 5395 1157 5464 pauperibus
1188 5393 1451 5454 frumenta
1476 5399 1807 5471 donaverat;

217 5490 328 5547 quae
355 5482 606 5540 dixerunt
644 5485 996 5544 Athanasium
1025 5491 1283 5560 vendere,
1317 5505 1372 5550 et
1401 5497 1510 5551 suis
1555 5498 1804 5554 utilitati-

210 5567 310 5630 bus
337 5578 628 5651 applicare.
660 5580 813 5658 Quod
861 5583 1156 5654 imperator
1203 5589 1449 5658 credens,
1498 5607 1619 5648 eum
1646 5591 1808 5662 jussit

213 5668 404 5757 cecidi.
445 5672 563 5730 Hoc
607 5674 848 5733 sentiens
906 5679 1256 5753 Athanasius,
1311 5684 1544 5740 latenter
1597 5685 1800 5757 effugit.

215 5751 364 5818 Tunc
390 5762 550 5836 igitur
575 5764 747 5825 Julius
775 5769 1035 5830 Romana:
1071 5775 1218 5831 urbis
1268 5777 1554 5850 episcopus
1604 5751 1807 5850 cogno—

217 5861 370 5913 Icens
390 5855 713 5920 Arianorum
739 5861 964 5924 insidias
990 5867 1250 5929 adversus
1291 5870 1651 5933 Athanasium
1679 5889 1804 5934 ma-

1917 4690 1986 4730 ει
2013 4688 2124 4728 non
2147 4670 2503 4727 existentibus
2532 4669 2628 4726 Dei
2655 4669 2871 4736 Filium,
2902 4679 2996 4726 aut
3025 4686 3090 4727 ex
3115 4671 3221 4727 alia
3247 4673 3510 4741 essentia,

1915 4773 1972 4821 et
1997 4779 2107 4820 non
2137 4778 2204 4818 ex
2231 4762 2363 4830 Deo,
2406 4772 2462 4818 et
2493 4762 2619 4832 quia
2648 4761 2807 4819 fuerit
2850 4764 3138 4835 aliquando
3177 4774 3388 4835 tempus
3415 4773 3516 4819 aut

1911 4855 2169 4912 steculum
2211 4853 2428 4926 quando
2467 4868 2578 4910 non
2615 4865 2752 4922 erat,
2801 4854 3137 4912 abdicarunt.
3186 4856 3358 4911 Porro
3403 4855 3514 4910 Eu-

1911 4946 2135 5003 doxium
2185 4945 2549 5002 Germanicire
2602 4947 2938 5019 episcopum,
2987 4947 3302 5019 Martyrium
3348 4956 3516 5020 atque

1913 5039 2289 5097 Macedonium
2312 5039 2606 5111 portitores
2625 5040 2998 5112 epistolarum,
3025 5039 3386 5098 occidentales
3408 5057 3512 5096 no-

1911 5132 2132 5189 luerunt
2166 5133 2441 5204 suscipere
2465 5133 2799 5201 sacerdotes,
2841 5134 3085 5191 dicentes
3117 5133 3373 5202 dogmata
3419 5133 3514 5190 Ni—

1913 5241 2063 5280 caena
2105 5224 2380 5295 sufﬁcere,
2410 5234 2466 5280 et
2517 5226 2649 5282 nihil
2700 5227 2928 5284 ulterius
2967 5235 3226 5297 oportere
3261 5228 3508 5288 tractari.

1910 5316 2153 5390 Cumque
2198 5318 2464 5375 Constans
2519 5335 2550 5374 a
2605 5319 2768 5375 fratre
2821 5329 3010 5389 petens
3065 5328 3124 5374 ut
3181 5320 3510 5379 Athanasius

1911 5426 2063 5467 suam
2106 5410 2372 5483 reciperet
2413 5412 2618 5480 sedem,
2659 5411 3033 5466 resistentibus
3071 5412 3338 5467 htereticis
3378 5413 3511 5466 nihil

1910 5505 2203 5576 impetrare
2267 5503 2559 5573 valuisset,
2639 5511 2765 5558 tunc
2811 5501 3139 5560 Athanasius
3203 5511 3258 5560 et
3315 5503 3513 5560 Paulus

1910 5597 2176 5655 adeuntes
2220 5605 2585 5670 poposcerunt
2623 5594 2739 5652 ﬁeri
2785 5596 3074 5670 synodum,
3121 5612 3192 5655 eo
3235 5597 3380 5670 quod
3411 5613 3510 5669 pro

1909 5688 2224 5747 defensione
2255 5699 2529 5747 rectorum
2559 5689 2870 5759 dogmatum
2898 5691 3106 5763 expulsi
3127 5692 3505 5765 probarentur.

1908 5782 2198 5870 Somnia,
2232 5783 2324 5841 lib.
2351 5797 2432 5850 tu,
2482 5797 2602 5855 cap.
2652 5779 2706 5838 9.
2747 5782 2898 5842 Edit.
2930 5782 3122 5843 Christ.
3164 5784 3343 5846 Vala.
3383 5799 3514 5860 cura

1913 5872 2002 5945 10,
2023 5892 2080 5949 ρ.
2108 5871 2231 5933 510.
