4006 6458
438 316 546 377 937

1029 434 1259 491 CAPUT
1302 434 1439 490 XXI.

441 521 593 588 Quod
618 525 874 599 constans
897 527 1119 599 fratrem
1147 545 1239 597 pro
1268 528 1375 597 ﬁde
1398 530 1631 594 moverit,
1662 538 1712 583 et
1740 530 1875 599 quod
1903 529 2040 585 Con-

508 597 731 650 stantius
763 596 1002 652 Sardica:
1029 596 1311 653 conciliant
1336 603 1609 655 convocari
1640 596 1965 672 prwccperit.

512 708 667 775 Quod
699 711 926 768 audiens
951 711 1242 776 Constans,
1273 713 1490 784 scripsit
1512 712 1664 769 fratri
1690 732 1702 767 :
1734 730 1961 770 monens
1985 724 2046 771 ut

443 809 682 871 paternae
722 804 939 874 pietatis
995 805 1310 861 inviolatam
1354 816 1595 864 servaret
1647 808 2041 876 hereditatem,

442 908 565 950 cum
586 904 641 951 et
664 896 755 951 ille
781 896 1065 967 imperium
1101 900 1453 968 gubernando
1474 909 1531 957 et
1561 900 1933 957 Romanorum
1956 912 2045 974 ty-

441 1000 644 1040 rannos
672 988 941 1055 evicisset,
982 997 1039 1044 et
1063 990 1115 1045 in
1143 991 1370 1048 circuitu
1400 1002 1588 1062 gentes
1611 994 1868 1050 barbaras
1914 997 2045 1050 sub-

434 1074 698 1147 jugasset.
755 1079 850 1137 His
894 1081 1091 1140 litteris
1136 1094 1317 1141 motus
1371 1083 1740 1153 Constantius,
1792 1089 2049 1159 praecepit

438 1167 693 1237 Sardicaa,
756 1186 877 1241 quae
932 1183 1016 1229 est
1054 1176 1244 1232 civitas
1277 1176 1497 1250 Illyrici,
1547 1187 1604 1235 et
1650 1180 1943 1235 orientales
1992 1189 2048 1237 ct

441 1262 809 1322 occidentales
858 1268 1150 1324 convenire
1193 1270 1496 1340 pontiﬁces.
1556 1270 1734 1327 Multa:
1774 1273 2045 1343 siquidem

441 1354 608 1409 etiam
639 1357 758 1412 alia:
782 1360 1062 1429 passiones
1091 1363 1413 1419 medicinam
1442 1366 1760 1437 synodicam
1800 1368 2047 1436 require-

443 1446 595 1503 bant.
630 1450 761 1506 Nam
791 1461 847 1507 et
875 1452 1098 1509 Paulum
1119 1454 1736 1529 Constantinopolitante
1761 1460 1908 1515 urbis
1933 1462 2049 1530 epi-

440 1556 687 1611 scopum,
720 1559 819 1614 pro
851 1546 1014 1603 rectis
1054 1548 1395 1617 dogmatibus
1426 1551 1612 1607 Ariani
1644 1552 1711 1607 ad
1749 1554 2049 1623 periculum

442 1634 635 1689 mortis
662 1651 831 1706 usque
851 1638 1240 1708 perduxerant,
1270 1650 1526 1714 tanquam
1556 1645 1839 1700 seditionis
1860 1656 2050 1701 aucto-

440 1738 577 1791 rem,
610 1735 667 1781 et
707 1728 811 1784 alia
841 1731 1087 1800 quaedam
1134 1733 1444 1804 adjecerant
1492 1753 1613 1808 quze
1641 1738 2047 1794 calumniatori-

1690 320 1763 378 Μ.
1802 319 2080 380 AURELII
2116 319 2516 381 CASSIODORI

2064 441 2115 499 Α
2143 437 2478 493 εἰιὶυημίΑη.
2525 435 2682 491 Dom.
2711 431 2861 505 347).
2907 430 2983 487 Ex
3026 431 3303 505 Hesperiis
3346 447 3480 505 ergo
3507 436 3753 506 partibus

3649 325 3755 383 968

2148 536 2522 584 convenerunt
2551 528 2790 599 episcopi
2814 526 2968 595 quasi
2989 526 3239 593 trecenti,
3269 527 3407 583 sicut
3428 526 3757 585 Athanasius

2148 622 2242 677 ait.
2276 621 2355 676 Ex
2383 620 2748 677 Orientalibus
2772 637 2867 675 sex
2895 628 2950 675 et
2977 622 3315 691 septuaginta
3350 623 3755 694 tantummodo,

2148 715 2309 772 sicuti
2354 715 2587 770 Sabinus
2627 714 2774 771 dicit.
2830 713 2973 768 Inter
3018 730 3154 783 quos
3192 715 3659 769 annumerabatur
3703 723 3757 772 et

2148 806 2415 879 Ischyras,
2447 814 2705 876 tanquam
2729 806 2983 861 Mareotis
3006 806 3311 877 cpiscOpus,
3344 823 3505 877 quem
3533 807 3757 863 damna.

2149 903 2297 952 tores
2326 896 2605 951 Athanasii
2634 898 2687 952 in
2726 896 3002 967 episcopio
3032 896 3162 969 [ed.,
3194 897 3247 951 in
3290 895 3633 969 episcOpuml
3661 899 3759 954 hu-

2145 991 2234 1061 jus
2263 990 2556 1061 provincia:
2586 990 2980 1061 produxerunt.
3012 988 3419 1045 Excusaverunt
3456 1006 3515 1045 se
3557 991 3759 1046 etenim

2150 1082 2242 1137 alii
2282 1098 2380 1153 per
2416 1081 2782 1138 inﬁrmitatem
2828 1082 3105 1151 corporis;
3156 1082 3244 1136 alii
3295 1094 3555 1151 angustas
3609 1084 3761 1137 indu-

2150 1173 2263 1229 cias
2310 1182 2649 1240 accusantes,
2680 1179 2736 1229 et
2767 1174 2838 1229 ob
2871 1172 2974 1228 hoc
3005 1174 3167 1246 250
3206 1172 3402 1229 Julium
3450 1174 3761 1230 Romanum

2151 1266 2433 1337 culpantes
2474 1266 2788 1338 episcopum
2828 1284 2842 1320 :
2875 1266 3004 1321 dum
3052 1267 3240 1337 utique
3278 1276 3403 1322 ante
3452 1283 3659 1323 annum
3710 1276 3763 1323 et

2152 1374 2249 1415 sex
2286 1374 2500 1415 menses
2528 1360 2771 1432 synodus
2798 1357 2959 1414 fuerit
2981 1360 3294 1429 prtedicata,
3336 1368 3391 1415 et
3430 1359 3761 1417 Athanasius

2152 1449 2338 1505 Romae
2367 1450 2609 1520 degeret,
2652 1462 2976 1521 exspectans
3001 1450 3261 1521 judicium
3299 1452 3586 1524 synodale.
3628 1452 3759 1509 Cum

2153 1560 2283 1615 ergo
2312 1544 2551 1602 Sardicw
2591 1544 2896 1600 Orientales
2924 1546 3327 1612 convenissent,
3362 1546 3430 1601 ad
3480 1557 3759 1618 aspectum

2152 1634 2583 1691 Occidentalium
2616 1637 2799 1692 venire
2848 1637 3122 1703 nolebant,
3154 1637 3395 1693 dicentes
3441 1654 3557 1694 non
3608 1641 3761 1695 aliter

2152 1746 2213 1787 sc
2243 1730 2310 1786 ad
2341 1732 2506 1787 verba
2533 1740 2811 1798 venturos,
2843 1732 2946 1788 nisi
2975 1748 3073 1787 suo
3104 1733 3335 1801 collegio
3368 1732 3760 1790 Athanasiacos

440 1816 543 1872 bus
569 1828 696 1873 sunt
740 1824 931 1879 amica.
958 1824 1132 1891 Quem
1175 1836 1354 1884 tamen
1384 1838 1513 1901 tunc
1542 1831 1774 1902 populus
1812 1831 2047 1888 Sardian
2078 1838 2126 1899 B
2155 1829 2210 1879 et
2235 1820 2527 1877 Paulianos
2549 1823 2906 1893 expellerent.
2937 1823 3181 1894 Dumque
3212 1822 3550 1893 Protogenes
3577 1823 3760 1878 Sardi-

440 1920 666 1981 propter
694 1912 1032 1971 inimicorum
1064 1918 1286 1977 insidias
1323 1922 1517 1979 abduci
1547 1940 1655 1979 non
1705 1935 1788 1981 est
1831 1940 2042 1996 passus.

442 1997 610 2056 Paulo
663 2014 787 2075 post
841 2016 1021 2063 autem
1086 2011 1341 2069 defuncto
1393 2014 1712 2083 Constante,
1766 2014 2047 2073 ﬂectentes

441 2089 627 2149 Ariani
656 2095 985 2154 levissimam
1034 2103 1292 2175 principis
1331 2107 1686 2176 voluntatem,
1724 2118 1781 2165 et
1828 2126 1860 2166 a
1897 2112 2046 2181 regia

442 2185 660 2244 civitate
692 2191 958 2260 pellentes
1002 2193 1246 2263 Paulum,
1290 2215 1414 2255 eum
1465 2202 1532 2256 ad
1578 2203 1909 2258 civitatulam
1940 2203 2049 2259 Cu-

442 2292 718 2351 cusenam,
748 2300 867 2354 quae
904 2293 1035 2343 tunc
1062 2299 1179 2344 erat
1224 2292 1599 2364 Cappadociae,
1632 2312 1775 2352 nunc
1804 2313 1934 2353 vero
1959 2313 2047 2354 se-

444 2372 635 2461 cundae
682 2375 968 2443 Armeniae,
1022 2381 1388 2451 migraverunt
1430 2383 1563 2458 [ed.,
1610 2388 2045 2461 transtulerunt].

445 2460 557 2517 Sed
585 2480 695 2520 non
724 2465 923 2523 suflicit
952 2470 1006 2525 in
1037 2472 1143 2529 hoc
1163 2484 1358 2531 cuncta
1389 2479 1731 2536 turbantibus
1759 2484 1867 2536 vita
1894 2460 2049 2539 Pauli

447 2553 731 2624 mirabilis,
790 2558 920 2615 licet
966 2561 1020 2617 in
1064 2566 1355 2623 solitudine
1413 2573 1717 2628 constituti.
1770 2573 2049 2633 Mittentes

446 2648 592 2702 enim
632 2650 911 2708 ministros
938 2656 1107 2723 necis,
1154 2674 1279 2714 eum
1310 2663 1469 2717 morti
1500 2664 1903 2723 violentissima:
1940 2675 2050 2723 tra-

447 2736 714 2796 diderunt.
745 2741 815 2797 Et
841 2746 945 2802 hoc
972 2749 1163 2805 beatus
1190 2751 1516 2810 Athanasius
1541 2754 1801 2815 refert.in
1840 2759 2053 2815 satisfa-

453 2836 635 2891 ctione
664 2836 793 2910 [ed.,
818 2839 945 2896 Niv.
991 2853 1042 2898 et
1070 2843 1260 2911 Frob.,
1306 2848 1579 2921 apologia]
1619 2853 1851 2923 propria:
1888 2854 2046 2924 fugae,

454 2925 529 2982 ita
570 2930 777 2988 dicens.
809 2932 1331 3006 Tusononerus,lib.
1360 2958 1417 3011 ιι,
1450 2960 1569 3016 cap.
1594 2940 1644 2998 5.
1676 2943 1822 3002 Edit.
1854 2945 2047 3004 Christ.

455 3019 633 3079 Vales.
656 3040 775 3098 cap.
804 3026 869 3096 4,
900 3046 954 3100 p.
986 3030 1073 3087 72.

1025 3185 1257 3244 CAPUT
1296 3188 1459 3250 XXII.

455 3294 734 3353 Athanasii
766 3299 953 3355 relatio
997 3302 1061 3356 de
1108 3321 1231 3387 nece
1280 3305 1437 3390 Pauli
1482 3307 2054 3382 Constantinopolitani

1130 3394 1379 3449 episcopi.

522 3478 859 3553 Episcopum
920 3502 1155 3557 namque
1219 3490 1767 3566 Constantinopoleos
1832 3499 2057 3554 Paulum

451 3586 841 3646 persequentes
879 3588 1043 3648 atque
1102 3588 1521 3654 comperientes,
1568 3592 1741 3659 palam
1790 3594 2059 3649 suffocan—

453 3667 580 3723 dum
606 3684 724 3723 esse
752 3682 1079 3727 censuerunt
1107 3677 1161 3729 in
1191 3676 1405 3734 Cucuso
1449 3666 1820 3751 Cappadocia},
1854 3686 2058 3742 haben-

454 3766 540 3815 tes
568 3773 846 3818 auctorem
887 3764 1194 3838 Philippum
1233 3772 1565 3841 pmefectum.
1619 3776 1748 3830 Erat
1794 3780 1935 3833 enim
1965 3797 2058 3834 eo—

454 3865 574 3907 rum
605 3854 871 3912 haereseos
908 3867 1035 3915 tunc
1074 3870 1359 3930 patronus,
1408 3873 1462 3919 et
1504 3867 1852 3921 consiliorum
1896 3870 2058 3925 mini-

455 3954 567 4001 ster
589 3948 917 4019 iniquorum.
942 3952 1257 4024 Hujusmodi
1281 3960 1424 4013 enim
1442 3960 1788 4019 crudelitates
1804 3964 2059 4037 blasphe-

458 4041 565 4096 mia
612 4042 725 4097 Arii
774 4048 1113 4113 germinavit.
1161 4048 1365 4105 Contra
1427 4050 1771 4123 Unigenitum
1826 4074 2060 4129 namque

457 4136 743 4190 vesaniunt
771 4138 1001 4194 ministri
1032 4145 1514 4214 praesumptionum
1555 4147 1691 4217 ejus.
1722 4147 1837 4205 Hoc
1876 4152 2060 4221 itaque

457 4226 622 4280 modo
663 4225 832 4282 Paulo
857 4230 1134 4301 defuncto,
1184 4237 1463 4307 magisque
1493 4239 1559 4293 ad
1606 4242 1846 4297 cmlestia
1892 4258 2059 4312 regna

457 4318 742 4387 perducto,
772 4318 1153 4378 Macedonium
1184 4334 1492 4383 statuerunt
1527 4332 1860 4405 episcopum,
1906 4337 2059 4405 quasi

459 4418 895 4501 consectatoretn
932 4431 1129 4471 suum:
1159 4421 1415 4488 quoniam
1455 4426 1700 4493 proxime
1750 4428 1869 4501 luis.
1904 4428 2055 4501 Lyr.,

459 4500 715 4569 maxime]
757 4512 946 4559 sancto
993 4506 1218 4578 Spiritui
1264 4512 1697 4583 blasphemabat.
1747 4500 1851 4575 Sed
1894 4500 2058 4591 paulo

2154 1916 2331 1971 censis
2365 1916 2674 1987 episcopus,
2728 1925 2782 1973 et
2824 1914 2982 1971 Osius
3025 1914 3293 1971 Corduba:
3334 1916 3611 1987 Hispaniae
3649 1933 3755 1971 non

2151 2016 2468 2081 paterentur
2511 2022 2541 2061 a
2573 2008 2804 2063 concilio
2848 2010 3115 2063 removeri
3166 2007 3318 2063 Pauli
3350 2009 3668 2064 defensores
3706 2016 3757 2062 et

2152 2100 2452 2166 Athanasii,
2487 2099 2563 2154 illi
2605 2109 2827 2170 repente
2854 2100 3236 2156 discesserunt.
3270 2100 3340 2155 Et
3383 2101 3666 2156 venientes
3692 2099 3755 2154 ad

2152 2195 2575 2266 Philippopolim
2622 2194 2884 2264 Thraciae,
2943 2211 3187 2251 seorsum
3223 2195 3401 2251 fecere
3442 2189 3749 2258 conciliiim,

2150 2297 2207 2344 et
2256 2296 2443 2357 aperte
2485 2287 2599 2356 jam
2655 2287 3269 2343 eonsubstantialitatem
3331 2288 3755 2343 anathematizao

2150 2390 2382 2448 verunt;
2440 2390 2497 2436 et
2549 2390 2754 2436 sectam
2811 2382 3089 2451 inaequalis
3133 2382 3449 2437 substantiae
3508 2382 3754 2453 epistolis

2151 2471 2577 2541 conscribentes,
2618 2472 2815 2543 ubique
2842 2474 3122 2529 miserunt.
3169 2474 3271 2541 Qui
3302 2483 3479 2529 autem
3525 2475 3578 2528 in
3620 2472 3755 2527 Sar-

2152 2563 2272 2619 dica
2300 2573 2692 2635 convenerant,
2724 2567 2953 2636 primum
2973 2566 3189 2635 quidem
3214 2566 3401 2621 horum
3420 2565 3757 2621 damnavere

2152 2654 2456 2723 vesaniam,
2524 2656 2719 2712 deinde
2770 2665 3115 2711 accusatores
3167 2656 3442 2712 Athanasii
3491 2656 3757 2725 dignitate

2152 2752 2539 2824 privaverunt;
2570 2760 2627 2806 et
2664 2753 2953 2807 terminum
2985 2752 3107 2807 tidei
3147 2751 3375 2807 Nicena:
3402 2752 3756 2807 corroboran-

2153 2855 2258 2909 tes,
2288 2854 2345 2901 et
2375 2853 2667 2901 tractatum
2697 2846 2764 2901 de
2815 2846 3009 2899 divina:
3038 2845 3351 2900 substantiae
3391 2846 3755 2915 inzequalitate

2153 2948 2505 3010 respuentes,
2562 2938 3183 2995 eonsubstantialitatem
3236 2939 3478 3008 apertius
3536 2937 3756 2993 tradide-

2152 3041 2300 3099 runt,
2344 3034 2508 3088 etiam
2549 3034 2652 3103 ipsi
2693 3034 2892 3104 ubique
2930 3032 3133 3103 scripta
3180 3032 3399 3102 propria
3442 3031 3753 3100 dirigentes.

2154 3122 2232 3179 Ex
2266 3133 2496 3196 utraque
2524 3139 2655 3195 ergo
2675 3134 2829 3195 parte
2860 3124 3107 3179 arbitrati
3138 3134 3265 3179 sunt
3284 3132 3435 3178 recte
3460 3139 3521 3178 se
3549 3121 3754 3188 facere;

2077 3231 2125 3294 ο
2156 3216 2461 3274 Orientales
2489 3218 2726 3288 quidem,
2758 3235 2825 3275 eo
2855 3218 2999 3289 quod
3029 3234 3059 3273 a
3081 3234 3141 3273 se
3169 3218 3454 3273 damnatos
3487 3217 3562 3272 illi
3594 3217 3757 3272 susci-

2160 3318 2388 3381 perent;
2420 3308 2795 3365 Occidentales
2823 3322 3025 3377 autem,
3056 3311 3312 3381 quoniam
3341 3319 3469 3365 ante
3500 3310 3757 3379 cognitio-

2160 3417 2281 3455 nem
2312 3402 2662 3457 damnatores
2698 3401 3036 3471 eiiugerant;
3070 3413 3123 3458 et
3160 3404 3416 3472 quoniam
3445 3402 3498 3457 hi
3542 3402 3756 3471 quidem

2160 3493 2431 3548 Nicmnam
2472 3494 2764 3549 servabant
2806 3495 2985 3558 tidem,
3031 3496 3106 3549 illi
3147 3512 3276 3549 vero
3309 3510 3429 3549 eam
3455 3493 3758 3547 adulterare

2160 3593 2633 3655 praesumpserant.
2684 3585 3053 3640 Reddiderunt
3096 3600 3226 3656 ergo
3263 3582 3445 3639 locum
3496 3582 3666 3637 Paulo
3709 3593 3759 3637 et

2162 3678 2476 3742 Athanasio,
2511 3694 2613 3733 nec
2645 3696 2750 3733 non
2780 3688 2833 3733 et
2858 3678 3113 3734 Marcello
3141 3679 3368 3749 Ancyrae
3396 3676 3649 3743 Galatizc,
3673 3675 3759 3743 qui

2160 3770 2381 3835 dudum,
2437 3771 2593 3826 sicuti
2629 3770 2739 3841 jam
2792 3771 2995 3825 dictum
3046 3779 3151 3838 est,
3202 3771 3378 3826 fuerat
3425 3769 3752 3825 condemna-

2162 3871 2269 3918 tus.
2308 3862 2607 3930 Socna'rss,
2640 3863 2731 3918 lib.
2772 3880 2828 3931 ιι,
2861 3880 2979 3935 cap.
3028 3862 3112 3917 16.
3149 3860 3294 3917 Edit.
3338 3860 3534 3917 Christ.
3588 3859 3759 3916 Vales.

2162 3970 2279 4026 cap.
2303 3953 2394 4023 20,
2426 3973 2477 4027 p.
2507 3955 2627 4011 IUI.

2723 4112 2953 4169 CAPUT
2993 4112 3182 4169 XXIV.

2164 4223 2379 4283 Littera:
2426 4225 2761 4282 Sardicemis
2811 4228 3019 4281 concilii
3066 4226 3136 4280 ad
3168 4227 3431 4282 universos
3468 4228 3758 4300 episcopos.

2236 4337 2367 4404 Quae
2409 4354 2539 4393 vero
2588 4337 2823 4392 Sardica:
2880 4345 3030 4407 gesta
3078 4338 3186 4392 sint
3227 4339 3349 4403 (An.
3400 4337 3552 4393 Dom.
3609 4337 3759 4408 550),

2164 4430 2379 4486 cancilii
2411 4429 2604 4484 littera:
2642 4430 2841 4484 clarius
2878 4430 3200 4492 edocebunt,
3233 4445 3368 4499 quas
3396 4439 3618 4502 prOpter
3644 4446 3758 4484 mo-

2163 4522 2289 4576 dum
2330 4521 2725 4593 explanationis
2772 4521 2899 4577 huic
2948 4522 3224 4593 scriptura:
3269 4522 3617 4593 interponere
3654 4536 3757 4579 non

406 4616 411 4621 ~
458 4595 583 4658 post
605 4591 931 4659 expulerunt
957 4605 1010 4651 et
1033 4613 1177 4666 eum,
1204 4602 1329 4657 dum
1360 4616 1664 4663 creaturam
1688 4626 1794 4667 non
1823 4614 2055 4670 conlite-
2086 4635 2135 4695 υ
2163 4614 2343 4670 omisi.

457 4687 609 4735 retur
638 4697 761 4736 eum
806 4700 968 4754 quem
1018 4690 1209 4748 Filium
1254 4694 1549 4767 Scriptum
1577 4702 1778 4759 dicunt.
1820 4707 2059 4778 Quapro-

456 4782 579 4869 pter
608 4780 987 4849 respondendo
1010 4785 1115 4840 illis
1142 4786 1274 4859 [θείη
1298 4790 1584 4849 damnatus
1610 4797 1675 4851 ab
1706 4798 1851 4869 illis],
1883 4802 2057 4858 hznre-

457 4868 532 4963 sis
557 4871 789 4941 propriae
837 4882 1028 4930 auctor
1067 4881 1316 4948 apparuit
1344 4902 1355 4936 :
1381 4868 1892 4945 consubstantialem
1937 4894 2058 4963 qui-

458 4960 581 5016 dem
609 4978 711 5020 nec
742 4964 845 5021 iste
897 4967 1042 5024 Patri
1077 4970 1268 5027 Filium
1308 4991 1427 5033 esse
1454 4979 1660 5047 dicens,
1712 4960 2058 5041 similem‘ta-

458 5071 581 5111 men
604 5074 703 5128 per
733 5060 913 5116 omnia
943 5061 1189 5121 Genitori
1221 5067 1438 5138 docens,
1466 5084 1706 5131 creatum
1736 5094 1865 5133 vero
1888 5080 2057 5150 Spiri-

458 5156 574 5244 tum
604 5161 792 5221 aperte
822 5154 1197 5214 denominans.
1222 5159 1353 5219 Baro
1380 5164 1560 5236 itaque
1583 5185 1689 5224 non
1720 5172 1888 5227 multo
1908 5183 2051 5244 post,

457 5243 621 5343 sicuti
646 5246 900 5321 diximus,
942 5258 1064 5309 acta
1092 5262 1239 5311 sunt.
1271 5254 1690 5335 Tnsononerus,
1720 5265 1811 5321 lib.
1846 5284 2051 5343 n,cap.

455 5334 514 5407 5,
546 5356 598 5411 ρ.
632 5339 721 5398 73.

1039 5484 1272 5544 CAPUT
1310 5487 1492 5547 XXIII.

534 5590 612 5654 De
636 5608 887 5656 conventu
920 5603 1280 5673 episcOporum
1317 5610 1373 5663 in
1403 5612 1620 5667 concilio
1652 5612 1975 5673 Sardicensi.

532 5710 861 5773 Undecimus
886 5718 1071 5790 itaque
1099 5737 1274 5779 annus
1304 5735 1422 5781 erat
1448 5728 1515 5784 ab
1538 5728 1687 5785 obitu
1717 5732 1885 5802 patris
1914 5734 2053 5789 duo-

460 5818 581 5861 rum
612 5806 1009 5876 Augustorum:
1037 5829 1180 5871 coss.
1214 5826 1397 5875 autem
1446 5830 1574 5879 tunc
1620 5826 1769 5881 fuere
1812 5826 2055 5886 Rul’tinus

462 5904 525 5957 et
557 5896 843 5975 Eusebius,
866 5905 1081 5975 quando
1110 5908 1443 5973 celebratum
1470 5925 1554 5976 est
1578 5917 1901 5985 Sardicense
1921 5938 2056 5983 cou-

2234 4705 2438 4762 Sancta
2467 4706 2706 4779 synodus
2732 4706 2828 4763 Dei
2856 4708 3025 4775 gratia
3066 4706 3302 4763 Sardicae
3342 4718 3668 4779 congregata
3696 4724 3758 4764 ex

2164 4801 2298 4856 urbe
2328 4799 2521 4867 Roma,
2546 4799 2838 4870 Hispaniis,
2872 4798 3078 4865 Galliis,
3110 4798 3283 4866 Italia,
3317 4799 3639 4871 Campania,
3662 4799 3757 4853 Ca~

2164 4893 2359 4958 lahria,
2403 4893 2603 4959 Africa,
2646 4892 2916 4958 Sardinia,
2997 4891 3294 4958 Pannonia,
3342 4892 3532 4965 Mysia,
3581 4892 3755 4955 Dacia,

2165 4983 2453 5047 Dardania,
2472 4984 2641 5039 altera
2658 4983 2843 5049 Dacia,
2866 4984 3201 5053 Macedonia,
3217 4984 3516 5049 Thessalia,
3537 4985 3757 5049 Achaia,

2163 5072 2359 5145 Epiris,
2384 5074 2635 5142 Thracia,
2658 5074 2939 5147 Rhodope,
2964 5075 3111 5142 Asia,
3134 5076 3310 5141 Caria,
3339 5076 3612 5148 Bithynia,
3637 5075 3758 5130 llel-

2165 5168 2437 5239 lesponto,
2470 5169 2725 5242 Phrygia,
2760 5170 2975 5233 Pisidia,
3007 5170 3372 5240 Cappadocia,
3409 5170 3611 5239 Ponto,
3640 5169 3760 5224 Cili-

2163 5261 2269 5325 cia,
2315 5263 2486 5318 altera
2532 5261 2790 5335 Phrygia,
2831 5263 3165 5337 Pamphylia,
3201 5262 3388 5337 Lydia.
3424 5264 3615 5320 insulis
3662 5263 3759 5334 Cy-

2162 5353 2428 5423 cladibus,
2462 5354 2723 5429 Egypto,
2757 5355 3051 5425 Thebaide,
3098 5358 3285 5431 Libya,
3318 5357 3556 5426 Galatia,
3590 5357 3759 5412 Palae-

2162 5448 2303 5503 stina
2335 5455 2391 5503 et
2437 5448 2656 5511 Arabia,
2690 5448 2953 5504 universis
2983 5450 3254 5520 episcopis
3293 5457 3348 5504 et
3375 5446 3760 5505 comministris

2162 5547 2363 5594 sanctae
2392 5548 2445 5593 et
2470 5540 2783 5610 apostolica:
2812 5539 3085 5611 Ecclesiae,
3117 5540 3478 5597 dilectissimis
3506 5541 3759 5598 fratribus

2163 5631 2218 5686 in
2244 5632 2473 5687 Domino
2503 5634 2753 5689 salutem.

2236 5733 2397 5788 Multa
2428 5736 2647 5805 quidem
2677 5753 2741 5792 ac
2787 5737 2981 5808 saepius
3010 5738 3245 5795 ministri
3283 5737 3501 5794 Arianre
3529 5738 3757 5795 vesania:

2166 5839 2627 5900 pnesumpseruut
2658 5832 2909 5888 adversus
2931 5834 3028 5889 Dei
3058 5850 3245 5891 servos
3284 5843 3337 5890 et
3366 5843 3574 5891 rectam
3602 5834 3757 5890 ﬁdem

2165 5921 2560 5983 custodientes.
2610 5924 2926 5987 Adulteram
2964 5945 3199 6002 namque
3226 5929 3533 5991 doctrinam
3561 5943 3756 6002 propo-
