3998 6344
199 289 302 353 969

1285 282 1605 352 HISTORIA
1641 291 2079 351 TRIPARTITA.
2109 293 2311 357 LIBER
2347 295 2436 355 ιν.

3359 296 3469 359 970

203 414 405 477 nentes,
432 405 768 464 orthodoxos
804 401 1078 476 expellere
1103 411 1230 460 sunt
1255 406 1470 473 conati;
1498 414 1554 462 et
1595 407 1774 461 intan-
1802 413 1856 474 Α
1876 405 2185 475 detrahunt,
2212 414 2505 478 praesentes
2533 406 2810 477 effugiunt.
2842 385 3116 479 Fugerunt
3136 410 3300 474 enim,
3331 409 3468 467 cha-

203 512 312 560 tum
340 503 750 558 insurrexerunt
791 499 1046 554 adversus
1085 497 1262 564 fidem,
1306 507 1365 554 ut
1400 513 1578 570 neque
1621 498 1776 554 audi-

202 607 282 654 tus
312 596 423 650 Deo
464 593 776 650 amabilium
799 592 994 648 lateret
1021 593 1425 663 imperatorum.
1467 591 1633 661 Igitur
1659 605 1781 661 gra-

203 689 270 745 tia
299 687 393 742 Dei
421 692 772 757 cooperante,
802 685 965 740 etiam
1011 683 1113 754 ipsi
1152 683 1376 755 piissimi
1402 683 1672 754 principes
1709 696 1780 737 ex

201 779 421 836 diversis
448 794 547 835 nos
574 778 870 850 provinciis
884 786 941 834 et
961 777 1265 834 civitatibus
1292 776 1628 847 colligentes,
1652 791 1780 831 san-

200 880 340 930 ctum
375 872 481 928 hoc
505 871 796 928 concilium
824 871 879 927 in
913 869 1320 927 Sardicensium
1349 869 1612 926 celebrari
1648 869 1782 927 urbe

199 974 588 1039 praeceperunt,
640 974 926 1038 quatenus,
977 965 1154 1021 ablata
1200 966 1348 1022 omni
1397 963 1694 1034 discordia,
1725 973 1784 1021 et

199 1055 342 1112 omni
395 1055 618 1127 perﬁdia
675 1057 864 1127 procul
911 1057 1152 1128 expulsa,
1202 1057 1318 1113 sola
1363 1055 1563 1113 Christi
1611 1057 1783 1128 pietas

197 1145 337 1219 apud
361 1160 550 1201 omnes
572 1146 828 1202 inviolata
850 1156 1114 1203 servetur.
1137 1145 1416 1204 Venerunt
1435 1148 1578 1204 enim
1593 1146 1780 1204 Orien-

197 1238 328 1294 tales
353 1238 591 1310 episcopi
617 1254 648 1294 a
678 1239 930 1310 piissimis
950 1239 1366 1312 imperatoribus
1387 1241 1620 1308 invitati,
1647 1256 1783 1313 prae-

195 1333 352 1404 cipue
405 1341 630 1406 propter
673 1332 873 1390 famam
912 1349 1032 1404 quae
1081 1336 1149 1393 de
1187 1337 1518 1394 charissimis
1580 1337 1781 1395 nostris

193 1422 444 1480 fratribus
493 1432 548 1481 et
599 1426 984 1482 comministris
1029 1425 1204 1483 fuerat
1240 1426 1536 1498 divulgata,
1583 1429 1635 1484 id
1673 1435 1782 1500 est,

193 1517 490 1574 Athanasio
517 1517 907 1585 Alexandrino,
939 1527 994 1576 et
1014 1519 1268 1578 Marcello
1291 1520 1517 1594 Ancyra:
1535 1521 1776 1588 Galatiae,

193 1621 245 1668 et
266 1611 496 1684 Asclepa
527 1611 755 1682 Gazazo;
788 1612 970 1670 forsan
1009 1615 1172 1670 etiam
1219 1615 1286 1672 ad
1323 1615 1569 1687 vosipsos
1596 1615 1780 1671 detra-

194 1706 405 1763 ctiones
433 1705 738 1776 bujusmodi
770 1716 1168 1778 pervenerunt:
1197 1709 1452 1779 quoniam
1489 1708 1617 1784 [ed.,
1653 1722 1782 1780 quo-

1883 499 2080 556 tissimi
2109 497 2322 563 fratres,
2347 515 2456 554 non
2482 501 2654 556 solum
2678 510 2898 573 prOpter
2925 504 3245 558 calumniam
3277 504 3469 559 adver-

1882 605 1973 647 sus
2000 591 2134 648 istos
2178 592 2519 657 instructam,
2567 607 2753 647 verum
2789 592 2932 662 quia'
2959 607 3213 665 suospro
3243 593 3471 650 diversis

1882 683 2196 741 criminibus
2235 692 2579 740 accusatores
2625 687 2926 740 occurrisse
2965 685 3230 740 viderunt;
3275 683 3470 741 Profe-

1882 778 2144 834 rebantur
2164 777 2307 833 enim
2336 775 2550 833 vincula
2577 786 2634 832 et
2660 786 2883 833 catenae.
2914 775 3194 832 Venerant
3225 776 3472 832 homines

1883 874 1951 930 ab
1978 873 2171 931 exsilio
2200 881 2256 930 et
2283 871 2722 940 consacerdotes,
2754 886 2855 927 nec
2885 885 2992 926 non
3023 870 3238 939 cognati
3269 871 3471 940 pariter

1884 973 1941 1023 et
1967 966 2126 1022 amici
2148 981 2358 1036 eorum,
2389 965 2480 1037 qui
2508 973 2729 1036 propter
2755 965 2890 1020 istos
2917 962 3120 1019 mortui
3148 961 3473 1030 dignoscun-

1884 1069 1988 1117 tur.
2040 1059 2110 1116 Et
2164 1060 2309 1133 quod
2359 1069 2443 1116 est
2488 1059 2882 1125 admirandum,
2929 1058 3154 1114 aderant
3210 1053 3471 1126 episcopi,

1884 1168 2112 1224 quorum
2164 1167 2303 1208 unus
2367 1150 2584 1224 quidem
2647 1158 2868 1208 catenas
2937 1151 3183 1221 gestabat
3241 1155 3298 1203 et
3355 1146 3478 1202 vin-

1883 1243 2003 1300 cula
2045 1242 2238 1316 quibus
2278 1241 2492 1298 vinctus
2538 1242 2714 1298 fuerat
2762 1250 2986 1314 propter
3033 1255 3146 1298 eos.
3199 1237 3305 1293 Alii
3345 1233 3476 1292 vero

1883 1349 2072 1392 eorum
2121 1334 2328 1390 insidiis
2374 1341 2606 1390 mortem
2661 1333 2763 1390 sibi
2809 1333 3148 1409 testabantur
3193 1320 3474 1394 inﬂictam,

1881 1427 2140 1498 quoniam
2165 1427 2234 1482 ad
2264 1435 2467 1482 tantam
2495 1427 2805 1498 superbiam
2843 1434 2968 1482 sunt
2997 1424 3272 1497 perducti,
3315 1425 3475 1494 251

1883 1528 1944 1575 ut
1971 1520 2134 1575 etiam
2178 1518 2491 1592 episcopum
2527 1517 2777 1575 occidere
2814 1525 3160 1584 conarentur,
3187 1529 3347 1585 quem
3376 1511 3479 1570 nisi

1881 1611 2007 1685 fuga
2058 1612 2375 1679 liberasset,
2424 1612 2651 1669 obierat.
2701 1610 2865 1668 Venit
2911 1611 3074 1667 etiam
3119 1597 3480 1666 consacerdos

1881 1713 2071 1762 noster
2104 1707 2294 1763 beatus
2334 1704 2676 1772 Theodulus,
2714 1703 2924 1774 fugiens
2954 1713 3145 1759 eorum
3181 1699 3480 1766 molimina,

193 1797 380 1871 modo]
410 1799 574 1854 etiam
605 1805 818 1855 nostras
847 1815 1005 1854 aures
1031 1799 1294 1857 ventilare
1334 1800 1518 1857 conati
1547 1807 1692 1866 sunt,
1719 1805 1779 1854 ut
1809 1825 1856 1886 Β
1881 1801 2076 1872 quibus
2130 1799 2308 1857 fuerat
2354 1801 2537 1872 jussus
2591 1798 2784 1857 occidi.
2843 1795 2948 1853 Alii
3001 1812 3133 1853 vero
3181 1794 3483 1866 gladiorum

191 1905 256 1947 ea
301 1905 423 1961 quae
468 1900 658 1947 contra
687 1891 1005 1948 innocentes
1036 1890 1295 1962 referunt,
1335 1909 1465 1949 vera
1493 1907 1614 1950 esse
1657 1907 1775 1949 cre-

191 1982 409 2050 dantur,
437 1991 494 2038 et
521 1982 705 2054 iniqua
749 1984 864 2040 haec
890 1984 1157 2040 haereseos
1185 1984 1392 2040 celetur
1434 1984 1639 2053 opinio.
1670 1982 1778 2040 Sed

187 2072 306 2131 haec
327 2073 526 2130 diutius
554 2073 732 2136 facere
756 2076 1080 2147 permissum
1127 2091 1235 2132 non
1262 2083 1364 2131 est.
1395 2073 1611 2130 Etenim
1639 2089 1778 2147 prte-

185 2165 268 2220 sul
315 2163 675 2222 Ecclesiarum
721 2167 980 2223 Dominus
1018 2175 1120 2235 est,
1173 2166 1266 2238 qui
1305 2183 1404 2239 pro
1441 2167 1546 2235 his,
1587 2174 1644 2222 et
1678 2181 1777 2238 pro

186 2257 454 2315 universis
475 2267 706 2315 mortem
734 2259 1009 2327 sustinuit,
1048 2267 1104 2314 et
1123 2267 1346 2331 propter
1373 2275 1466 2316 eas
1495 2274 1779 2317 ascensum

184 2349 250 2404 ad
279 2352 450 2407 caelos
477 2352 634 2408 nobis
675 2351 925 2410 omnibus
953 2353 1299 2410 condonavit.
1348 2353 1557 2410 Dudum
1597 2355 1780 2425 itaque

183 2439 472 2510 Eusebius,
525 2453 581 2500 et
611 2444 794 2512 Maris,
840 2454 897 2502 et
933 2445 1274 2516 Theodorus,
1317 2457 1480 2520 atque
1524 2447 1778 2520 Theogo-

183 2531 331 2598 nius,
373 2531 648 2600 Ursacius,
695 2543 751 2590 et
775 2534 998 2605 Valens,
1043 2547 1100 2593 et
1127 2537 1528 2609 Minophantus,
1571 2545 1628 2594 et
1652 2537 1776 2594 Ste-

182 2622 420 2693 phanus,
452 2625 786 2697 scripserunt
809 2625 952 2683 Julio
980 2628 1349 2684 comministro
1371 2635 1559 2684 nostro
1587 2626 1779 2686 Eccle-

181 2712 278 2768 siae
317 2712 577 2772 Romanae
601 2714 842 2788 pontiﬁci
869 2725 1059 2774 contra
1082 2718 1374 2790 praedictos
1417 2719 1780 2784 consacerdo-

160 2811 269 2872 tes
310 2815 548 2875 nostros,
581 2808 633 2864 id
663 2818 764 2877 est,
806 2810 1159 2867 Athanasium
1204 2812 1517 2884 episcopum
1547 2811 1782 2868 Alexan-

179 2897 338 2967 driae,
384 2911 442 2958 et
489 2901 802 2960 Marcellum
851 2905 1166 2976 episcopum
1193 2905 1416 2978 Ancyra:
1445 2903 1690 2974 Galatiae,
1727 2912 1784 2962 et

178 2989 476 3062 Asclepam
501 2995 676 3049 (ἱππ.
726 2993 1072 3066 Scripserunt
1097 3013 1314 3068 quoque
1353 3013 1423 3054 ex
1471 2998 1590 3054 aliis
1620 2997 1784 3070 parti-

175 3083 291 3140 bus
319 3084 580 3155 episcopi,
609 3087 978 3145 testimonium
1007 3091 1354 3162 perhibentes
1373 3091 1592 3162 puritati
1618 3091 1784 3147 Atha-

174 3173 326 3231 nasii
353 3173 756 3235 consacerdotis
784 3180 988 3247 nostri;
1020 3190 1076 3236 et
1104 3196 1167 3237 ea
1195 3196 1314 3253 quas
1359 3181 1428 3236 ab
1456 3179 1691 3238 Eusebio
1727 3189 1785 3237 et

174 3267 656 3325 consectatoribus
705 3270 824 3341 ejus
862 3281 1014 3340 gesta
1061 3281 1208 3341 sunt,
1258 3273 1391 3328 nihil
1429 3272 1576 3328 aliud
1621 3287 1784 3344 quam

174 3358 490 3416 mendaciis
535 3370 591 3417 et
632 3363 920 3421 calumniis
957 3366 1118 3437 plena
1166 3382 1287 3423 esse
1326 3367 1619 3423 firmantes.
1653 3366 1790 3423 Cum

177 3453 382 3525 utique
419 3456 631 3512 evocati
670 3472 704 3512 a
740 3458 1061 3516 charissima
1110 3469 1165 3516 et
1202 3461 1590 3517 consacerdote
1616 3458 1784 3531 Julio,

177 3557 238 3604 et
280 3563 396 3604 non
425 3559 795 3622 occurrentes,
827 3553 967 3609 sicut
1002 3568 1070 3610 ex
1116 3553 1333 3625 scriptis
1380 3552 1623 3623 ejusdem
1670 3553 1787 3623 epi-

183 3637 350 3709 scopi
376 3635 501 3694 Julii
523 3642 928 3716 comprobatur,
955 3652 1143 3714 aperte
1185 3644 1468 3700 videantur
1495 3644 1792 3699 calumnia-

176 3739 337 3788 tores
377 3734 632 3793 existere.
663 3735 800 3792 Nam
837 3739 882 3794 si
916 3737 986 3794 de
1021 3737 1188 3808 gestis
1216 3747 1405 3794 contra
1452 3749 1548 3794 eos
1589 3737 1789 3793 habitis

175 3825 675 3896 praesumpsissent,
722 3845 832 3885 non
877 3829 1284 3886 retardarentur
1327 3844 1636 3886 occurrere.
1678 3827 1790 3885 Ve-

173 3925 495 3972 rumtamen
523 3918 689 3974 etiam
730 3933 798 3976 ex
827 3919 912 3976 his
933 3936 1053 3992 quae
1086 3921 1333 3977 fecerunt
1381 3921 1435 3976 in
1465 3921 1570 3978 hoc
1598 3930 1788 3978 sancto

185 4023 507 4081 magnoque
535 4011 790 4080 concilio,
823 4029 1014 4070 eorum
1041 4015 1372 4072 machinatio
1395 4014 1674 4072 evidenter
1701 4031 1793 4086 ap-

174 4110 365 4173 paret.
400 4101 694 4162 Venientes
718 4106 863 4162 enim
891 4107 946 4162 in
971 4106 1370 4165 Sardicensium
1396 4109 1673 4164 civitatem
1701 4119 1786 4165 at-

173 4208 291 4265 que
320 4193 571 4254 videntes
591 4195 788 4254 fratres
809 4207 1026 4256 nostros
1045 4198 1424 4269 Athanasium,
1449 4199 1783 4268 Marcellum,

174 4286 477 4361 Asclepam
506 4297 564 4346 et
608 4299 857 4358 caeteros,
890 4291 957 4346 ad
991 4291 1257 4361 judicium
1301 4289 1561 4347 accedere
1589 4290 1789 4347 timue-

174 4390 314 4438 runt
341 4398 359 4449 ;
389 4391 444 4438 et
464 4397 572 4439 non
593 4383 783 4448 semel,
805 4399 916 4439 non
936 4384 1199 4453 secundo,
1221 4383 1316 4440 sed
1343 4383 1510 4440 etiam
1535 4383 1790 4457 frequen-

178 4479 267 4529 ter
299 4474 479 4543 citati,
508 4477 885 4534 vocationibus
931 4476 1153 4533 obedire
1202 4476 1523 4547 noluerunt;
1554 4492 1787 4549 congre-

178 4566 331 4634 gatis
361 4565 610 4626 videlicet
631 4569 692 4625 in
739 4569 968 4627 concilio
995 4567 1121 4627 Osio
1150 4569 1396 4640 longaevo
1421 4571 1536 4644 (qui
1566 4578 1788 4642 propter

177 4664 435 4724 aetatem,
491 4670 652 4727 atque
697 4662 1113 4728 confessionem,
1161 4670 1479 4734 tantumque
1517 4661 1782 4732 laborem,

1884 1891 2108 1948 vulnera
2153 1891 2618 1958 demonstrabant,
2661 1889 2751 1945 alii
2798 1887 2994 1968 famem
3041 1905 3101 1945 se
3139 1887 3206 1943 ab
3246 1886 3326 1944 eis
3359 1885 3484 1957 pas-

1879 2000 1972 2042 sos
1999 1985 2453 2057 ingemiscebant;
2485 1994 2542 2041 et
2565 1983 2680 2040 haec
2704 1997 2815 2039 non
2839 1982 3063 2052 quilibet
3086 1977 3336 2036 homines
3369 1987 3483 2034 tes-

1879 2079 2156 2148 tabantur,
2202 2079 2299 2136 sed
2339 2094 2528 2137 omnes
2579 2076 2856 2141 Ecclesiae,
2909 2091 3008 2146 pro
3037 2075 3246 2146 quibus
3291 2073 3349 2128 hi
3387 2070 3484 2144 qui

1881 2180 2236 2230 occurrerunt
2275 2179 2332 2230 et
2369 2172 2463 2242 qui
2509 2170 2780 2243 legatione
2821 2167 3202 2239 fungebantur,
3243 2163 3494 2221 insinua-v

1880 2267 2014 2324 bant
2038 2267 2422 2324 violentiarum
2453 2273 2667 2337 pestes,
2712 2269 2953 2318 armatos
2995 2259 3210 2325 milites,
3255 2255 3490 2328 populos

1883 2375 2008 2415 cum
2051 2359 2300 2428 fustibus,
2327 2357 2566 2430 judicum
2595 2365 2855 2421 terrores,
2885 2351 3143 2408 falsarum
3184 2349 3490 2405 litterarum

1882 2453 2238 2525 objectiones.
2269 2452 2448 2508 Lectae
2499 2458 2624 2507 sunt
2668 2463 2903 2520 namque
2948 2445 3143 2501 litteras
3187 2438 3494 2511 Theogonii

1882 2553 2074 2602 contra
2118 2543 2536 2601 consacerdotes
2581 2550 2800 2597 nostros
2841 2536 3217 2598 Athanasium,
3266 2531 3494 2589 Marcel—

1881 2635 1994 2694 lum
2041 2643 2098 2692 et
2155 2635 2473 2706 Asclepam,
2531 2639 2594 2688 ut
2644 2632 2810 2688 etiam
2852 2630 3212 2700 imperatores
3257 2623 3494 2678 movisse

1882 2725 2218 2783 viderentur.
2266 2725 2414 2793 Quas
2441 2724 2652 2780 litteras
2694 2722 2954 2778 diacones
2980 2714 3280 2788 Theogonii
3310 2714 3494 2784 vulga-

1883 2827 2109 2889 verunt;
2137 2834 2297 2892 super
2325 2819 2441 2876 haec
2468 2826 2649 2874 autem
2676 2816 2945 2887 virginum
2975 2811 3266 2880 nuditates,
3311 2807 3491 2865 eccle-

1883 2918 2086 2976 siarum
2125 2917 2395 2984 incendia,
2423 2930 2678 2973 carceres
2700 2919 2890 2971 contra
2931 2907 3246 3000 sacerdotes
3275 2911 3494 2961 nostros

1885 3010 2175 3068 adhibitos.
2208 3009 2340 3077 Quae
2367 3008 2549 3066 omnia
2579 3023 2689 3064 non
2714 3021 2814 3078 pro
2839 3004 2946 3060 alia
2974 2997 3054 3066 re,
3096 2999 3200 3056 nisi
3229 3015 3329 3070 pro
3360 2997 3492 3072 [ed.,

1882 3102 2070 3174 praelia
2124 3101 2339 3157 nonnisi
2387 3099 2519 3172 pro|
2569 3095 2872 3154 detestabili
2923 3093 3245 3149 Arianorum
3296 3085 3494 3144 hteresi

1888 3194 2225 3252 commisisse
2251 3201 2570 3249 noscuntur.
2591 3190 2842 3261 Quisquis
2866 3188 3010 3242 enim
3036 3199 3226 3242 eorum
3253 3181 3495 3253 respuis-

1895 3292 1981 3342 set
2017 3285 2411 3342 ordinationem
2451 3292 2616 3354 atque
2643 3280 3098 3346 communionem,
3130 3277 3213 3332 his
3241 3291 3494 3332 necessa-

1896 3377 1980 3434 rio
2029 3377 2359 3434 snbdebatur
2402 3377 2627 3447 injuriis.
2659 3374 3065 3445 Conspicientes
3103 3370 3266 3440 igitur
3291 3368 3499 3424 facino-

1896 3485 2024 3525 rum.
2038 3485 2261 3528 suorum
2286 3469 2585 3539 angustias,
2628 3465 2840 3524 confusi
2868 3468 3227 3521 recesserunt.
3257 3457 3328 3514 Et
3354 3459 3496 3514 ulte-

1897 3561 2009 3617 rius
2037 3562 2152 3619 hazc
2193 3578 2304 3618 non
2331 3562 2573 3618 valentes
2617 3557 2970 3624 abscondere,
3002 3556 3055 3611 in
3097 3551 3498 3611 Sardicensium

1896 3665 2162 3713 venerunt
2188 3656 2396 3724 urbem,
2428 3665 2488 3710 ut
2527 3668 2626 3727 per
2659 3653 2951 3708 adventum
2988 3663 3141 3706 suum
3172 3646 3325 3717 quasi
3371 3642 3499 3697 talia

1897 3763 1960 3804 se
2005 3763 2345 3820 nequaquam
2395 3754 2737 3818 perpetrasse
2793 3745 3179 3799 monstrarent.
3241 3733 3499 3789 Videntes

1898 3847 2077 3896 autem
2101 3840 2295 3910 quibus
2323 3837 2620 3894 calumnias
2644 3837 3035 3905 irrogaverant,
3063 3836 3120 3886 et
3148 3840 3436 3898 oppressos
3462 3840 3498 3880 a

1897 3949 1956 3989 se
1985 3933 2144 3988 simul
2168 3941 2529 3999 accusatores,
2557 3938 2613 3987 et
2637 3927 3033 4000 increpationes
3059 3938 3167 4009 prae
3194 3920 3364 3977 oculis
3383 3919 3497 3976 suis

1895 4025 2179 4092 habentes,
2227 4024 2439 4081 evocati
2467 4021 2537 4077 ad
2561 4021 2822 4093 judicium
2870 4016 3076 4086 ingredi
3117 4014 3492 4085 nequiverunt.

1896 4117 2194 4172 Athanasio
2243 4115 2480 4186 quippe,
2535 4111 2830 4175 Marcello,
2886 4117 2944 4164 et
2983 4105 3243 4177 Asclepa,
3295 4102 3496 4160 nostris

1895 4207 2372 4266 consacerdotibus
2399 4205 2716 4262 ﬁducialiter
2741 4191 3050 4274 agentibus,
3079 4206 3136 4256 et
3160 4196 3317 4284 nimis
3345 4196 3498 4266 inge-

1893 4299 2262 4368 miscentibus,
2312 4306 2371 4355 et
2423 4294 2827 4353 imminentibus
2868 4300 3032 4363 atque
3079 4288 3512 4363 provocantibus,

1893 4410 2012 4462 eos,
2034 4401 2090 4451 et
2114 4391 2573 4466 promittentibus,
2603 4403 2714 4446 non
2742 4386 2918 4444 solum
2957 4399 3018 4442 se
3063 4380 3359 4441 calumnias
3381 4381 3497 4440 evi-

1895 4487 2090 4546 denter
2112 4485 2417 4555 ostendere,
2463 4483 2558 4542 sed
2586 4483 2751 4540 etiam
2779 4495 2899 4552 quae
2926 4480 2983 4536 in
3019 4494 3209 4538 eorum
3236 4476 3496 4536 Ecclesiis

1892 4583 2276 4654 deliquissent;
2307 4581 2385 4636 illi
2411 4594 2543 4637 vero
2571 4585 2724 4635 tanto
2751 4574 3092 4634 conscientiae
3124 4583 3532 4648 terrore‘cong.

1891 4675 2064 4734 stricti
2091 4665 2237 4741 sunt,
2281 4683 2342 4730 ut
2382 4671 2648 4742 fugerent,
2679 4678 2736 4727 et
2779 4684 2878 4742 per
2904 4667 3082 4738 fugam
3119 4681 3246 4722 suas
3286 4665 3492 4738 calum-

180 4749 344 4806 θωπί
375 4749 582 4805 honore
604 4748 796 4820 ἀίεηυε
823 4755 1092 4822 ³ΡΡ³¹Ἰ¹ῙΨ
1121 4763 1175 4805 (⁵⁸
1201 4755 1443 4820 τθιίιιιιίε.
1471 4754 1789 4811 δυεῐίηθηῑί·
1892 4771 2010 4820 nias
2051 4767 2356 4834 aperirent,
2413 4765 2717 4828 delictaque
2765 4771 2863 4813 sua
2901 4755 3087 4827 judicii
3132 4753 3494 4830 declinatione

176 4840 287 4897 bus
316 4849 378 4897 et
403 4841 754 4898 invitantibus
779 4856 877 4898 eos
905 4841 1112 4910 ingredi
1135 4841 1428 4911 judicium;
1461 4847 1520 4896 ut
1555 4854 1783 4912 qumque

1888 4855 2205 4912 faterentur.
2251 4851 2322 4907 Et
2362 4850 2491 4908 licet
2541 4865 2652 4906 non
2697 4847 2874 4906 solum
2926 4861 2994 4902 ex
3039 4844 3337 4918 prioribus,
3394 4843 3493 4899 sed

180 4942 390 4990 contra
430 4933 681 4990 absentes
727 4932 1143 4991 consacerdotes
1178 4931 1583 4989 diffamaverant
1621 4943 1785 5003 atque

178 5025 654 5098 conscripserant,
707 5037 1000 5098 praesentes
1050 5026 1412 5084 ostenderent.
1465 5024 1592 5091 Sed,
1624 5025 1783 5081 sicuti

177 5119 561 5192 praediximus,
593 5121 803 5177 evocati
832 5137 940 5178 non
975 5130 1259 5188 venerunt,
1287 5130 1348 5176 ut
1383 5121 1548 5176 etiam
1591 5119 1646 5174 in
1674 5118 1783 5176 hoc

181 5211 522 5269 calumniam
563 5213 838 5284 propriam
877 5213 1256 5281 ostenderent;
1301 5221 1358 5269 et
1383 5211 1784 5283 quodammodo

182 5305 720 5378 respuendojustnm
740 5305 1022 5376 judicium,
1049 5305 1266 5361 insidias
1287 5320 1414 5362 suas
1433 5313 1488 5360 et
1509 5303 1786 5360 molimina

181 5396 618 5468 proclamarent.
669 5395 801 5451 Nam
848 5395 940 5466 qui
993 5394 1061 5452 de
1113 5394 1225 5452 suis
1259 5394 1436 5451 dictis
1483 5392 1783 5462 confidunt,

181 5489 366 5545 etiam
395 5489 462 5544 ad
487 5488 678 5545 faciem
708 5490 938 5559 probare
964 5504 1072 5544 non
1101 5487 1328 5558 fugiunt.
1359 5487 1495 5554 Quia
1517 5502 1647 5543 vero
1675 5501 1788 5543 non

181 5589 575 5648 occurrerunt,
609 5580 810 5660 nullum
839 5590 1078 5637 vestrum
1107 5581 1176 5637 de
1222 5581 1300 5636 eis
1327 5581 1577 5651 ignorare
1613 5579 1787 5637 conﬁ-

179 5673 398 5731 dimus.
425 5673 490 5730 Et
531 5675 578 5732 si
600 5675 784 5732 forsan
807 5693 992 5734 rursus
1031 5677 1137 5734 illic
1165 5676 1452 5750 quidquam
1488 5663 1816 5732 machinari

185 5765 700 5836 voluerint,'sciant
727 5786 915 5828 omnes
944 5773 1198 5843 quoniam
1229 5771 1360 5826 nihil
1389 5771 1648 5828 habentes
1673 5785 1784 5842 quo

177 5857 412 5928 possint
460 5863 878 5922 consacerdotes
925 5874 1140 5924 nostros
1180 5877 1425 5938 arguere,
1469 5865 1783 5924 absentibus

442 5955 720 6021 Ρλτιιοι..
766 5959 970 6024 LXIX

1790 6024 1831 6060 Ἓξ(

1889 4947 2055 5004 etiam
2083 4944 2298 5002 existis
2331 4942 2535 4999 malitia
2573 4956 2763 4999 eorum
2801 4948 2964 5010 atque
3008 4936 3287 4993 calumnia.
3331 4941 3488 5004 pate-

1890 5039 2020 5094 fiant
2052 5057 2065 5094 :
2093 5046 2295 5103 tamen,
2324 5043 2385 5092 ut
2413 5050 2588 5106 neque
2633 5049 2733 5106 per
2759 5033 2938 5102 fugam
2966 5029 3302 5086 occasionem
3352 5025 3491 5082 alte-

1891 5131 2004 5186 rius
2025 5129 2321 5200 iniquitatis
2347 5127 2636 5198 accipiant,
2665 5125 2969 5182 curavimus
2991 5129 3178 5176 contra
3203 5118 3510 5204 veritatem.

1888 5218 2033 5275 facta
2061 5233 2254 5274 eorum
2280 5209 2554 5272 molimina
2590 5213 2920 5272 examinare.
2950 5209 3019 5265 Et
3047 5209 3154 5266 hoc
3185 5205 3514 5279 proposito,.

1892 5328 1961 5370 ex
1987 5313 2084 5368 his
2101 5327 2221 5383 quae
2249 5319 2398 5382 gesta
2424 5318 2550 5368 sunt
2576 5325 2672 5366 eos
2704 5305 3120 5364 calumniatores
3161 5301 3484 5384 invenimus,

1893 5412 1950 5460 et
1970 5404 2101 5459 nihil
2121 5401 2264 5458 aliud
2291 5401 2392 5457 nisi
2418 5402 2672 5456 adversus
2701 5393 3112 5454 consacerdotes
3141 5400 3358 5454 nostros
3404 5391 3489 5446 in-

1892 5493 2057 5550 sidias
2085 5493 2372 5549 institutas.
2419 5492 2550 5558 Nam
2580 5488 2884 5555 Arsenium,
2915 5503 3075 5558 quem
3119 5483 3372 5558 dicebant
3422 5481 3489 5538 ab

1894 5586 2188 5641 Athanasio
2229 5591 2586 5657 peremptum,
2616 5581 2704 5636 hic
2752 5579 2902 5648 vivit,
2958 5586 3014 5638 et
3058 5573 3197 5632 inter
3247 5575 3490 5630 viventes

1892 5678 2220 5737 commorari
2238 5677 2598 5748 dignoscitur;
2642 5689 2709 5729 ex
2732 5687 2839 5742 quo
2867 5670 3029 5727 etiam
3059 5669 3162 5725 alia
3191 5667 3491 5739 probantur

1892 5786 2014 5828 esse
2059 5767 2309 5828 conficta.
2351 5767 2484 5835 Quia
2522 5781 2653 5822 vero
2702 5765 2866 5820 etiam
2915 5763 3138 5819 calicem
3179 5759 3489 5829 divulgave-

1885 5868 2016 5922 runt
2037 5862 2267 5923 fractum
2293 5877 2326 5920 a
2354 5857 2586 5920 Maeario
2614 5847 2895 5918 Athanasii
2921 5857 3266 5931 presbytero,
3305 5847 3490 5912 testati
