4006 6474
501 331 602 388 971

1717 331 1790 386 Μ.
1829 326 2106 396 AURELII
2141 325 2540 386 GASSIODORI

3684 321 3806 402 9.72

449 509 456 520 ,
499 459 628 504 sunt
657 445 750 519 qui
775 447 844 520 de
882 445 1208 524 Alexandria
1247 451 1304 504 et
1347 445 1585 502 Mareote
1631 453 1918 514 venerant,
1963 443 2096 498 nihil
2121 445 2176 506 Α
2197 437 2368 512 gredi,
2391 456 2493 496 nec
2521 439 2744 496 omnino
2767 435 3028 496 accedere
3057 439 3124 494 ad
3147 437 3428 496 ecclesiam
3459 439 3576 496 Dei.
3604 438 3674 496 Et
3697 455 3804 498 ve-

449 529 456 540 ’
507 539 618 594 tale
643 538 810 595 fuisse
839 547 1070 610 gestum.
1101 537 1208 595 Sed
1235 539 1398 594 etiam
1420 534 1660 610 episcopi
1699 533 1916 608 Egypti
1949 533 2092 590 Julio

445 619 456 704 ξ
499 631 874 688 consacerdoti
901 639 1088 688 nostro
1119 631 1438 700 scribentes,
1469 627 1626 684 valde
1657 625 1938 684 ﬁrmabant
1966 627 2092 696 quia

497 736 674 794 neque
701 721 937 796 suspicio
973 721 1162 778 fuisset
1191 719 1519 792 hujusmodi.
1567 717 1801 774 Proinde
1843 718 2095 774 dixerunt

443 847 448 856 ι
495 821 844 870 monumenta
873 813 1132 872 adversus
1177 827 1274 870 eos
1327 813 1491 870 fuisse
1541 815 1812 884 confecta,
1840 826 1958 882 qua:
2013 819 2094 864 ta-

494 921 620 962 men
649 906 934 976 probatum
963 915 1046 964 est
1071 921 1140 962 ex
1169 920 1276 962 una
1297 913 1451 975 parte
1478 905 1750 962 celebrata
1775 921 1786 958 :
1817 905 1872 957 in
1899 900 2094 972 quibus

493 997 662 1068 gestis
705 997 902 1070 pagani
960 997 1408 1054 examinabantur
1452 1005 1506 1052 et
1565 991 1970 1060 eatechumcni;
2025 1007 2094 1048 ex

493 1090 690 1158 quibus
725 1106 864 1146 unus
892 1092 1308 1148 catcchumenus
1353 1089 1660 1160 inquisitus,
1721 1091 1796 1144 ait
1839 1089 1981 1144 intus
2034 1102 2094 1142 se

495 1179 662 1238 fuisse
689 1184 906 1252 quando
935 1183 1198 1240 Macarius
1243 1191 1468 1238 venerat
1506 1183 1573 1238 ad
1597 1183 1854 1258 earumdem
1891 1181 2090 1236 locum.

497 1272 649 1330 Alter
671 1283 850 1332 autem
877 1277 1256 1346 interrogatus,
1303 1275 1438 1332 dixit
1482 1275 1630 1330 illum
1677 1273 2093 1330 famosissimum

493 1361 770 1440 lscbyram
797 1374 922 1422 tunc
960 1375 1270 1436 mgrotasse,
1295 1375 1348 1422 et
1395 1367 1448 1422 in
1479 1367 1614 1422 cella
1639 1365 1905 1435 iacuisse;
1941 1373 2000 1418 ut
2027 1378 2094 1418 ex

493 1457 602 1516 hoc
628 1467 884 1530 appareat
909 1461 1040 1514 nihil
1079 1469 1288 1530 gestum
1319 1475 1386 1514 ex
1418 1461 1665 1516 omnibus
1713 1459 2086 1524 sacramentis,

495 1547 563 1608 eo
591 1545 736 1622 quod
773 1559 828 1606 et
855 1551 1226 1608 catechumeni
1255 1551 1399 1606 intus
1443 1549 1688 1616 fuissent,
1747 1559 1802 1606 et
1853 1549 2096 1620 lsehyras

494 1641 616 1716 [ηις.
647 1642 916 1700 Santheod
946 1653 994 1698 et
1037 1643 1120 1698 ed.
1161 1643 1252 1712 V.,
1279 1641 1528 1715 Squiras]
1557 1659 1664 1698 non
1711 1642 1922 1697 adesset
1949 1683 1964 1706 ,
2000 1641 2094 1696 sed

487 1733 974 1806 jacerettegrotus.
1027 1731 1076 1790 ls
1124 1747 1356 1802 namque
1397 1733 1811 1802 malignissimus
1849 1731 2094 1804 lsehyras

2195 532 2405 588 nicntes
2432 531 2484 588 in
2513 531 2792 588 Sardicam
2811 533 3168 588 conciliabula
3191 531 3330 602 apud
3351 533 3678 603 semetipsos
3696 550 3806 604 per

2195 624 2314 680 loca
2342 623 2548 696 singula
2575 622 2864 688 faciebant,
2896 633 2950 680 et
2979 633 3096 678 acta
3127 625 3372 694 quaedam
3403 641 3526 680 cum
3571 627 3802 684 terrori-

2195 719 2296 776 bus
2323 717 2749 786 concinnabant;
2773 725 3038 788 quatenus
3059 719 3190 774 nihil
3210 721 3420 790 penitus
3447 720 3514 776 ad
3531 719 3800 792 judicium

2195 812 2520 882 perveniret,
2547 827 2720 882 neque
2741 820 2983 868 sanctqu
3005 827 3284 884 possemus
3304 811 3586 868 celebrare
3613 815 3800 870 conci-

2196 900 2344 958 lium.
2377 900 2502 960 Htec
2525 901 2704 958 omnia
2725 917 3050 972 cognoscere
3081 903 3354 974 potuimus
3375 919 3404 956 a
3432 905 3798 960 consacerdo-

2197 993 2338 1050 tibus
2367 995 2566 1052 nostris
2601 994 2838 1050 Macario
2869 993 3154 1052 PaL'estino
3198 1005 3254 1052 et
3301 997 3514 1052 Asterie
3559 998 3794 1066 Araliige,

2196 1089 2286 1158 qui
2311 1105 2432 1145 cum
2463 1090 2541 1146 eis
2567 1099 2846 1156 venerant,
2874 1099 2928 1146 et
2955 1089 3022 1146 ab
3045 1106 3231 1146 eorum
3274 1089 3502 1161 perﬁdia
3557 1108 3800 1148 recesse-
3879 1125 3882 1130 -

2195 1187 2338 1232 rant.
2371 1177 2434 1250 lli
2475 1195 2711 1252 namque
2751 1177 2818 1236 ad
2861 1190 3110 1238 sanctum
3149 1183 3438 1264 concilium
3491 1183 3798 1250 venientes,

2195 1269 2506 1326 violentiam
2535 1287 2698 1344 quam
2731 1272 2874 1344 passi
2897 1281 3022 1328 sunt
3047 1283 3420 1340 narraverunt,
3455 1275 3588 1330 nihil
3617 1277 3798 1330 dicen-

2201 1367 2281 1416 tes
2323 1361 2460 1432 apud
2503 1359 2598 1417 eos
2645 1363 2730 1432 agi
2774 1373 3012 1420 rectum:
3047 1366 3266 1436 insuper
3306 1366 3624 1436 adjicientes
3673 1369 3798 1438 quia

2197 1452 2322 1506 dum
2351 1461 2532 1508 essent
2567 1463 2730 1510 rectm
2767 1453 2912 1522 ﬁdei,
2949 1456 3202 1528 prohibiti
3253 1449 3482 1522 fuissent
3505 1460 3578 1514 ab
3608 1459 3692 1514 eis
3732 1459 3796 1514 ad

2197 1547 2312 1602 lucc
2340 1547 2458 1602 loca
2482 1547 2690 1614 venire,
2721 1557 2778 1606 et
2816 1557 3038 1622 propter
3075 1551 3570 1608 interminationem
3613 1553 3704 1608 vix
3733 1555 3800 1609 ab

2197 1637 2275 1692 eis
2303 1637 2634 1694 intercedere
2659 1639 2762 1714 [εᾶ.
2799 1637 2920 1695 Nic.
2957 1651 3006 1696 et
3033 1640 3223 1708 Frob.,
3253 1639 3562 1714 discedere]
3595 1645 3800 1715 potuis-

2197 1739 2334 1785 sent.
2369 1729 2448 1786 Ob
2479 1731 2616 1786 hanc
2658 1747 2875 1788 causam
2923 1733 3198 1788 Sardicam
3245 1733 3546 1804 venientes,
3595 1737 3648 1792 in
3698 1753 3797 1792 una

491 1827 771 1892 mentitus,
804 1841 869 1884 eo
892 1825 1038 1898 quod
1062 1825 1387 1882 Athanasius
1417 1823 1674 1894 quosdam
1703 1839 1888 1880 sacros
1909 1825 2092 1878 incen-
2121 1837 2169 1899 Β
2198 1818 2357 1876 domo
2387 1821 2566 1876 cuncti
2595 1831 2922 1890 manserunt,
2957 1838 3134 1894 neque
3183 1823 3330 1880 brevi
3363 1836 3616 1898 tempore
3667 1847 3696 1882 a
3739 1846 3796 1885 se

493 1919 658 1976 disset
711 1919 896 1986 libros,
941 1919 1032 1974 illo
1063 1925 1308 1988 tempore
1348 1923 1638 1987 :rgrotasse
1665 1916 1969 1972 declaratus
2013 1927 2096 1971 est

493 2010 710 2081 quando
736 2009 1003 2066 Macarius
1033 2007 1104 2064 ibi
1131 2007 1246 2062 fuit.
1285 2005 1438 2062 Unde
1465 2005 1626 2062 etiam
1651 2023 1718 2062 ex
1747 2007 1850 2062 hoc
1891 2006 2097 2062 calum-

493 2105 673 2160 niator
711 2105 977 2174 apparuit.
1035 2101 1274 2171 Denique
1319 2115 1420 2170 pro
1464 2099 1768 2170 hujusmodi
1815 2099 2096 2155 calumnia:

491 2193 749 2254 mercede
769 2197 1034 2252 dederunt
1063 2195 1294 2268 lschyt‘tt:
1337 2210 1534 2250 nomen
1565 2195 1836 2266 episcopi,
1869 2195 1959 2266 qui
1999 2209 2094 2247 ne-

491 2303 598 2360 que
629 2289 914 2361 presbyter
945 2287 1117 2342 fuerat
1139 2287 1442 2357 aliquando.
1479 2287 1596 2344 Duo
1625 2303 1856 2359 namque
1883 2289 2101 2358 presby-

493 2379 596 2432 teri
635 2380 726 2448 qui
757 2393 883 2435 cum
913 2375 1130 2434 Meletio
1157 2377 1446 2448 aliquando
1484 2378 1782 2448 degebant,
1813 2389 1866 2436 et
1906 2389 2098 2452 postea

494 2483 526 2521 a
571 2467 733 2524 beato
780 2467 1087 2524 Alexandro
1135 2468 1391 2542 episcopo
1439 2471 1674 2526 civitatis
1723 2471 2097 2528 Alexandrinae

491 2561 734 2630 suscepti
784 2567 911 2616 sunt
961 2569 1170 2616 etcum
1217 2561 1514 2618 Athanasio
1562 2563 1858 2632 constituti,
1917 2566 2098 2622 testati

490 2659 620 2706 sunt
647 2665 916 2720 nunquam
947 2651 1092 2706 illum
1123 2655 1496 2728 presbyterum
1541 2654 1706 2714 fuisse
1732 2657 1930 2714 Meletii
1953 2703 1966 2726 ,
2000 2657 2094 2716 ne-

489 2759 594 2811 que
647 2741 896 2797 ha‘missc
953 2743 1220 2800 ileletium
1273 2745 1325 2800 in
1379 2747 1620 2804 Mareote
1676 2751 1958 2805 ecclesiam
2009 2751 2096 2807 vel

489 2833 826 2900 ministram;
871 2847 925 2890 et
951 2837 1040 2907 qui
1095 2839 1311 2908 penitus
1352 2855 1527 2908 neque
1571 2843 1850 2913 presbyter
1897 2843 2094 2912 fuerat,

489 2941 633 2982 nunc
672 2939 796 2981 eum
823 2925 970 2984 velut
997 2929 1308 3000 episc0pnm
1357 2929 1748 3000 produxerunt,
1787 2941 1849 2988 ut
1898 2949 1963 2991 eo
1995 2951 2095 2991 no-

487 3017 636 3074 mine
665 3017 718 3073 in
758 3017 870 3074 suis
893 3019 1174 3075 calumniis
1207 3029 1413 3090 terrere
1440 3023 1752 3080 viderentur
1792 3026 2088 3086 auditores.

489 3109 670 3166 Lectae
697 3118 823 3166 sunt
851 3111 994 3166 enim
1017 3119 1074 3166 et
1101 3111 1296 3168 littera:
1325 3113 1730 3173 'consacerdotis
1759 3119 1927 3176 nostri
1956 3121 2095 3178 Mar-

2201 1911 2455 1968 reccdere
2483 1915 2768 1986 patientes.
2799 1915 2934 1984 Quia
2959 1933 3084 1972 vero
3113 1933 3212 1974 nos
3239 1927 3420 1976 tacere
3452 1937 3562 1976 non
3595 1921 3796 1990 decuit,

2201 2019 2300 2060 nec
2329 2007 2447 2061 sine
2475 2006 2710 2063 vindicta
2737 2009 3046 2079 relinquere
3075 2009 3392 2078 calumnias,
3423 2012 3674 2078 vincula,
3707 2031 3798 2070 ne-

2201 2111 2312 2162 ces,
2344 2097 2587 2162 vulnera,
2627 2099 3070 2158 concinnationes
3113 2101 3366 2158 falsarum
3422 2105 3793 2176 epistularum,

2199 2191 2446 2260 verbera,
2491 2191 2762 2249 nuditates
2811 2195 3096 2264 virginum,
3140 2197 3349 2266 exsilia,
3401 2201 3795 2258 destructiones

2200 2279 2575 2366 ecclesiarum,
2629 2281 2895 2352 incendia,
2943 2287 3291 2358 migrationes
3331 2305 3362 2344 a
3390 2289 3696 2348 minoribus
3723 2293 3796 2348 ci-

2201 2371 2454 2428 vitatibus
2483 2373 2550 2428 ad
2577 2375 2807 2444 majores
2835 2373 3122 2446 Ecclesias,
3148 2389 3204 2434 et
3229 2397 3338 2452 pra:
3365 2383 3618 2440 omnibus
3637 2387 3798 2458 252

2201 2465 2456 2522 adversus
2483 2477 2684 2524 rectam
2735 2467 2892 2525 ﬁdem
2925 2488 3066 2530 nunc
3099 2471 3358 2529 Arianam
3387 2479 3660 2532 vesaniam
3703 2493 3798 2548 per

2201 2571 2293 2611 cos
2329 2557 2620 2614 crudeliter
2669 2559 3050 2630 insurgentem.
3103 2563 3400 2638 Propterea
3441 2569 3794 2624 charissimos

2199 2649 2416 2718 quidem
2445 2652 2639 2708 fratres
2665 2664 2882 2712 nostros
2912 2665 2964 2712 et
2995 2639 3395 2714 comministros
3435 2659 3796 2714 Athanasium

2199 2744 2570 2803 Alexandrina:
2599 2749 2832 2806 civitatis
2859 2753 3194 2826 episcopum,
3239 2765 3296 2812 et
3333 2755 3643 2812 Marcellum
3685 2757 3800 2810 Ant-

2197 2853 2336 2910 cyne
2377 2839 2618 2910 Galatite,
2669 2853 2726 2899 et
2769 2847 3054 2918 Asclepam
3103 2847 3260 2904 Gaza:
3304 2851 3794 2908 comministrantcs

2198 2929 2433 3002 Christo,
2461 2935 2712 2994 innoxios
2738 2947 2796 2994 et
2819 2955 2982 3010 puros
3005 2957 3124 2997 esse
3152 2943 3490 3000 decrevimus
3519 2964 3532 2998 :
3557 2945 3796 3002 scriben-

2197 3033 2278 3080 tes
2303 3025 2368 3080 ad
2407 3029 2827 3102 uniuscujusque
2857 3035 3188 3102 parochiam,
3219 3045 3278 3092 ut
3318 3037 3662 3106 singularum
3699 3037 3796 3096 Ec-

2197 3118 2478 3176 clesiarum
2501 3125 2684 3196 populi
2705 3135 3097 3196 cognoscentes
3117 3129 3198 3184 sui
3219 3131 3460 3200 episcopi
3485 3132 3792 3200 puritatem,

491 3203 632 3268 celli,
676 3211 733 3257 et
781 3203 994 3258 inventa
1044 3211 1126 3258 est
1165 3203 1378 3262 Eusebii
1431 3209 1790 3282 similiumque
1831 3215 2089 3284 nequitia.
2117 3203 2165 3268 C
2197 3224 2318 3266 eum
2345 3229 2403 3268 se
2429 3213 2738 3286 episcopum
2771 3227 2826 3274 et
2851 3217 3053 3276 habere
3084 3231 3136 3276 ct
3165 3237 3384 3292 sperare
3421 3237 3794 3292 cognoscant;

489 3295 624 3349 Nam
656 3309 741 3362 ea,
769 3310 908 3364 qutc,
942 3297 1108 3351 veluti
1133 3301 1524 3370 querimoniam
1555 3303 1775 3374 faciens,
1809 3305 2092 3366 Marcellus

488 3387 642 3454 dixit,
675 3388 786 3470 haec
835 3397 1088 3458 tauquam
1133 3391 1246 3464 ipse
1294 3395 1640 3454 cenﬁrmarct
1682 3415 2087 3462 accusaverunt.

489 3475 616 3532 Haec
638 3491 769 3546 ergo
791 3489 918 3533 sunt
945 3479 1101 3548 lecta,
1133 3495 1186 3540 et
1207 3487 1434 3559 reliqua,
1467 3499 1522 3546 et
1553 3495 1921 3562 praecedentes
1949 3499 2092 3570 pari-

489 3578 576 3624 ter
602 3572 954 3640 quzestioncs:
984 3583 1238 3648 rectaque
1268 3580 1426 3650 hujus
1455 3585 1553 3640 viri
1587 3585 1717 3642 ﬁdes
1747 3589 1962 3648 inventa
1985 3605 2086 3650 est.

489 3659 606 3716 Non
637 3663 780 3716 enim
810 3678 839 3716 a
864 3675 1054 3721 sancta
1083 3665 1271 3736 Maria,
1300 3673 1438 3728 sicut
1475 3676 1560 3730 isti
1591 3677 1894 3752 ﬁrmabant,
1943 3685 2090 3742 dedit

491 3752 605 3808 Deo
640 3753 814 3810 Verbo
841 3757 1182 3830 principium,
1227 3779 1402 3834 neque
1449 3767 1604 3823 linem
1637 3771 1834 3829 habere
1860 3765 2090 3834 asseruit

489 3843 608 3914 ejus
637 3843 951 3914 imperium;
985 3849 1078 3904 sed
1109 3867 1332 3922 regnum
1356 3855 1473 3926 ejus
1495 3869 1550 3914 et
1578 3862 1693 3918 sine
1723 3865 2004 3938 principio,
2035 3878 2090 3926 et

487 3933 605 3990 sine
633 3937 866 3993 termino
895 3953 1013 3995 esse
1043 3943 1382 4014 conscripsit.
1417 3949 1674 4023 Asclepas
1717 3933 1910 4012 autem
1941 3933 2090 4016 com-

486 4025 737 4081 minister
766 4027 958 4085 obtulit
986 4033 1316 4091 monimenta
1365 4039 1664 4098 Antiochia:
1715 4047 1956 4105 confecta
1987 4053 2088 4108 sub

488 4127 866 4173 accusatorum
891 4123 1195 4192 praesentia,
1230 4135 1286 4182 et
1313 4125 1657 4188 Caesariensis
1677 4133 1912 4206 Eusebii,
1945 4150 2002 4196 et
2021 4159 2086 4198 ex

490 4212 764 4268 sententia
799 4211 1152 4282 iudicantium
1199 4219 1578 4294 episcoporum
1629 4243 1687 4282 se
1729 4233 1964 4288 ostendit
2001 4235 2087 4290 in-

487 4305 731 4360 noxium.
764 4305 931 4362 Recte
957 4309 1292 4380 siquidem,o
1321 4315 1625 4374 charissimi
1644 4321 1854 4392 fratres,
1876 4329 2086 4384 evocati

485 4395 818 4468 frequenter,
856 4399 1074 4456 obedire
1123 4403 1435 4474 noluerunt,
1485 4420 1632 4468 recte
1675 4429 1894 4488 quoque
1939 4419 2087 4489 luge-

485 4495 634 4542 runt.
667 4485 1010 4547 Conscientia
1047 4509 1280 4568 namque
1310 4513 1405 4554 sua
1455 4507 1749 4574 perterriti,
1792 4485 1888 4580 per
1935 4485 2085 4582 fugas

2197 3318 2290 3360 eos
2313 3315 2491 3360 autem
2520 3309 2612 3377 qui
2641 3309 2694 3364 in
2718 3325 2904 3366 eorum
2935 3311 3204 3368 Ecclesias
3227 3314 3478 3384 luporum
3525 3315 3698 3370 instar
3719 3315 3796 3370 in-

2193 3397 2362 3465 gessi
2382 3407 2523 3462 sunt,
2549 3399 2600 3454 id
2623 3411 2725 3468 est,
2752 3401 3070 3474 Gregorium
3097 3406 3148 3460 in
3169 3405 3514 3474 Alexandria,
3541 3407 3796 3464 Basiliam

2193 3485 2248 3541 in
2279 3487 2508 3560 Ancyra,
2543 3489 2890 3558 Quintianum
2922 3495 3098 3564 Gazae,
3138 3513 3241 3554 nec
3287 3500 3576 3572 episcopos
3621 3503 3796 3558 nomi-

2191 3581 2421 3648 nandos,
2451 3599 2552 3640 nec
2581 3583 2933 3656 Christianos,
2961 3605 3060 3644 nec
3083 3591 3378 3661 quamlibet
3425 3593 3648 3664 penitus
3675 3609 3794 3650 cum

2191 3673 2270 3728 eis
2297 3673 2600 3730 habendam
2619 3692 2738 3732 esse
2761 3682 3214 3746 communionem,
3241 3698 3340 3740 nec
3367 3700 3558 3740 eorum
3587 3685 3796 3742 litteras

2191 3764 2484 3834 habendas,
2513 3783 2614 3824 nec
2643 3769 2984 3826 scribendum
3013 3773 3110 3828 eis.
3143 3773 3489 3830 Theodorum
3521 3792 3656 3832 vero
3687 3775 3792 3830 lle-

2191 3860 2386 3915 racleae
2435 3859 2686 3934 Europae,
2739 3873 2795 3918 et
2840 3861 3145 3922 Narcissum
3203 3867 3520 3924 Neroniadis
3567 3866 3790 3936 CillCiiB,

2189 3949 2444 4006 Acacium
2467 3951 2725 4008 Ctesareae
2757 3953 3076 4026 Palmstinaz,
3131 3967 3186 4012 et
3227 3958 3564 4029 Stephanum
3607 3961 3792 4016 Antio-

2188 4039 2342 4108 chize,
2373 4041 2650 4098 Ursacium
2673 4045 2912 4114 Sigiduni
2943 4047 3144 4120 Mysize,
3169 4049 3454 4106 Valentem
3499 4068 3570 4108 ex
3609 4053 3788 4110 Mirsia

2191 4133 2499 4202 Pannoniae,
2527 4135 2944 4208 McnOphantum
2969 4139 3182 4210 Ephesi,
3213 4151 3268 4197 et
3309 4141 3602 4214 Georgium
3651 4144 3788 4202 Lao-

2189 4226 2372 4294 diceae,
2395 4229 2521 4284 licet
2541 4241 2841 4290 metuentes
2863 4233 2928 4288 ab
2950 4231 3168 4290 Oriente
3191 4251 3298 4290 non
3317 4238 3586 4304 venerint,
3609 4247 3792 4294 tamen

2189 4337 2253 4378 eo
2283 4323 2426 4392 quod
2455 4339 2484 4378 a
2515 4323 2684 4380 beata:
2721 4327 2994 4382 memoriae
3021 4327 3325 4386 Alexandro
3355 4329 3590 4386 civitatis
3621 4331 3788 4388 Alex-

2189 4417 2428 4472 andrinae
2477 4421 2732 4489 pontiﬁce
2767 4422 2876 4476 sint
2903 4421 3165 4494 damnati,
3211 4433 3267 4480 et
3313 4440 3378 4480 eo
3415 4427 3562 4494 quod
3605 4441 3786 4482 secum

2189 4513 2416 4572 Arianos
2447 4517 2698 4584 habeant,
2731 4527 2788 4572 et
2817 4527 3034 4590 propter
3063 4519 3286 4574 crimina
3317 4520 3396 4574 eis
3425 4520 3596 4586 illata,
3629 4535 3788 4590 gene-

487 4589 616 4632 suas
637 4579 932 4684 calumnias
961 4583 1291 4684 indicarunt;
1323 4599 1520 4666 etquae
1549 4611 1842 4666 praesentes
1867 4617 2086 4660 accusa-
2113 4595 2166 4656 D
2188 4607 2290 4662 rali
2317 4623 2412 4666 eos
2441 4609 2660 4666 decreto
2689 4620 2936 4666 sanctum
2959 4612 3244 4668 concilium
3272 4613 3588 4684 episcopatu
3619 4613 3786 4682 depo-

487 4673 636 4720 tores
659 4683 822 4737 super
840 4671 915 4725 eis
943 4671 1207 4743 dixerant,
1237 4681 1397 4735 etiam
1435 4685 1816 4754 probaverunt.
1863 4693 1942 4748 Ad
1973 4693 2086 4751 haec

487 4761 672 4846 autem
697 4759 860 4810 etiam
881 4777 976 4813 eos
1003 4765 1096 4829 qui
1138 4767 1337 4823 dudum
1383 4779 1618 4832 accusati
1667 4791 1887 4854 propter
1938 4785 2086 4840 Aria-

485 4863 612 4906 nam
641 4849 886 4905 haeresim
918 4851 1151 4919 fuerant,
1183 4863 1237 4910 et
1259 4859 1486 4928 projecti
1537 4881 1642 4922 non
1668 4849 1857 4926 solum
1903 4889 2084 4930 susce—

485 4949 703 5012 perunt,
737 4941 832 4998 sed
853 4943 1016 4998 etiam
1043 4945 1096 4999 in
1122 4949 1314 5018 majori
1341 4951 1528 5012 ordine
1555 4973 1872 5032 posuerunt,
1901 4967 2084 5023 diaco-

485 5047 584 5088 nes
613 5033 682 5088 ad
709 5035 1136 5108 presbyteratum
1189 5057 1592 5119 promoventes,
1627 5058 1968 5129 presbyteros
2011 5061 2078 5117 ad

485 5125 875 5200 episcopatum,
911 5147 1017 5187 non
1048 5133 1116 5189 ob
1146 5135 1309 5206 aliud,
1341 5143 1442 5199 nisi
1469 5153 1530 5200 ut
1559 5125 1888 5220 impietatem
1917 5155 2080 5209 semi-

485 5233 617 5277 nare
639 5229 694 5277 et
716 5223 940 5281 dilatare
967 5229 1269 5298 potuissent
1295 5245 1350 5289 et
1379 5237 1500 5294 ﬁdei
1531 5257 1878 5316 corrumpere
1907 5249 2078 5320 pieta-

483 5319 628 5382 tem;
660 5323 784 5370 sunt
811 5325 988 5373 autem
1017 5321 1208 5378 horum
1237 5329 1535 5402 principes,
1569 5332 1853 5404 Eusebius,
1899 5337 2079 5395 Theo-

479 5404 646 5462 dorus
671 5405 961 5478 Heracleae,
1007 5413 1283 5476 Narcissus
1329 5419 1644 5483 Neroniadis
1691 5429 1921 5502 Cilicia},
1953 5431 2076 5489 Ste-

479 5497 690 5568 phanus
712 5499 1032 5570 Antiochiae,
1073 5507 1335 5582 Georgius
1367 5511 1666 5588 Laodiceae,
1701 5497 1932 5580 Aeacius
1957 5523 2074 5580 Cte-

476 5603 650 5680 sareaa
683 5589 1014 5660 Palaestina).
1061 5597 1440 5673 Minophantus
1485 5609 1772 5680 Ephesius,
1829 5613 2076 5672 Ursatius

474 5677 720 5772 sigiduni
747 5683 849 5758 [ed.
902 5685 1084 5756 Frob.,
1122 5691 1394 5769 Mygdoni]
1439 5677 1642 5772 Mysiae,
1683 5677 1881 5762 Valens
1927 5705 2074 5764 Mirsi

476 5767 790 5828 Pannonim.
813 5773 904 5830 Isti
945 5793 1178 5850 namque
1206 5791 1594 5850 convenientes
1633 5812 1754 5852 cum
1786 5795 2075 5854 Orientali-

479 5863 584 5920 bus
610 5880 716 5921 non
744 5867 993 5926 sinebant
1034 5889 1129 5932 eos
1175 5895 1275 5938 nec
1301 5883 1357 5940 in
1397 5897 1648 5947 sanctum
1676 5892 1964 5952 concilium
1991 5893 2075 5950 in-

2189 4699 2324 4766 suit;
2355 4707 2409 4755 et
2445 4701 2782 4758 decrevimus
2831 4719 2940 4758 non
2991 4705 3164 4760 solum
3214 4699 3504 4776 episcopos
3543 4719 3640 4758 eos
3683 4717 3784 4758 non

2187 4809 2328 4858 esse,
2357 4795 2452 4850 sed
2489 4811 2666 4868 neque
2715 4799 3150 4854 communionem
3181 4809 3304 4848 cum
3353 4793 3600 4852 fidelibus
3663 4811 3786 4868 pro-

2185 4887 2400 4937 mereri.
2433 4886 2539 4937 Eos
2560 4885 2700 4938 enim
2723 4883 2815 4956 qui
2835 4884 3078 4942 dividunt
3101 4902 3130 4940 a
3159 4895 3386 4956 paterna
3411 4889 3714 4946 substantia
3733 4897 3784 4946 et

2185 4973 2480 5042 divinitate,
2516 4983 2572 5032 ct
2599 4978 2837 5032 alienant
2869 4977 3102 5036 Verbum
3122 4997 3152 5036 a
3183 4979 3368 5046 Patre,
3401 4983 3565 5040 dividi
3591 4986 3664 5040 ab
3687 4985 3784 5042 Ec-

2187 5065 2350 5120 clesia
2377 5069 2644 5124 catholica
2693 5071 2967 5138 convenit,
3000 5081 3054 5130 ct
3081 5089 3200 5130 esse
3241 5075 3452 5132 alienos
3491 5093 3522 5132 a
3567 5079 3780 5134 nomine

2186 5155 2510 5216 Christiano.
2545 5161 2664 5218 Sint
2685 5163 2846 5232 igitur
2873 5179 2906 5220 a
2935 5165 3092 5224 nobis
3116 5175 3172 5222 et
3201 5167 3452 5225 omnibus
3473 5171 3776 5234 anathema,

2185 5267 2251 5308 eo
2276 5253 2422 5324 quod
2448 5256 2672 5311 verbum
2699 5257 2944 5314 veritatis
2983 5257 3266 5316 videantur
3299 5276 3420 5318 esse
3472 5264 3772 5334 cauponati.

2183 5346 2554 5416 Apostolicum
2590 5365 2820 5420 namque
2863 5361 3192 5422 praeceptum
3229 5361 3351 5410 est:
3383 5355 3448 5410 Si
3483 5357 3596 5428 quis
3641 5355 3774 5410 vobis

2183 5441 2560 5494 annuntiaven’t
2607 5451 2793 5512 preter
2854 5443 2992 5515 quod
3045 5445 3336 5514 accepistis,
3387 5447 3666 5502 anathema
3709 5449 3772 5500 sit

2183 5527 2382 5600 (Galat.
2415 5548 2452 5596 1,
2486 5531 2562 5602 9).
2597 5533 2688 5588 His
2717 5549 2845 5604 ergo
2883 5537 3088 5592 nullum
3133 5540 3534 5597 communicare
3571 5541 3772 5596 denun-

2177 5623 2338 5690 tiate;
2365 5626 2510 5682 nulla
2541 5627 2681 5684 enim
2707 5632 2997 5686 communio
3029 5631 3130 5686 luci
3159 5633 3230 5686 ad
3255 5633 3492 5690 tenebras
3533 5633 3620 5704 (II
3651 5633 3766 5690 Car.

2177 5729 2250 5780 vr,
2283 5713 2392 5784 14).
2428 5715 2540 5772 llos
2559 5718 2745 5788 pellite
2775 5721 2962 5790 procul
2992 5722 3059 5778 ab
3090 5725 3340 5780 omnibus
3369 5724 3492 5798 [ηις.
3525 5725 3674 5798 Lyra,
3699 5727 3768 5782 ab

2177 5806 2532 5880 hominibus];
2565 5811 2708 5866 nulla
2737 5813 2878 5868 enim
2906 5815 3184 5874 camerdia
3217 5813 3422 5872 Christo
3471 5819 3542 5870 ad
3585 5817 3760 5872 Belial.

2178 5894 2404 5952 Servate
2423 5915 2538 5966 vos,
2564 5900 2756 5958 fratres
2777 5903 3098 5974 charissimi,
3125 5911 3183 5960 ut
3209 5919 3384 5976 neque
3403 5909 3652 5966 scribatis
3671 5907 3762 5970 cii.
