4006 6448
220 609 519 667 praesentes
545 613 735 663 nostro
759 611 989 668 concilio
1019 621 1346 691 consentire,
1378 633 1540 697 atque
1585 631 1822 687 subscri-

217 688 408 758 ptione
448 702 624 750 vestra
679 696 993 772 decernere,
1041 722 1159 778 quae
1209 711 1276 768 ab
1323 718 1571 776 omnibus
1625 723 1825 796 ubique

216 785 608 846 comministris
671 795 874 852 nostris
925 805 1280 862 consonantia
1335 825 1442 866 una
1515 827 1816 874 serventur.

213 870 546 937 Abdicamus
581 891 764 942 autem
805 887 946 958 illos,
977 900 1033 949 et
1067 902 1222 952 extra
1263 903 1524 961 terminos
1568 904 1819 966 Ecclesiae

213 965 498 1024 catholicae
521 975 713 1042 procul
735 977 1032 1049 abjicimus,
1059 987 1148 1055 qui
1181 1005 1289 1045 non
1319 991 1588 1052 afﬁrmant
1614 1007 1662 1065 η,
1691 1002 1817 1073 quia

209 1057 356 1118 Deus
388 1072 474 1122 est
501 1065 774 1139 Christus,
822 1077 919 1132 sed
958 1077 1127 1146 aiunt,
1159 1099 1319 1141 verus
1367 1087 1508 1145 Deus
1561 1107 1672 1149 non
1711 1103 1815 1163 est,

207 1155 332 1222 quia
365 1155 534 1217 Filius
556 1172 670 1232 est;
697 1166 792 1223 sed
817 1185 976 1226 verus
1004 1172 1170 1232 Filius
1209 1194 1316 1234 non
1347 1190 1448 1250 est,
1490 1199 1558 1241 ne
1603 1189 1816 1256 genitus

205 1244 273 1299 sit
299 1247 464 1306 simul
490 1260 546 1307 et
573 1253 861 1325 ingenitus.
893 1260 984 1320 Sic
1011 1266 1153 1322 enim
1179 1284 1240 1326 se
1275 1271 1581 1346 intelligere
1622 1287 1810 1337 natum

201 1339 548 1413 proﬁtentur,
575 1351 701 1418 quia
729 1352 807 1410 sic
827 1355 1100 1425 dixerunt,
1124 1363 1270 1433 quod
1293 1339 1477 1423 natum
1508 1379 1589 1426 est
1609 1370 1811 1430 factum

199 1443 301 1490 est.
336 1435 407 1492 Et
434 1441 558 1509 quia
591 1460 712 1500 cum
744 1447 988 1508 Christus
1013 1463 1137 1512 ante
1176 1459 1371 1515 szecula
1411 1463 1500 1526 sit,
1545 1463 1810 1525 dederunt

197 1525 249 1580 ei
276 1527 609 1605 principium
641 1544 804 1609 atque
825 1540 1012 1615 ﬁnem,
1035 1549 1179 1618 quod
1209 1565 1318 1608 non
1339 1552 1395 1608 in
1422 1562 1693 1634 tempore,
1710 1560 1805 1616 sed

193 1614 363 1674 habet
405 1630 530 1680 ante
569 1633 782 1686 saecula.
819 1614 1068 1693 Proinde
1105 1640 1224 1697 duae
1266 1643 1465 1714 vipera:
1507 1614 1573 1703 ex
1618 1627 1807 1722 aspide

192 1703 400 1763 Ariana
458 1728 754 1785 progressae
818 1732 966 1794 sunt,
1019 1727 1212 1786 Valens
1275 1703 1339 1790 et
1392 1703 1801 1812 Ursaciusfqui

191 1798 540 1876 gloriantur,
595 1817 652 1866 et
708 1828 819 1870 non
865 1817 1113 1876 dubitant
1171 1840 1230 1880 se
1295 1827 1480 1887 dicere
1539 1798 1800 1892 Christia-

188 1903 292 1947 nos
320 1912 333 1946 :
361 1895 680 1967 proﬁtentes
708 1909 964 1976 quoniam
1006 1911 1259 1986 Verbum,
1309 1928 1365 1977 et
1391 1925 1646 1993 quoniam
1673 1926 1797 2000 Spi-

185 1982 350 2055 ritus,
400 1996 455 2044 et
485 1993 815 2068 vulneratus,
859 2008 915 2057 et
944 1982 1276 2077 interfectus,
1314 2021 1369 2070 et
1397 1982 1648 2076 mortuus
1693 1982 1797 2090 e‘st,

173 2625 308 2682 tiam
339 2633 684 2695 nominantes
721 2640 927 2714 Patris,
969 2656 1025 2703 et
1047 2648 1200 2718 Filii,
1245 2662 1302 2710 et
1328 2637 1559 2728 Spiritus
1585 2666 1779 2720 sancti.

170 2712 241 2771 Et
269 2720 316 2774 si
348 2736 592 2791 quaerant
635 2745 756 2804 quae
800 2736 872 2790 sit
912 2712 1042 2796 Filii
1091 2712 1426 2816 substantia,
1466 2754 1782 2823 proﬁtemur

169 2822 292 2863 eam
322 2826 444 2870 esse
472 2832 592 2886 quae
613 2819 792 2881 Patris
819 2844 833 2880 :
866 2828 1232 2894 indubitanter
1260 2819 1539 2911 nunquam
1564 2843 1780 2903 Patrem

169 2900 290 2959 sine
314 2903 478 2976 Filio,
506 2927 686 2984 neque
711 2915 912 2976 Filium
936 2923 1058 2982 sine
1091 2927 1254 2986 Patre
1282 2932 1445 2990 fuisse
1470 2937 1774 3006 credentes,

168 3009 276 3053 nec
298 3013 422 3057 esse
458 3007 719 3076 potuisse,
750 3013 896 3082 quod
923 3024 1009 3073 est
1036 3018 1270 3078 Verbum
1299 3024 1548 3097 Spiritus.
1575 3030 1778 3088 Absur-

168 3087 300 3145 dum
327 3108 563 3166 namque
583 3110 666 3156 est
686 3103 889 3175 dicere,
913 3110 1204 3183 aliquando
1229 3087 1444 3175 Patrem
1473 3139 1582 3180 non
1612 3124 1775 3182 fuisse

165 3178 412 3239 Patrem.
442 3186 659 3248 Patrem
685 3195 828 3252 enim
853 3200 971 3256 sine
998 3202 1136 3260 Filio
1163 3223 1339 3281 neque
1360 3214 1648 3281 nominari,
1675 3233 1774 3275 nec

165 3287 290 3329 esse
318 3281 581 3346 potuisse.
605 3284 700 3342 Est
727 3290 873 3348 enim
892 3293 1061 3365 ipsius
1083 3297 1202 3354 Filii
1225 3303 1590 3386 testimonium
1621 3327 1632 3361 :
1657 3308 1772 3382 Ego

163 3367 218 3421 in
262 3368 462 3439 Patre,
493 3387 544 3431 et
569 3377 733 3438 Pater
759 3385 813 3441 in
841 3405 923 3444 me
953 3390 1148 3461 (luam,
1178 3412 1284 3463 xw,
1318 3397 1436 3470 ll);
1469 3381 1553 3467 et,
1583 3367 1776 3475 Egoaet

164 3459 330 3518 Pater
357 3483 521 3524 unum
545 3489 724 3533 sumus
752 3481 932 3550 (Joan.
964 3459 1018 3552 ξ,
1045 3485 1156 3559 50).
1189 3459 1377 3549 Nullus
1388 3459 1660 3552 nostrum“
1673 3514 1772 3555 ne-

161 3563 253 3621 gat
277 3569 474 3617 natum
503 3581 517 3616 :
551 3567 648 3622 sed
675 3572 868 3640 quibus
896 3585 1080 3634 natum
1102 3579 1167 3636 b?
1196 3581 1456 3643 Omnibus
1482 3602 1601 3658 quae
1630 3591 1770 3646 invi-

160 3645 336 3705 sibilia
360 3663 422 3710 et
451 3656 683 3716 visibilia
713 3677 1112 3738 nuncupantur.
1141 3670 1335 3745 Opifex
1355 3687 1444 3734 est
1469 3645 1770 3752 archange-t

156 3735 334 3799 lorum
351 3785 367 3811 ,
422 3757 480 3803 et
507 3755 858 3825 angelorum,
886 3735 942 3818 et
968 3766 1176 3836 mundi,
1198 3777 1257 3824 et
1283 3771 1500 3830 humani
1529 3776 1764 3845 generis.

155 3839 420 3904 quoniam
451 3841 544 3938 fait
576 3866 589 3901 :
627 3849 880 3910 Omnium
931 3861 1126 3932 artifex
1172 3866 1430 3934 sapientia
1475 3870 1646 3938 docuit
1687 3889 1770 3926 me

156 3924 310 4001 (Sap.
337 3949 440 4000 νυ,
459 3917 577 4008 Et).
603 3939 676 3994 Et
703 3947 879 4002 omnia
905 3966 996 4020 per
1020 3917 1191 4022 ipsum
1209 3917 1696 4032 lJoon.
1723 3983 1759 4034 l,

151 4014 227 4087 ὅ).
277 4019 407 4080 Non
455 4028 602 4084 enim
637 4047 852 4106 semper
886 4014 1008 4096 esse
1036 4051 1320 4113 potuerat,
1371 4049 1420 4105 si
1447 4056 1764 4124 sumpsisset

154 4113 440 4170 exordium
469 4135 482 4171 :
514 4125 950 4197 quandoquidem
972 4131 1228 4202 Verbum,
1254 4139 1397 4208 quod
1417 4156 1630 4214 semper
1655 4156 1758 4217 est,

157 4213 264 4256 non
293 4203 463 4264 habet
490 4209 720 4271 initium.
765 4217 906 4276 Deus
944 4233 1125 4281 autem
1168 4243 1440 4299 nunquam
1472 4237 1760 4294 terminum

155 4288 339 4351 habet.
371 4298 492 4355 Non
519 4304 750 4364 dicimus
784 4310 998 4368 Patrem
1029 4315 1224 4373 Filium
1254 4288 1401 4387 esse,
1434 4339 1610 4396 neque
1639 4344 1760 4384 rur-

153 4395 272 4440 sum
301 4387 496 4444 Filium
542 4395 754 4452 Patrem
809 4417 957 4471 esse;
1009 4408 1104 4462 sed
1150 4408 1313 4468 Pater
1359 4387 1538 4471 Pater.
1560 4428 1669 4487 est,
1703 4431 1760 4477 et

153 4471 320 4532 Filius
345 4479 521 4539 Patris
550 4495 630 4542 est
653 4488 837 4548 Filius.
867 4494 1203 4557 Conﬁtemur
1225 4505 1482 4562 virtutem
1505 4525 1625 4568 esse
1654 4511 1756 4568 Pa-

154 4563 248 4619 tris
294 4567 510 4628 Filium.
561 4574 895 4640 Couﬁtemur
943 4585 1176 4646 Verbum
1231 4594 1326 4650 Dei
1382 4597 1557 4659 Patris
1607 4619 1749 4674 esse,
1782 4630 1832 4691 υ

155 4665 346 4691 ηιιωΙΔι-
375 4666 515 4691 nul”!
550 4669 688 4691 λιι--)
721 4689 746 4691 -,
771 4689 781 4691 -
925 4686 935 4691 Α
1032 4690 1036 4691 ,
1073 4682 1115 4691 -υ
1181 4686 1192 4691 -

152 4665 346 4722 praeter
373 4666 518 4731 quod
548 4669 693 4726 aliud
720 4689 827 4729 non
857 4686 960 4743 est,
989 4690 1044 4736 et
1073 4682 1306 4741 Verbum
1337 4704 1522 4746 verum
1552 4695 1742 4764 Deum,

151 4754 206 4801 et
231 4753 552 4823 sapientiam
569 4800 588 4828 ,
636 4771 694 4816 et
719 4767 999 4843 virtutem,
1033 4791 1330 4850 verumque
1357 4781 1550 4847 Filium
1579 4791 1747 4846 tradi-

149 4851 284 4896 mus.
314 4840 383 4898 Et
411 4861 519 4902 nou
546 4849 688 4907 sicut
712 4859 893 4913 czeteri
927 4840 1020 4916 lilii
1050 4840 1416 4941 nominantur,
1447 4875 1522 4930 ita
1549 4875 1743 4938 Filium

147 4927 370 4991 dicimus
403 4955 416 4992 ε
450 4941 706 5009 quoniam
741 4945 818 5003 illi
850 4960 945 5006 aut
989 4956 1161 5023 gratia
1202 4927 1627 5034 regenerationis
1668 4972 1743 5028 dii

148 5033 320 5094 erunt,
351 5038 447 5086 aut
473 5041 542 5092 eo
569 5037 716 5104 quod
744 5038 889 5111 digni
920 5043 1072 5116 ﬁant,
1102 5048 1195 5108 lilii
1225 5070 1626 5130 nuncupantur,
1656 5082 1746 5124 ne-

147 5123 248 5215 que
295 5129 518 5192 propter
568 5142 729 5186 uuam
781 5135 1136 5198 substantiam
1187 5159 1308 5215 quas
1352 5123 1438 5207 est
1483 5152 1666 5214 Patris.
1684 5169 1742 5215 et

147 5199 282 5262 Filii.
314 5209 651 5280 Conﬁtemur
679 5224 809 5280 item
858 5239 916 5285 et
959 5199 1294 5305 unigenitum
1332 5251 1389 5299 et
1413 5246 1741 5318 primogeni-

148 5300 287 5414 tum;
321 5308 416 5363 sed
446 5311 776 5381 unigenitum
797 5319 1032 5382 Verbum
1057 5300 1310 5402 dicimus,
1351 5300 1739 5414 qdodseibper

147 5385 275 5503 fu‘ttl,
304 5408 358 5455 et
403 5413 488 5459 est
514 5406 570 5462 in
599 5406 792 5481 Patre;
817 5417 1236 5490 primogenitum
1267 5385 1448 5486 autiam
1473 5385 1734 5503 quantum

144 5479 211 5538 ad
234 5483 526 5553 hominem.
557 5497 662 5557 Sed
689 5479 872 5564 tamen
889 5479 1069 5568 dill‘evrt
1089 5529 1122 5572 a
1142 5526 1391 5578 creatura
1417 5479 1690 5586 communi
1714 5548 1730 5586 :

389 5651 550 5750 Ptol).
576 5671 632 5718 et
661 5663 803 5750 Νἱνλ,
835 5672 923 5743 qui
959 5675 1261 5745 afﬁrmant:
1293 5681 1446 5748 Quod
1473 5686 1614 5744 Deus
1641 5700 1726 5750 est

251 5716 262 5728 .
390 5705 414 5709 _
433 5705 550 5714 -.....
577 5705 632 5718 ν.
661 5705 803 5736 ηιμ,
835 5705 919 5743 qui
959 5705 1221 5745 ullu'mum
1244 5705 1261 5735 .'
1293 5705 1446 5748 uuou
1473 5705 1614 5744 ueus
1641 5705 1718 5750 est

141 5705 408 5830 3311⁵ῗὲιέἰέ
429 5731 704 5830 siegverus
747 5739 888 5830 Deus
910 5761 1060 5830 [nom
1086 5751 1382 5830 cst;_Quod
1412 5755 1576 5814 Filius
1619 5770 1718 5830 est,

384 5783 397 5792 -
509 5783 519 5785 ~
557 5783 703 5793 νν---ν
747 5783 888 5797 υνιιυ
932 5783 1038 5801 ..υιι
1086 5783 1194 5817 Lai,
1226 5783 1382 5819 guuu
1412 5783 1576 5814 riuus
1619 5783 1718 5830 BSt,

139 5783 409 5900 {ﬁxi-1T,“
437 5799 603 5863 Em”
628 5823 737 5865 non
765 5821 874 5882 ⁸⁸ιὶ
907 5816 1063 5883 ραοά
1092 5823 1304 5891 genitus
1349 5834 1452 5900 est,
1483 5830 1636 5888 simul
1666 5843 1722 5890 et

1919 1113 2252 1171 contendunt
2277 1136 2290 1171 :
2322 1119 2438 1192 Ego
2461 1134 2511 1179 et
2538 1124 2701 1184 Pater
2718 1148 2878 1192 unum
2901 1113 3079 1195 suntut
3107 1141 3288 1213 (Joan.
3320 1164 3375 1214 ι,
3405 1113 3524 1219 Sil);

1916 1211 2139 1273 propter
2165 1213 2512 1270 concordiam
2546 1227 2602 1274 et
2625 1224 3072 1294 ,unanimitatem.
3118 1211 3230 1292 Sed
3261 1211 3522 1309 reproba;

1914 1295 2086 1352 vimus
2115 1313 2306 1373 omnes
2334 1305 2588 1368 catholici
2634 1311 2966 1373 intellectum
2993 1336 3182 1380 eorum
3225 1295 3430 1385 fatuum
3460 1339 3520 1387 et

1914 1385 2205 1459 abjectum,
2235 1393 2395 1452 sicuti
2420 1402 2730 1460 mortalium
2756 1407 3058 1469 hominum.
3089 1415 3214 1485 Qui,
3255 1423 3516 1489 quoniam

1911 1485 2187 1555 corrumpi
2215 1501 2534 1564 cmperunt,
2573 1496 2910 1558 olfeudentes
2940 1504 3252 1567 discordare
3274 1529 3516 1574 noscun-

1908 1578 2013 1639 tur,
2046 1583 2103 1632 et
2143 1579 2212 1633 ad
2253 1586 2682 1652 permutationes
2720 1594 3020 1652 ascendunt
3051 1615 3065 1652 :
3101 1600 3206 1656 hoc
3230 1607 3393 1662 modo
3427 1607 3513 1664 di-

1907 1667 2160 1726 stantiam
2189 1682 2246 1728 et
2272 1674 2598 1736 discordiam
2626 1682 2771 1740 inter
2809 1686 3028 1746 Patrem
3063 1692 3232 1751 Deum
3259 1701 3510 1772 omnipo-

1907 1765 2108 1815 tentem
2145 1771 2202 1819 et
2242 1765 2438 1824 Filium
2476 1785 2598 1828 esse
2636 1790 2801 1845 posse
2827 1779 3104 1851 dicentes;
3134 1779 3280 1856 q'tiod
3316 1765 3508 1849 absur-

1830 1846 1878 1907 B
1903 1850 2033 1906 dum
2087 1862 2170 1910 est
2213 1857 2552 1934 intelligere,
2597 1875 2654 1922 et
2700 1869 3043 1941 aliquatenus
3080 1846 3350 1937 arbitrari.
3393 1883 3504 1942 Nos

1903 1953 2085 2002 autem
2115 1957 2170 2004 et
2191 1953 2462 2012 credimus
2483 1967 2540 2014 et
2564 1959 2912 2032 alﬁrmamus,
2944 1978 3001 2024 et
3027 1971 3106 2027 sic
3127 1973 3499 2056 intelligimus,

1901 2040 2157 2108 quoniam
2191 2059 2350 2102 sacra
2384 2048 2662 2122 Scriptura
2699 2056 2882 2116 locuta
2922 2072 3006 2118 est
3036 2082 3050 2118 :
3090 2054 3204 2139 Ego
3241 2080 3292 2125 et
3334 2071 3502 2130 Pater

2628 2237 2676 2303 i,
2724 2250 2779 2295 et
2818 2244 3088 2303 credimus
3135 2265 3353 2322 semper
3377 2256 3497 2313 sine

1893 2313 2162 2388 principio
2191 2330 2248 2376 et
2276 2323 2394 2380 sine
2423 2330 2654 2386 termino
2676 2332 2818 2392 hunc
2837 2351 3068 2406 regnare
3085 2359 3211 2400 cum
3232 2344 3410 2417 Patre,
3438 2360 3496 2407 et

1891 2421 2001 2462 non
2027 2407 2228 2468 habere
2250 2431 2350 2472 nec
2373 2426 2603 2490 tempus,
2633 2439 2735 2481 nec
2753 2426 3026 2486 delectum
3044 2435 3161 2504 ejus
3181 2437 3486 2511 imperium,

1889 2499 2017 2568 quia
2045 2517 2262 2576 semper
2284 2517 2398 2578 est;
2429 2529 2705 2584 nunquam
2732 2523 2874 2576 enim
2897 2539 3018 2582 esse
3045 2532 3230 2601 coepit,
3247 2524 3490 2606 ideoque

1888 2606 1991 2648 nec
2015 2593 2248 2654 deﬁcere
2286 2605 2514 2670 poterit.
2549 2605 2834 2670 Credimus
2871 2624 2930 2672 et
2955 2593 3288 2690 percipimus
3323 2593 3489 2683 Para-Q

1885 2687 2084 2745 cletum
2111 2703 2360 2756 sanctum
2390 2699 2688 2772 Spiritum,
2711 2721 2878 2775 quem
2899 2712 3056 2768 nobis
3084 2687 3202 2786 ipse
3226 2718 3488 2780 Deminus

1884 2782 2132 2849 promisit
2156 2794 2212 2841 et
2239 2787 2550 2862 destinavit,
2579 2807 2634 2851 et
2659 2812 2781 2854 eum
2812 2803 3079 2862 credimus
3102 2782 3346 2868 missum.
3379 2815 3489 2870 Sed

1883 2870 1930 2926 is
1956 2887 2152 2942 passus
2171 2894 2290 2934 non
2315 2891 2427 2948 est,
2458 2885 2555 2942 sed
2579 2888 2766 2956 homo,
2796 2907 2907 2962 quo
2932 2895 3152 2955 indutus
3177 2911 3262 2957 est
3278 2904 3306 2970 ,⁷
3323 2921 3486 2975 quem

1882 2969 2172 3037 assumpsit
2213 2987 2282 3026 ex
2327 2973 2496 3032 Maria
2538 2979 2786 3050 Virgine,
2832 2989 2925 3056 qui
2973 2993 3086 3060 pati
3127 2997 3304 3065 potuit
3329 2969 3487 3057 sicut

1879 3057 2144 3114 mortalis.
2175 3061 2318 3118 Deus
2346 3075 2528 3124 autem
2569 3070 2891 3132 immortalis
2918 3057 3019 3137 est.
3049 3057 3334 3143 Credimus
3357 3091 3484 3160 quia

1878 3147 2038 3204 tertia
2102 3151 2190 3208 die
2237 3160 2530 3214 resurrexit
2554 3203 2570 3228 ,
2613 3178 2724 3220 non
2779 3165 2922 3226 Deus
2967 3172 3023 3226 in
3071 3175 3294 3233 homine
3317 3197 3338 3242 ,·
3383 3181 3482 3236 sed

1801 3231 1849 3297 C
1878 3239 2043 3299 homo
2073 3243 2128 3300 in
2158 3245 2272 3304 Deo
2309 3253 2637 3320 resurrexit,
2681 3270 2844 3327 quem
2883 3271 2938 3316 et
2965 3263 3163 3322 obtulit
3196 3268 3344 3325 Patri
3379 3288 3484 3328 suo

1877 3331 2099 3402 donum,
2122 3340 2492 3412 quemutique
2512 3344 2781 3404 liberavit.
2807 3352 2967 3424 253
2997 3354 3278 3418 Credimus
3296 3370 3480 3419 autem

1874 3426 2130 3493 quoniam
2160 3440 2468 3500 opportuno
2491 3444 2736 3511 tempore
2762 3453 2925 3513 atque
2953 3445 3177 3505 deﬁnito
3205 3461 3394 3509 omnes
3421 3462 3480 3511 et

1872 3515 1941 3573 de
1966 3520 2216 3579 omnibus
2261 3524 2378 3595 ipse
2420 3527 2704 3597 judicabit.
2759 3532 2932 3592 Tanta
2977 3539 3246 3611 siquidem
3284 3560 3478 3634 eorum

1870 3611 2132 3681 stultitia,
2158 3622 2214 3671 et
2251 3617 2337 3674 ita
2351 3622 2708 3683 crassitudine
2735 3630 3090 3689 tenebrarum.
3107 3650 3297 3694 eorum
3320 3623 3473 3697 mens

1870 3714 2141 3763 excrecata
2184 3718 2294 3779 est,
2322 3720 2382 3768 ut
2423 3729 2700 3787 nequeant
2734 3720 2916 3780 lumen
2948 3740 3172 3784 cernere
3204 3733 3468 3798 veritatis,

1869 3811 1969 3853 nec
2010 3799 2310 3871 intelligere
2338 3821 2446 3875 qua
2486 3811 2700 3867 ratione
2726 3814 2927 3870 dictum
2956 3828 3038 3873 est
3070 3838 3084 3871 :
3119 3820 3189 3874 Ut
3209 3832 3264 3875 et
3283 3823 3388 3893 ipsi
3410 3825 3471 3880 in

1867 3890 2013 3945 nobis
2042 3909 2202 3949 unum
2229 3899 2337 3950 sint
2369 3899 2546 3971 (Joan.
2573 3919 2684 3960 xvn
2701 3947 2716 3972 ,
2745 3905 2863 3976 21).
2894 3897 3076 3964 Palam
3105 3927 3250 3969 vero
3266 3924 3351 3970 est
3369 3930 3468 3972 cur

1866 3981 2004 4040 dixit
2028 4002 2193 4042 unum
2225 4008 2236 4042 :
2270 3993 2526 4061 quoniam
2555 3999 2788 4068 apostoli
2817 3999 3079 4070 Spiritum
3101 4016 3343 4063 sanetum
3368 4010 3465 4066 Dei

1866 4087 2226 4146 acceperunt;
2258 4083 2355 4137 sed
2382 4093 2566 4141 tamen
2607 4090 2708 4159 ipsi
2753 4107 2870 4147 non:
2901 4104 3058 4150 erant
3084 4100 3329 4168 spiritus,
3361 4118 3464 4159 nec

1863 4167 2056 4238 aliquis
2086 4185 2275 4227 eorum
2301 4184 2398 4229 aut
2420 4175 2674 4249 Verbum,
2706 4192 2798 4236 aut
2821 4167 3235 4256 Sapientia,aut
3256 4191 3456 4259 Virtus,

1863 4267 1958 4312 aut
1984 4257 2304 4331 Unigcnitus
2351 4276 2486 4322 erat.
2541 4269 2691 4326 Sicut
2729 4291 2823 4346 ego
2861 4287 2910 4330 et
2939 4288 3025 4347 tu,
3065 4281 3268 4350 inquit,
3300 4300 3459 4340 unum

1861 4366 2059 4421 sumus,
2089 4356 2166 4409 sic
2192 4366 2242 4411 et
2261 4358 2350 4412 isti
2369 4360 2427 4414 in
2449 4361 2598 4417 nobis
2613 4381 2771 4419 unum
2792 4369 2897 4422 sint
2918 4369 3128 4445 (Ibid.).
3148 4374 3458 4436 Certissime

1861 4443 2025 4516 igitur
2044 4447 2322 4522 Scriptura
2335 4453 2513 4510 divina
2544 4457 2648 4513 hoc
2674 4459 2914 4516 distinxit
2941 4482 2952 4517 :
2979 4463 3036 4519 ln
3067 4443 3238 4533 nobis,
3260 4470 3451 4540 inquit,

1860 4556 2024 4598 unum
2053 4544 2330 4612 sint;1‘i0n
2362 4550 2464 4615 ait,
2497 4551 2637 4607 sicut
2682 4568 2780 4609 nos
2815 4573 2979 4612 unum
3027 4573 3212 4618 sumus
3257 4577 3359 4634 ego
3399 4574 3456 4622 et

1857 4630 2045 4703 Pater;
2078 4639 2171 4693 sed
2207 4639 2456 4712 discipuli
2487 4643 2540 4698 in
2570 4646 2874 4716 semetipsis
2904 4653 3179 4722 conjuncti
3205 4663 3260 4710 et
3285 4672 3454 4727 copuo

1857 4725 1951 4781 lati
1979 4744 2142 4784 unum
2169 4732 2296 4800 sint,
2328 4742 2384 4788 et
2413 4734 2534 4790 ﬁdei
2565 4739 2938 4809 confessione,
2970 4745 3022 4799 in
3051 4749 3220 4814 gratia
3248 4756 3302 4803 et
3333 4750 3450 4818 pie-

1854 4824 1966 4873 tate
1997 4821 2094 4875 Dei
2133 4822 2333 4888 Patris,
2367 4834 2422 4878 et
2458 4828 2672 4880 Domini
2703 4838 2760 4883 et
2783 4831 3078 4892 Salvatoris
3112 4840 3282 4895 nostri
3310 4854 3448 4897 con-

1853 4909 2099 4964 cessione
2128 4912 2470 4970 etcharitate
2489 4933 2653 4973 unum
2683 4935 2803 4975 esse
2832 4929 3057 4993 possint.
3387 4949 3390 4952 ’

1924 4998 2004 5054 Ex
2032 5001 2115 5056 his
2145 5003 2336 5059 litteris
2357 5011 2666 5077 agnoscitur
2686 5023 2740 5068 et
2760 5029 3129 5074 accusatorum
3151 5023 3440 5098 calumnia,

1850 5100 1906 5146 et
1925 5093 2164 5163 priorum
2194 5096 2447 5167 iniquitas
2464 5100 2725 5169 judicium,
2756 5115 2811 5161 et
2838 5108 3149 5177 dogmatum
3179 5127 3303 5170 vera
3348 5133 3440 5174 sa-

1850 5185 2095 5244 lubritas.
2135 5189 2252 5245 Non
2281 5193 2456 5248 solum
2485 5197 2627 5251 enim
2657 5199 2726 5254 de
2745 5200 2919 5256 divina
2952 5220 3049 5259 nos
3077 5205 3220 5262 beati
3249 5206 3436 5269 Patres

1843 5277 2079 5335 docuere
2107 5291 2318 5353 natura,
2348 5287 2442 5341 sed
2482 5291 2651 5344 etiam
2689 5293 3045 5350 eruditionem
3071 5297 3407 5368 dispensatio

1841 5371 1924 5428 nis
1975 5375 2422 5446 explanaverunt.
2477 5381 2898 5454 Tnnonoruz'ws,
2948 5388 3036 5445 tib.
3097 5408 3156 5458 ιι,
3198 5410 3316 5466 cap.
3376 5397 3430 5465 8,

1837 5465 1961 5521 edit.
1995 5466 2188 5525 Christ.

1903 5693 1932 5778 ιζ
1969 5695 2250 5791 Frob.
2284 5709 2338 5757 et
2357 5699 2499 5768 Niv.,
2524 5703 2631 5760 Sed
2658 5710 2884 5779 genitum
2917 5722 3038 5768 ante
3082 5716 3283 5787 omnia,
3309 5732 3430 5791 qua:

1829 5766 2132 5835 invisibilia,
2162 5780 2266 5826 etc.

1902 5839 1918 5859 ‘
1941 5836 2242 5922 ﬁedundat,
2275 5854 2330 5901 ut
2355 5848 2486 5904 mihi
2505 5849 2737 5922 videtur,
2768 5862 2862 5910 aut
2884 5871 2995 5912 este
3023 5866 3115 5913 aut
3145 5860 3424 5920 nominan-

1829 5916 1924 5964 tes.
1946 5907 2103 5966 Eutr.
