3964 6348
486 355 590 413 975

1065 457 1291 515 CAPUT
1328 457 1493 516 XXV.

485 576 567 633 De
605 576 785 645 legatis
827 572 1216 629 Sardicensium
1260 574 1329 626 ad
1367 572 1726 630 Constantium
1772 575 2067 645 destinatis,

557 644 686 719 etde
716 645 942 719 nefanda
983 644 1364 719 machinatione
1386 654 1567 699 contra
1612 664 1699 703 eos
1726 663 1760 700 a
1802 646 2068 719 Stephano

554 717 871 773 Antiocheno
899 716 1122 786 praesule
1149 717 1485 772 concinnata.

557 830 683 887 Haec
710 830 974 886 Constans
995 843 1311 899 agnoscens,
1340 829 1510 886 doluit
1530 829 1770 900 quidem,
1792 824 2066 887 levitatem

483 923 666 980 fratris
702 910 1021 994 inspiciens,‘
1043 930 1098 978 et
1125 922 1399 978 infremuit
1444 923 1700 979 adversus
1728 925 2070 995 instigatores

483 1013 750 1069 malorum
782 1020 837 1069 et
863 1013 1211 1083 imperatoris
1230 1012 1542 1068 facilitatem
1564 1014 1637 1069 ita
1660 1015 2064 1085 decipientium.

483 1105 633 1163 Duos
662 1115 842 1161 autem
866 1107 1153 1177 episcopos
1178 1120 1247 1162 ex
1271 1105 1579 1162 Sardicensi
1606 1107 1839 1163 concilio
1868 1107 2072 1163 electos

485 1212 611 1255 cum
638 1198 830 1253 litteris
856 1198 1003 1253 misit
1046 1197 1114 1252 ad
1152 1198 1391 1265 fratrem,
1433 1212 1555 1251 cum
1591 1197 1784 1266 quibus
1809 1206 1863 1252 et
1900 1198 2072 1266 magi-

421 1326 432 1345 .
484 1297 657 1345 strum
700 1288 927 1343 militum
967 1286 1242 1342 Salianum
1271 1287 1474 1358 pietate
1510 1287 1829 1358 justitiaque
1872 1288 2073 1358 fulgen-

416 1358 428 1379 ί
484 1390 618 1439 tem.
648 1381 864 1437 Litterae
888 1397 1019 1437 vero
1047 1397 1157 1437 non
1185 1381 1360 1437 solum
1385 1381 1738 1437 monitionem
1768 1382 2073 1437 habuerunt

394 1457 406 1551 ς
482 1482 650 1545 atque
696 1472 1009 1537 consilium,
1068 1471 1165 1528 sed
1219 1473 1381 1528 etiam
1432 1472 1923 1528 interminationem
1978 1473 2072 1543 pio

398 1568 402 1573 ’
480 1564 718 1636 principi
766 1563 1175 1619 condecentem.
1230 1561 1463 1618 Primum
1509 1564 1724 1635 quidem
1774 1565 2075 1621 enuntiavit

480 1655 638 1712 fratri
664 1664 722 1711 ut
742 1656 1013 1727 episcopis
1039 1656 1307 1728 praeberet
1335 1656 1597 1724 auditum,
1627 1666 1682 1712 et
1711 1657 2019 1729 iniquitates
2040 1673 2073 1715 a

480 1745 758 1817 Stephano
801 1747 1024 1816 aliisque
1054 1756 1405 1818 praesumptas
1444 1758 1782 1819 agnosceret,
1825 1764 1925 1806 nec
1964 1767 2072 1807 non

1715 347 1788 406 M.
1829 346 2100 406 AURELII
2137 346 2533 407 CASSIODORI

3647 348 3752 404 976

2097 470 2146 525 Α
2173 476 2295 516 cum
2322 460 2480 516 sociis
2504 466 2587 515 est
2607 458 2895 531 ingressus,
2926 456 3138 529 iniquos
3163 456 3399 515 clamans
3427 472 3549 528 eos,
3576 469 3632 515 et
3660 460 3759 516 ini-

2172 551 2389 621 quitatis
2410 551 2620 620 judices
2643 551 2959 606 destinatos.
3008 550 3285 620 Multoque
3320 551 3559 607 clamore
3585 552 3763 621 facto,

2174 652 2565 701 concurrerunt
2616 652 2672 700 et
2714 643 2877 709 servi,
2925 643 3263 713 surrexitqne
3311 643 3657 712 Vincentius,
3703 651 3763 701 et

2171 735 2483 792 claudentes
2505 734 2725 806 januam
2749 735 2956 801 domus,
2985 744 3189 806 septem
3209 734 3428 807 quidem
3455 735 3760 792 calumnia-

2171 835 2349 886 torum
2393 827 2847 900 comprehendere
2886 835 3193 898 potuerunt.
3239 825 3450 897 Onager
3474 842 3611 884 vero
3637 842 3757 883 cum

2170 919 2391 992 reliquis
2418 920 2571 989 fugit.
2603 919 2832 975 Detenta
2858 928 3040 975 tamen
3065 929 3147 975 est
3167 935 3287 975 cum
3316 919 3421 975 illis
3447 926 3506 975 et
3543 920 3755 977 mulier.

2170 1009 2421 1069 Diluculo
2450 1022 2629 1067 autem
2658 1013 2969 1081 magistrum
3010 1011 3236 1066 militum
3267 1011 3359 1082 qui
3383 1027 3507 1068 cum
3536 1012 3646 1067 illis
3669 1029 3761 1068 ve-

2173 1114 2346 1173 nerat,
2380 1105 2697 1172 excitantes,
2726 1104 2796 1160 ad
2821 1103 3076 1176 palatium
3105 1113 3505 1175 processerunt.
3534 1102 3607 1158 Et
3630 1120 3764 1181 prae—

2172 1196 2507 1267 sumptiones
2528 1196 2786 1269 Stephani
2808 1198 3224 1268 proclamantes,
3250 1197 3633 1267 dicebantjam
3657 1215 3758 1253 non

2174 1301 2335 1356 egere
2358 1287 2583 1357 judicio,
2612 1302 2789 1357 neque
2810 1287 3121 1344 verberibus
3145 1288 3453 1357 iniquitates
3480 1287 3621 1357 ejus.
3652 1288 3759 1343 Ma-

2174 1378 2341 1448 gister
2367 1395 2494 1435 vero
2538 1379 2765 1434 militum
2792 1380 3062 1450 praecipue
3106 1380 3451 1435 clamitabat:
3477 1396 3679 1451 rogans
3710 1394 3761 1438 ut

2169 1470 2387 1541 juberet
2412 1470 2705 1542 imperator
2733 1487 2840 1527 non
2870 1472 3149 1543 synodice,
3186 1473 3282 1527 sed
3305 1472 3641 1543 iudicialiter
3668 1494 3761 1547 po-

2174 1562 2282 1617 tius
2308 1563 2545 1634 iniquam
2579 1564 2875 1619 examinari
2903 1565 3374 1635 praesumptionem
3401 1585 3416 1622 :
3441 1570 3762 1638 promittens

2175 1656 2411 1729 primum
2460 1672 2519 1713 se
2575 1657 2950 1731 episcoporum
3017 1658 3244 1715 clericos
3294 1660 3663 1729 traditurum,
3714 1672 3764 1718 et

2178 1756 2437 1818 oportere
2455 1748 2619 1803 etiam
2648 1749 2922 1804 ministros
2950 1747 3211 1820 Stephani
3229 1751 3302 1805 ita
3321 1753 3594 1808 contradi.
3618 1753 3764 1809 Cum—

481 1848 537 1895 et
570 1838 919 1896 Athanasium
956 1841 1105 1910 gregi
1150 1842 1371 1913 proprio
1417 1843 1761 1911 restitueret;
1802 1842 2073 1914 patefacta
2103 1872 2151 1934 Β
2177 1856 2283 1912 que
2313 1840 2402 1896 ille
2434 1839 2779 1910 impudenter
2794 1840 3165 1909 contenderet,
3196 1841 3380 1899 dicens
3408 1844 3645 1900 clericos
3663 1861 3762 1901 non

481 1931 701 2001 quidem
749 1932 1038 1997 calumnia,
1071 1933 1481 2004 priscorumque
1500 1934 1742 2005 judicum
1790 1936 2073 2007 iniquitate
2106 1931 2137 1934 ”
2176 1931 2485 1990 subdendos
2531 1946 2650 1987 esse
2679 1932 3008 1999 verberibus,
3040 1933 3241 2003 placuit
3284 1941 3342 1989 et
3371 1933 3696 2005 imperatori
3719 1944 3766 1991 2t

481 2032 538 2080 et
568 2024 889 2081 crudelitate
928 2026 1202 2093 revelata;
1252 2026 1581 2097 adjecitque,
1624 2029 1751 2099 quia
1778 2030 1883 2086 nisi
1912 2031 2077 2088 vellet
2173 2022 2461 2093 Ῑυάῖοίῧυεν
2494 2029 2553 2077 “'-
2578 2022 2720 2077 ίηίηι
2740 2022 2996 2093 Palatium
3025 2038 3201 2079 031153
3226 2026 3541 2095 Ρΐονθηίτθι
3570 2026 3765 2081 exuli“

480 2114 627 2184 quod
643 2114 848 2185 justum
878 2126 962 2171 est
988 2118 1187 2184 facere,
1218 2118 1333 2189 ipse
1365 2120 1433 2175 ad
1460 2119 1842 2179 Alexandriam
1883 2139 2074 2195 perge-

478 2214 586 2273 ret,
619 2214 676 2262 et
702 2207 1056 2265 Athanasium
1084 2210 1274 2264 ovibus
1320 2209 1754 2269 desiderantibus
1796 2225 2073 2271 restaura-

479 2305 588 2361 ret,
618 2297 1066 2369 inimicorumque
1091 2307 1337 2355 catervas
1360 2301 1551 2371 procul
1578 2304 1894 2373 expelleret.
1923 2304 2076 2363 Hanc

481 2398 665 2444 autem
685 2391 973 2461 epistolam
994 2390 1344 2448 Constantius
1365 2393 1419 2447 in
1446 2392 1730 2450 Antiochia
1752 2397 2071 2468 suscipiens,

479 2480 731 2551 promisit
757 2497 818 2539 se
845 2481 1112 2539 facturum
1141 2498 1262 2555 quae
1288 2485 1521 2554 qualitas
1565 2487 1825 2558 temporis
1867 2504 2074 2545 annue-

480 2569 595 2627 bat.
623 2571 731 2629 Sed
758 2574 813 2629 in
840 2573 926 2630 his
952 2576 1231 2645 perterriti
1251 2577 1505 2641 veritatis,
1526 2577 1948 2651 impugnatores,
1982 2594 2074 2636 ne-

478 2666 853 2723 fandissimum
906 2669 1199 2725 machinati
1245 2677 1372 2726 sunt
1419 2672 1640 2728 malum.
1691 2672 2077 2744 Applicueraut

479 2756 682 2812 etenim
708 2757 1020 2815 sacerdotes
1057 2774 1090 2815 a
1135 2760 1369 2818 concilio
1397 2762 1654 2821 destinati
1679 2764 1975 2821 remotiore
2020 2764 2076 2820 in

477 2844 625 2904 loco.
666 2847 922 2922 Magister
952 2866 1082 2910 vero
1113 2853 1345 2911 militum
1367 2854 1528 2913 aliam
1553 2857 1891 2915 mansionem
1918 2872 2078 2917 acce-

480 2948 658 3010 perat.

551 3034 725 3092 Porro
748 3035 1057 3109 Stephanus
1085 3047 1213 3096 tunc
1233 3039 1605 3099 Antiochenus
1622 3043 1928 3117 episcopus,
1954 3060 2077 3102 cum

483 3124 604 3181 alis
630 3128 929 3199 tyrannidis
952 3133 1412 3202 cooperatoribus,
1441 3150 1606 3193 naves
1633 3135 1914 3206 naufragio
1933 3150 2076 3209 prae—

479 3218 725 3289 parabat,
756 3235 880 3277 clm
903 3222 1098 3291 quibus
1125 3232 1423 3283 assertores
1459 3236 1734 3284 rectorum
1761 3229 2075 3299 dogmatum

481 3311 648 3365 variis
673 3311 943 3368 nitebatur
971 3314 1264 3371 absorbere
1292 3318 1596 3375 calumniis.
1642 3319 1848 3377 Horum
1894 3323 2078 3391 itaque

481 3408 604 3458 erat
626 3400 735 3456 dux
759 3403 977 3473 quidam
998 3404 1211 3474 juvenis
1237 3406 1452 3479 Onager
1477 3411 1715 3479 nomine,
1762 3427 1885 3467 cum
1916 3426 2078 3483 aspe-

483 3489 649 3546 ritate
673 3494 899 3549 veniens
926 3496 1057 3567 [ed.,
1099 3498 1327 3555 licenter
1365 3500 1597 3572 vivens],
1639 3510 1696 3558 et
1722 3502 1905 3572 iniqua
1934 3518 2074 3560 con~

484 3583 795 3641 versatione
822 3587 1188 3655 congaudens,
1215 3591 1307 3659 qui
1334 3606 1443 3647 non
1468 3593 1641 3648 solum
1683 3593 1738 3648 in
1772 3594 1967 3665 plateis
1995 3595 2078 3651 di-

483 3686 674 3730 versos
716 3676 999 3731 tormentis
1054 3676 1340 3745 afﬁciebat,
1402 3689 1458 3736 et
1507 3681 1737 3739 fustibus
1782 3684 2073 3753 lacerabat,

483 3763 582 3821 sed
608 3764 774 3819 etiam
795 3766 985 3822 domos
1013 3768 1359 3838 impudenter
1385 3772 1667 3844 invadens,
1697 3776 1843 3831 viros
1873 3792 1937 3832 ac
1957 3793 2075 3833 mu-

486 3852 650 3911 lieres
669 3855 1081 3914 honestissimas
1110 3859 1477 3917 abstrahebat.
1510 3860 1575 3917 Et
1615 3879 1683 3919 ne
1719 3865 1931 3933 longius
1959 3866 2075 3936 ejus

422 4011 444 4019 _
486 3945 779 4001 extendam
808 3946 1181 4014 calliditatem,
1211 3958 1398 4013 contra
1430 3952 1663 4022 optimos
1690 3954 1833 4009 viros
1868 3964 2077 4027 praepa-

482 4042 663 4090 ratam
689 4038 924 4094 narrabo
965 4041 1460 4111 praesumptionem.
1492 4043 1543 4101 ls
1584 4046 1728 4101 enim
1765 4046 1977 4118 Onager
2006 4050 2076 4105 ad

483 4137 812 4196 quamquam
839 4126 1184 4185 fornicariam
1212 4133 1454 4202 veniens,
1494 4136 1571 4190 ait
1595 4137 1859 4207 quosdam
1902 4156 2075 4212 nuper

479 4214 696 4271 venisse
724 4217 1058 4288 peregrinos,
1102 4228 1159 4276 et
1198 4231 1413 4279 noctem
1461 4225 1663 4283 habere
1712 4232 2074 4288 necessariam

479 4309 804 4365 meretricis.
836 4309 1009 4368 Porro
1038 4328 1257 4371 sumens
1285 4316 1591 4387 quindecim
1620 4319 2070 4393 indisciplinatos,

480 4407 539 4457 et
586 4417 682 4460 eos
717 4404 775 4460 in
808 4406 988 4463 vicino
1025 4410 1405 4482 episcoporum
1452 4423 1657 4472 metato
1695 4417 1899 4483 celans,
1945 4434 2074 4490 per-

478 4494 624 4550 rexit
651 4509 774 4551 cum
802 4500 1089 4557 meretrice
1130 4501 1198 4557 ad
1221 4502 1441 4573 januam
1472 4505 1562 4563 ubi
1608 4506 1685 4562 illi
1711 4507 1813 4564 viri
1858 4511 2074 4581 requie-

477 4585 725 4644 scebant.
765 4586 1004 4661 Eamque
1032 4602 1291 4665 .apertam
1325 4596 1624 4664 inveniens,
1666 4603 1935 4671 persuasit
1981 4605 2073 4660 uni

476 4693 793 4751 puerorum,
840 4686 1075 4753 pecunia
1106 4687 1251 4755 data,
1301 4697 1361 4745 ut
1387 4691 1667 4748 mulierem
1707 4692 2074 4753 introduceret

476 4770 621 4827 intra
642 4769 861 4840 januam
890 4786 1051 4841 quam
1080 4777 1195 4845 Ipse
1217 4781 1567 4846 monstrabat,
1596 4783 1671 4839 ibi
1699 4787 1899 4856 quippe
1927 4794 2075 4842 uter-

479 4876 589 4932 que
611 4863 957 4929 sacerdotum
981 4864 1219 4921 dormire
1246 4866 1586 4938 videbantur,
1620 4887 1850 4943 eamque
1878 4877 2072 4935 mulie-

474 4966 596 5009 rem
622 4952 846 5010 interius
883 4957 1137 5027 praecepit
1174 4958 1473 5014 accedere:
1504 4960 1621 5031 ipse
1665 4973 1955 5022 vocaturus
1981 4982 2073 5026 so-

476 5044 594 5102 cios
628 5055 714 5104 est
752 5061 1019 5118 egressus.
1067 5047 1379 5119 Contigerat
1421 5053 1565 5111 enim
1594 5071 1759 5111 unum
1799 5060 2067 5117 seniorem

474 5138 791 5211 episcopum
814 5138 1146 5212 Euphratem
1175 5143 1391 5199 nomine
1417 5145 1470 5199 in
1492 5146 1613 5204 loco
1641 5151 1911 5208 exteriore
1940 5153 2066 5210 dor-

473 5232 634 5288 mire.
660 5231 974 5293 Vincentius
1013 5244 1193 5293 autem
1215 5238 1316 5310 (sic
1343 5240 1487 5297 enim
1516 5242 1795 5301 dicebatur
1823 5247 1979 5318 alter)
2012 5249 2067 5306 in

473 5322 723 5382 interiori
751 5328 998 5384 cubiculo
1027 5330 1355 5400 quiescebat.
1402 5332 1645 5406 Cumque
1687 5339 1827 5394 intra
1871 5341 2067 5397 ostium

478 5416 661 5488 puella
704 5418 967 5485 venisset,
1019 5434 1211 5477 sonum
1260 5422 1461 5493 pedum
1516 5424 1816 5497 Euphratae
1870 5444 2073 5499 cogno-

474 5521 653 5574 scens,
684 5506 811 5563 dum
834 5517 979 5565 esset
997 5510 1304 5580 obscurum,
1343 5514 1463 5584 quis
1492 5517 1792 5573 ambularet
1830 5519 2065 5576 interro-

472 5601 639 5670 gavit.
669 5600 759 5655 llla
782 5618 911 5657 vero
933 5603 1210 5674 loquente,
1234 5608 1585 5664 conturbatus
1613 5607 1934 5679 Euphratas,
1959 5613 2067 5669 dae-

472 5705 800 5764 monemque
820 5704 1013 5765 putans
1039 5711 1158 5752 esse
1185 5698 1425 5754 mulieris
1448 5698 1714 5755 imitatum
1739 5717 1947 5768 vocem,
1971 5720 2062 5761 re-

476 5792 642 5850 pente
670 5784 1009 5843 Salvatorem
1052 5789 1324 5847 Christum
1368 5794 1436 5848 ad
1481 5810 1635 5850 suum
1664 5799 1877 5853 vocavit
1913 5802 2069 5856 auxi-

482 5872 612 5927 ium.
637 5874 851 5945 Onager
876 5884 1058 5935 autem
1087 5880 1194 5935 dux
1210 5882 1521 5952 iniquitatis
1563 5886 1741 5956 hujus,
1790 5890 1891 5947 hoc
1919 5892 2062 5950 facto

2154 2113 2346 2169 natio.
2389 2111 2459 2167 Et
2503 2113 2737 2184 primum
2774 2113 2992 2183 quidem
3024 2114 3423 2185 interrogavere
3466 2117 3761 2183 mulierem,

2176 2207 2298 2278 quis
2338 2222 2459 2263 eam
2487 2206 2556 2261 ad
2592 2214 2854 2262 metatum
2877 2196 3186 2263 daluxisset
3211 2208 3619 2279 episcoporum.
3648 2208 3765 2276 Qua:

2181 2299 2316 2354 dixit
2352 2298 2640 2370 quemdam
2663 2297 2916 2368 juvenem
2946 2298 3014 2353 ad
3043 2313 3102 2353 se
3129 2297 3360 2364 venisse,
3392 2306 3450 2354 et
3480 2299 3763 2353 adventum

2176 2388 2447 2447 indicasse
2492 2390 2920 2462 peregrinorum,
2970 2398 3025 2443 et
3051 2390 3194 2461 quod
3223 2406 3358 2461 opus
3399 2391 3687 2455 haberent,
3714 2398 3768 2445 et

2177 2482 2305 2551 quia
2330 2497 2559 2553 vespere
2578 2483 2803 2538 veniens
2830 2481 3141 2538 deduxisset
3160 2497 3282 2538 eam
3309 2482 3374 2538 ad
3401 2484 3767 2540 habitaculum

2176 2571 2469 2641 quoddam,
2499 2588 2729 2644 eamque
2772 2574 2912 2628 intra
2937 2573 3157 2643 januam
3186 2574 3375 2631 domus
3405 2585 3457 2631 et
3484 2576 3762 2646 porticum

2176 2663 2400 2721 introire
2426 2665 2763 2736 praeceperit.
2795 2664 3007 2733 Adjecit
3030 2666 3194 2720 etiam
3226 2666 3630 2736 inquisitionem
3652 2666 3769 2738 epi-

2176 2756 2347 2827 scopi,
2378 2763 2434 2813 et
2462 2765 2726 2813 terrorem
2752 2755 2976 2828 factum,
3008 2766 3063 2814 et
3092 2760 3392 2816 orationem
3418 2759 3558 2831 ejus,
3590 2770 3649 2818 et
3674 2777 3756 2817 su-

2177 2848 2611 2919 pervenientium
2632 2847 2944 2919 repentinas
2971 2847 3298 2908 invasiones.

2250 2940 2380 2997 Haec
2403 2940 2611 3012 judices
2640 2948 3017 3010 agnoscentes,
3044 2953 3262 3015 captum
3291 2944 3435 3001 inter
3460 2944 3600 3001 alios
3624 2946 3767 3015 juve-

2180 3047 2309 3090 nem
2356 3034 2425 3089 ad
2472 3034 2708 3091 medium
2752 3037 3110 3094 deduxerunt.
3150 3035 3253 3103 Qui
3297 3053 3407 3093 non
3455 3047 3769 3109 exspectans

2181 3126 2563 3182 necessitatem
2591 3132 2897 3198 verberum,
2950 3128 3310 3184 machinatum
3361 3129 3653 3185 consilium
3681 3144 3771 3199 pa.

2105 3255 2150 3320 Ο
2183 3215 2382 3283 tefecit,
2432 3225 2486 3320 et
2512 3215 2785 3289 Onagrum
2814 3219 2932 3275 hac
2980 3220 3161 3275 omnia
3188 3228 3537 3290 perpetrasse
3565 3218 3771 3276 confes-

2101 4646 2155 4707 D

2074 6082 2075 6085 η
2084 6069 2123 6090 δ

2180 3322 2274 3364 sus
2302 3315 2404 3364 est.
2437 3306 2539 3375 Qui
2568 3308 2832 3366 deductus
2859 3311 2927 3365 ad
2971 3310 3229 3375 medium,
3276 3309 3617 3382 Stephanum
3644 3310 3772 3365 dixit

2180 3402 2297 3457 haec
2327 3401 2507 3456 omnia
2542 3401 2879 3473 praecepisse.
2932 3402 3021 3457 Sic
3069 3404 3232 3473 igitur
3259 3402 3524 3472 Stephani
3576 3417 3772 3472 cogno-

2182 3500 2396 3549 scentes
2440 3492 2798 3563 iniquitatem,
2828 3495 3180 3564 przesentibus
3208 3502 3335 3550 tunc
3364 3495 3640 3565 episcOpis
3665 3509 3773 3565 per-

2180 3588 2446 3644 miserunt
2497 3596 2557 3643 ut
2584 3604 2706 3644 eum
2735 3589 3070 3654 dammrent,
3103 3595 3159 3644 et
3206 3588 3273 3643 ab
3310 3588 3547 3644 ecclesia
3590 3586 3773 3658 procul

2180 3680 2434 3751 expulsus
2458 3688 2563 3735 est.
2585 3679 2704 3736 Non
2740 3688 2920 3736 tamen
2946 3681 3014 3735 ab
3040 3680 3236 3735 Ariana
3265 3687 3419 3750 peste
3446 3677 3695 3734 Ecclesia
3719 3678 3773 3731 li—

2178 3772 2363 3829 berata
2386 3782 2489 3830 est.
2512 3772 2648 3829 Nam
2668 3773 2925 3831 Leontius
2943 3784 3063 3845 post
3082 3790 3206 3829 eum
3235 3773 3541 3842 ordinatur,
3571 3788 3771 3843 genere

2178 3858 2460 3937 Phrygius,
2510 3867 2788 3924 voluntate
2833 3869 3209 3939 nequissimus.
3253 3867 3455 3923 Verum
3499 3867 3771 3923 Constan-

2178 3960 2284 4015 tius
2308 3976 2373 4015 ea
2402 3976 2520 4031 qua:
2551 3970 2739 4017 contra
2768 3962 3055 4033 episcopus
3079 3962 3290 4017 fuerant
3318 3960 3657 4025 machinata,
3686 3976 3773 4015 ειν

2176 4052 2478 4123 perimento
2499 4066 2853 4123 cognoscens,
2884 4054 3099 4124 scripsit
3126 4051 3420 4107 Athanasio
3448 4066 3698 4107 maximo
3722 4058 3770 4106 et

2176 4145 2365 4211 semel,
2394 4152 2450 4201 et
2477 4147 2735 4214 secundo,
2758 4155 2812 4202 et
2838 4147 2997 4202 tertio
3019 4189 3035 4216 ,
3058 4148 3289 4203 invitans
3314 4161 3438 4200 eum
3464 4155 3527 4200 ut
3554 4162 3584 4201 a
3609 4144 3772 4219 255

2177 4232 2424 4303 partibus
2450 4243 2723 4290 remearet
2750 4234 3043 4307 Hesperiis,
3072 4236 3210 4293 sicut
3247 4236 3377 4307 ipsis
3405 4235 3601 4292 litteris
3634 4236 3769 4292 indi-

2177 4334 2353 4384 catur.
2402 4327 2819 4399 Tneononnrus,
2870 4330 2959 4385 lib.
3006 4345 3063 4399 n,
3113 4346 3230 4402 cap.
3277 4330 3330 4396 8,
3381 4328 3417 4385 9
3471 4338 3526 4385 et
3573 4330 3673 4399 t0,
3715 4346 3767 4401 ρ.

2175 4416 2271 4489 ss,
2292 4418 2382 4475 st.

2196 4532 2201 4535 η
2737 4509 2967 4566 CAPUT
3005 4508 3196 4566 XXVI.

2247 4596 2487 4671 Epistola
2524 4598 2817 4658 Constantii
2863 4603 2933 4657 ad
2966 4602 3329 4684 Athanasium,
3376 4613 3437 4658 ut
3474 4606 3551 4660 ad
3583 4622 3708 4661 eam

2867 4685 3081 4729 veniret.

2246 4784 2592 4842 Constantius
2633 4787 2808 4844 victor
2832 4787 3101 4855 Augustus
3140 4789 3437 4844 Athanasio
3483 4790 3761 4861 episcopo.

2243 4872 2534 4929 Plurimum
2563 4882 2619 4930 te
2645 4874 2977 4932 circumferri
3006 4888 3063 4933 et
3081 4876 3327 4934 fluctuari
3354 4877 3634 4937 ferocibus
3656 4896 3762 4936 ma-

2172 4963 2247 5021 ris
2284 4964 2442 5021 undis
2489 4973 2687 5021 nostra;
2723 4967 3147 5023 mansuetudinis
3186 4969 3476 5025 clementia
3506 4986 3619 5025 non
3652 4986 3762 5041 per-

2170 5056 2336 5113 misit.
2360 5056 2541 5112 Patria
2571 5058 2769 5127 quippe
2793 5066 2937 5114 terra
2957 5059 3237 5128 nudatum,
3266 5070 3323 5117 et
3350 5061 3626 5131 privatum
3647 5077 3764 5134 pro-

2169 5149 2304 5220 priis
2332 5150 2512 5214 rebus,
2557 5157 2940 5222 errantemque
2983 5167 3080 5222 per
3106 5152 3225 5208 loca
3273 5153 3415 5208 invia
3443 5152 3758 5214 bestiam.

2169 5238 2438 5295 indefecta
2479 5246 2661 5297 nostra
2695 5240 2872 5310 pietas
2915 5256 3024 5298 non
3068 5243 3332 5314 despexit.
3393 5242 3635 5314 Ideoque
3674 5242 3759 5298 tibi

2171 5332 2263 5388 diu
2291 5332 2471 5389 distuli
2498 5334 2737 5389 scribere
2766 5335 3059 5392 voluntatis
3085 5350 3221 5392 meae
3249 5337 3591 5408 propositum
3618 5357 3631 5391 :
3655 5349 3763 5406 spe-

2172 5442 2301 5482 rans
2346 5435 2541 5497 sponte
2573 5434 2626 5483 te
2676 5426 2745 5482 ad
2771 5443 2872 5483 nos
2901 5426 3042 5483 forte
3080 5420 3383 5495 venturum,
3435 5439 3494 5483 et
3524 5429 3760 5485 laborum

2172 5519 2597 5577 satisfactionem
2644 5535 2677 5575 a
2726 5521 2883 5577 nobis
2921 5521 3157 5592 exigere.
3192 5521 3600 5589 Verumtamen,
3631 5537 3760 5593 quo-

2174 5614 2319 5670 niam
2347 5612 2488 5669 torte
2534 5614 2696 5669 timor
2724 5613 3002 5685 impedivit
3046 5614 3334 5671 voluntatis
3379 5624 3485 5670 tua:
3520 5614 3759 5687 proposi-

2176 5714 2322 5771 tum,
2371 5694 2589 5761 litteras
2622 5704 2868 5775 largitate
2914 5705 3247 5777 plenissimas
3294 5696 3362 5763 ad
3406 5715 3553 5763 tuam
3594 5705 3762 5763 beati-

2175 5799 2411 5855 tudinem
2452 5800 2573 5874 [ms.
2617 5797 2769 5870 Lyr.,
2800 5797 3207 5871 benignitatem]
3252 5788 3662 5867 destinavitnus,
3706 5804 3761 5854 ut

2174 5894 2291 5951 sine
2315 5904 2457 5950 metu
2497 5893 2693 5951 nostris
2736 5894 3044 5965 aspectibus
3070 5895 3326 5953 velociter
3360 5903 3509 5952 tuam
3534 5910 3759 5970 praen-

3900 5308 3901 5347 1

3898 5386 3899 5431 1

3896 5458 3897 5515 1

3894 5536 3895 5597 1

3890 5608 3893 5681 1

3890 5692 3891 5765 1

3886 5890 3887 5931 1

3884 5970 3885 6015 1

3880 6130 3881 6181 1

3878 6216 3879 6265 1
