4006 6514
256 417 357 475 977

1338 412 1662 475 HISTORIA
1698 405 2133 465 TRIPARTITA.
2174 415 2381 472 LIBER
2415 414 2505 473 IV.

3428 421 3537 480 978

258 532 383 588 tiam
412 515 651 605 praebere
687 532 938 604 festines;
966 543 1232 608 quatenus
1269 532 1539 590 desiderio
1563 538 1659 586 tuo
1695 526 1840 601 poti-
1869 537 1921 597 Α
1946 525 2224 583 Athanasii
2267 527 2548 594 didicistis,
2580 539 2634 586 et
2675 531 2944 603 integrum
2983 533 3309 605 cognovistis
3337 530 3535 592 secun-

252 632 362 693 tus,
400 624 697 695 experiaris
739 636 978 683 nostram
1024 625 1366 683 clementiam
1410 622 1464 677 in
1493 620 1726 693 propriis
1754 632 1843 674 re-

258 719 490 774 stitutus.
527 717 643 776 Iiac
689 721 889 776 etenim
915 737 1077 777 causa
1121 728 1178 776 et
1213 718 1491 775 dominum
1518 729 1700 771 meum
1729 712 1841 768 fra-

257 820 501 883 tremque
554 812 903 872 Constantem
958 815 1232 872 Victorem
1289 812 1590 882 Augustum
1643 822 1745 879 pro
1788 812 1844 861 te

255 904 460 973 rogavi,
491 912 551 960 ut
597 906 694 962 tibi
724 914 1051 979 potestatem
1079 906 1147 962 ad
1183 921 1284 963 nos
1322 905 1525 959 tribuat
1563 897 1839 965 veniendi,

253 1004 314 1053 ut
334 998 597 1055 ambobus
626 1002 782 1058 nobis
820 1002 1200 1069 aunuentibus,
1243 1000 1523 1057 restitutus
1550 996 1606 1052 in
1644 994 1838 1066 patria,

252 1088 454 1146 habeas
502 1092 796 1149 maximum
831 1094 1016 1163 gratiae
1058 1101 1255 1149 nostrae
1283 1094 1495 1164 pignus.
1541 1087 1839 1153 Socnues,

250 1178 339 1236 lib.
371 1196 431 1251 ιι,
462 1198 581 1255 cap.
614 1182 702 1240 18.
744 1183 891 1240 Edit.
924 1184 1115 1241 Christ.
1161 1184 1333 1240 Vates.
1363 1200 1481 1254 cap.
1514 1180 1604 1247 2⁵5,
1635 1198 1688 1252 ρ.
1717 1176 1838 1236 107.

614 1380 615 1383 γ
804 1293 1035 1351 CAPUT
1072 1293 1286 1350 xxvn.
1360 1282 1371 1293 ‘

506 1384 627 1440 Alia
666 1387 887 1456 epistola
916 1388 1147 1459 ejusdem
1182 1404 1277 1458 pro
1305 1385 1488 1442 eadem
1514 1399 1591 1439 re.

316 1493 667 1554 Constantius
695 1498 885 1556 Victor
931 1500 1201 1572 Augustus
1231 1498 1525 1555 Athanasio
1562 1496 1841 1570 episcopo.

316 1587 475 1644 Licet
515 1590 784 1660 prioribus
835 1593 1035 1649 nostris
1087 1593 1278 1649 litteris
1324 1590 1841 1661 signiﬁcaverimus,

244 1686 515 1749 quatenus
563 1682 681 1736 sine
721 1682 1085 1739 sollicitudine
1123 1684 1190 1738 ad
1236 1692 1484 1740 nostrum
1511 1683 1711 1739 debeas
1759 1697 1846 1740 ve-

244 1772 360 1826 nire
395 1773 733 1841 comitatum,
759 1790 825 1831 eo
847 1776 992 1845 quod
1018 1778 1253 1833 maxime
1280 1777 1508 1833 velimus
1540 1784 1595 1833 te
1622 1776 1690 1831 ad
1717 1791 1845 1848 pro-

243 1865 360 1936 pria
392 1866 698 1935 destinare;
725 1876 907 1925 tamen
948 1878 1005 1925 et
1047 1887 1192 1926 nunc
1221 1872 1319 1926 has
1362 1872 1568 1927 litteras
1606 1871 1673 1926 ad
1696 1878 1844 1927 tuam

246 1954 549 2013 direximus
578 1961 952 2028 sanctitatem;
1004 1977 1102 2033 per
1144 1963 1592 2033 quasinvitamus
1631 1972 1691 2020 ut
1726 1965 1843 2022 sine

242 2046 423 2115 aliqua
452 2048 823 2106 incredulitate
845 2052 933 2107 vel
961 2060 1111 2109 metu
1131 2053 1449 2120 ascendens,
1478 2056 1709 2125 publicis
1737 2072 1866 2113 ve--

242 2138 439 2194 hiculis
462 2140 530 2195 ad
557 2158 657 2198 nos
683 2145 873 2200 venire
900 2144 1144 2214 festines,
1178 2156 1237 2202 ut
1265 2163 1385 2217 quae
1411 2147 1687 2205 desideras
1717 2166 1841 2220 pos-

240 2229 317 2283 sis
338 2232 583 2302 adipisci.
618 2234 921 2304 Socna'rss,
963 2236 1055 2293 lib.
1097 2255 1153 2306 ιι,
1185 2232 1302 2311 cap.
1338 2238 1426 2295 18.
1466 2238 1615 2297 Edit.
1645 2242 1839 2300 Christ.

254 2318 434 2378 Vales.
466 2342 582 2397 cap.
616 2325 703 2395 23,
734 2346 788 2399 p.
822 2328 948 2385 108.

787 2440 1018 2498 CAPUT
1063 2441 1296 2500 XXVIII.

487 2526 663 2583 Tertia
691 2528 983 2587 Constantii
1019 2534 1241 2603 epistola
1270 2553 1363 2603 pro
1390 2538 1587 2594 eodem.

312 2614 663 2677 Constantius
691 2622 876 2679 Victor
903 2626 1177 2695 Augustus
1206 2624 1503 2684 Athanasio
1551 2629 1831 2701 episcopo.

313 2708 455 2765 Dum
485 2710 540 2765 in
566 2711 768 2770 Edessa
798 2716 1137 2784 degeremus,
1180 2720 1536 2788 przesentibus
1559 2722 1842 2792 presbyte-

237 2804 317 2861 ris
386 2805 491 2861 tuis
552 2807 756 2877 placuit
808 2817 869 2864 ut
922 2812 991 2867 ad
1063 2820 1119 2868 te
1174 2814 1456 2870 destinatis
1511 2818 1843 2889 presbyteris
1888 2834 1899 2841 '

240 2896 312 2951 ad
361 2907 607 2953 nostrum
662 2899 939 2960 debuisses
993 2903 1249 2962 festinare
1304 2909 1659 2976 comitatum;
1711 2925 1843 2979 qua-

238 2992 409 3042 tenus
436 2988 625 3044 videns
652 2998 868 3047 nostros
889 3004 1161 3064 aspectus,
1191 3006 1417 3069 repente
1440 3015 1759 3071 properares
1778 3001 1847 3058 ad

240 3077 651 3137 Alexandriam.
682 3083 789 3139 Sed
810 3087 1066 3154 quoniam
1096 3089 1386 3159 plurimum
1412 3093 1672 3162 praeteriit
1709 3102 1849 3150 tem—

240 3184 348 3241 pus
374 3185 444 3225 ex
476 3186 584 3242 quo
610 3176 908 3247 suscipiens
936 3193 967 3232 a
1014 3180 1169 3236 nobis
1214 3182 1422 3240 litteras
1450 3200 1559 3240 non
1604 3187 1846 3242 occurri-

240 3260 332 3327 sti,
368 3272 659 3334 propterea
687 3269 850 3324 etiam
899 3287 1040 3327 nunc
1087 3288 1437 3332 commoncre
1480 3286 1532 3332 te
1561 3277 1842 3335 festinavi-

238 3366 386 3416 mus,
422 3362 481 3408 ut
505 3355 591 3409 vel
630 3373 773 3414 nunc
813 3368 960 3417 tuam
997 3367 1340 3433 prmsentiam
1384 3362 1540 3424 nebis
1581 3369 1844 3426 velociter

238 3451 578 3513 praesentare
606 3449 922 3517 contendas,
955 3461 1011 3508 et
1037 3454 1112 3510 ita
1141 3458 1316 3527 possis
1344 3459 1533 3528 patriae
1558 3466 1663 3515 tua:
1686 3461 1845 3517 resti-

237 3536 344 3604 tui,
379 3543 583 3607 tuaque
626 3554 848 3599 securus
894 3546 1142 3603 oratione
1189 3549 1312 3605 frui.
1358 3550 1440 3605 Ad
1468 3551 1686 3620 plenam
1713 3568 1844 3610 vero

236 3631 617 3700 cognitionem
645 3635 896 3693 Achitum
924 3639 1211 3697 diaconum
1240 3643 1643 3711 destinavimus,
1676 3662 1707 3701 a
1735 3662 1844 3716 quo

233 3726 419 3795 possis
451 3740 747 3795 agnoscere
783 3731 951 3788 etiam
996 3735 1167 3790 nostri
1212 3737 1377 3792 animi
1402 3738 1757 3808 voluntatem,
1790 3752 1847 3797 et

232 3818 506 3888 quoniam
537 3835 603 3876 ea
630 3835 751 3892 qua:
781 3832 937 3895 optas
962 3827 1169 3898 poteris
1197 3828 1511 3900 impetrare.

306 3909 430 3968 Has
468 3914 725 3983 epistolas
755 3917 808 3971 in
861 3919 1107 3990 Aquileia
1149 3922 1449 3994 suscipiens
1495 3924 1843 4000 Athanasius,

229 3999 347 4058 illic
376 4001 535 4057 enim
566 4004 755 4061 relicta
800 4007 1021 4066 Sardica
1062 4013 1395 4081 morabatur,
1446 4030 1573 4072 mox
1614 4019 1847 4075 recurrit

228 4093 300 4149 ad
333 4094 596 4164 Romam,
648 4104 703 4153 et
748 4102 1039 4159 ostendens
1064 4104 1268 4161 litteras
1294 4106 1551 4178 episcopo
1579 4107 1741 4178 Julio,
1790 4113 1847 4168 in

231 4186 489 4257 maximo
517 4188 717 4256 gaudio
743 4180 1035 4250 Ecclesiam
1061 4195 1192 4252 fecit
1233 4212 1354 4253 esse
1384 4196 1703 4255 Romanam.
1735 4201 1845 4256 Pu-

234 4280 463 4336 tabatur
491 4283 635 4339 enim
683 4284 845 4341 etiam
874 4286 1110 4345 Orientis
1148 4291 1446 4362 imperator
1494 4310 1684 4349 eorum
1722 4292 1847 4351 ﬁdei

235 4375 578 4437 consentire,
629 4392 695 4432 eo
724 4379 870 4447 quod
908 4380 978 4435 ad
1020 4398 1081 4437 se
1127 4382 1479 4439 Athanasium
1526 4384 1849 4443 ﬁducialiter

231 4472 524 4521 evocaret.
556 4465 728 4523 Julius
752 4479 933 4524 autem
958 4472 1012 4527 in
1039 4473 1419 4529 Alexandriam
1445 4476 1655 4533 clericis
1684 4485 1847 4548 atque

228 4558 383 4630 plebi
427 4557 543 4614 haec
584 4559 652 4615 de
697 4560 995 4619 Athanasio
1041 4566 1241 4637 scripta
1281 4566 1494 4623 direxit.
1544 4567 1845 4639 Socnares,

229 4649 328 4706 lib.
364 4665 427 4715 II,
460 4665 578 4721 cap.
608 4649 696 4707 18.
722 4651 869 4709 Edit.
903 4654 1095 4713 Christ.
1138 4657 1313 4715 Vales.
1358 4675 1475 4731 cap.
1508 4660 1600 4729 25,
1629 4681 1684 4735 p.
1717 4661 1842 4721 108.

822 4764 1052 4822 CAPUT
1088 4765 1278 4826 XXIX.

342 4850 593 4925 Epistola
614 4855 743 4912 Julii
774 4858 844 4912 ad
870 4860 1263 4918 Alexandrinos
1295 4880 1392 4935 pro
1418 4865 1725 4924 Athanasio.

300 4969 486 5025 Julius
533 4971 969 5045 archiepiscopus
998 4978 1350 5050 presbyteris,
1402 4988 1459 5035 et
1502 4979 1840 5053 diaconibus,

228 5074 287 5121 et
324 5064 502 5136 plebi,
547 5064 915 5125 habitantibus
970 5070 1025 5126 in
1082 5071 1428 5144 Alexandria,
1478 5074 1840 5135 dilectissimis

225 5157 518 5219 fratribus,
546 5156 601 5209 in
628 5156 860 5216 Domino
883 5162 1131 5219 salutem.

300 5247 644 5317 Congaudeo
667 5250 822 5307 vobis
848 5261 905 5309 et
930 5269 1053 5324 ego,
1085 5256 1418 5314 dilectissimi
1446 5257 1663 5330 fratres,
1702 5275 1839 5331 quo-

227 5344 380 5398 niam
422 5341 659 5399 fructum
688 5352 881 5401 vestras
926 5347 1048 5403 ﬁdei
1087 5358 1213 5405 ante
1257 5352 1445 5408 oculos
1467 5352 1579 5421 jam
1620 5354 1834 5411 videtis.

228 5436 353 5494 Hoc
385 5436 590 5493 etenim
619 5452 747 5493 vero
774 5446 983 5507 gestum
1010 5441 1235 5511 quilibet
1277 5443 1528 5515 inspiciet
1574 5447 1627 5500 in
1669 5446 1839 5503 fratre

227 5536 287 5584 et
327 5528 659 5599 coepiscopo
691 5537 874 5586 nostro
905 5529 1221 5597 Athanasio,
1252 5548 1412 5603 quem
1442 5544 1664 5606 propter
1688 5537 1841 5607 puri-

226 5629 403 5675 tatem
451 5620 577 5675 vitae
623 5636 733 5676 suae
771 5628 827 5676 et
867 5632 1077 5678 vestras
1106 5625 1383 5683 orationes
1412 5628 1647 5684 restituit
1686 5629 1841 5686 vobis

226 5712 399 5767 Deus.
432 5709 645 5769 Exime
671 5715 854 5784 itaque
880 5716 1119 5771 creditur
1150 5734 1313 5788 puras
1354 5727 1409 5775 et
1436 5720 1701 5777 charitate
1724 5721 1841 5794 ple-

228 5821 334 5860 nas
364 5804 649 5861 orationes
675 5817 886 5865 vestras
936 5812 1244 5867 ascendisse
1287 5829 1503 5885 semper
1545 5815 1610 5869 ad
1646 5815 1836 5874 Deum.

228 5896 513 5953 ﬂemores
542 5899 684 5954 enim
728 5901 859 5957 estis
888 5904 1307 5971 promissionum
1336 5906 1638 5963 caelestium
1678 5916 1843 5979 atque

224 5987 552 6048 dilectionis
606 6005 770 6061 quam
817 6006 887 6049 ex
926 5992 1174 6053 doctrina
1222 5996 1465 6068 praedicti
1511 5996 1692 6058 fratris
1734 5997 1844 6058 mei

1944 620 2071 675 dum
2100 620 2317 676 insitam
2346 620 2501 678 vobis
2530 621 2688 678 ﬁdem
2715 640 2875 695 quam
2901 626 3217 698 percepistis
3242 645 3256 681 :
3279 628 3538 699 quoniam

1942 727 2052 767 non
2097 729 2263 785 usque
2302 714 2371 769 ad
2409 711 2569 770 ﬁnem
2598 716 2642 772 is
2688 732 2719 771 a
2750 718 2901 773 vobis
2928 721 3099 789 possit
3127 720 3341 790 abduci,
3383 720 3538 790 cujus

1944 804 2220 861 orationes
2247 805 2301 860 in
2332 806 2686 863 sanctissimis
2731 808 3013 866 animabus
3059 814 3252 868 vestris
3279 821 3539 884 tanquam

1914 906 2241 967 praesentes
2267 914 2487 970 semper
2509 899 2791 956 habuistis.
2822 900 2963 972 Ergo
2992 918 3100 958 non
3130 905 3375 974 plurimis
3402 903 3540 961 mihi

1943 991 2122 1046 verbis
2146 1007 2282 1063 opus
2311 1000 2394 1048 est
2418 994 2570 1049 vobis
2598 995 2857 1051 scribere.
2890 994 3235 1068 Quaecunque
3262 999 3407 1054 enim
3434 1013 3537 1054 vo-

1944 1082 2027 1139 bis
2064 1098 2096 1139 a
2140 1099 2227 1140 me
2254 1086 2529 1156 potuerint
2558 1085 2682 1155 dici,
2734 1088 2853 1145 hate
2871 1088 2984 1159 jam
3013 1089 3144 1145 tides
3174 1098 3353 1145 vestra
3399 1104 3540 1161 prte-

1943 1180 2130 1248 cessit,
2170 1185 2227 1234 et
2252 1178 2432 1235 divina
2470 1180 2641 1251 gratia
2687 1183 2987 1239 communis
3029 1183 3290 1239 orationis
3339 1188 3543 1239 nostra

1944 1280 2072 1329 vota
2100 1272 2411 1343 complevit.
2441 1273 2769 1345 Congaudeo
2818 1276 3080 1346 siquidem
3116 1276 3300 1343 vobis;
3343 1275 3541 1331 iterum

1945 1364 2090 1419 enim
2119 1364 2262 1434 dico,
2304 1366 2643 1438 congaudeo,
2690 1368 2946 1438 quoniam
2976 1369 3368 1439 inexpugnatas
3416 1368 3538 1425 ani-

1944 1470 2062 1511 mas
2084 1456 2140 1511 in
2169 1456 2273 1513 ﬁde
2294 1460 2567 1515 servastis.
2599 1460 2707 1515 Sed
2735 1462 2895 1516 etiam
2924 1454 3026 1532 ipsi
3048 1463 3199 1517 fratri
3220 1478 3343 1518 meo
3373 1461 3543 1517 Atha-

1946 1550 2100 1605 nasio
2129 1566 2239 1606 non
2280 1551 2455 1607 minus
2501 1553 2817 1623 congaudeo
2843 1572 2855 1606 :
2882 1554 3009 1623 quia
3051 1555 3178 1610 licet
3206 1556 3428 1610 multam
3470 1555 3542 1611 sit

1946 1656 2136 1713 passus
2165 1643 2454 1708 tristitiam,
2489 1657 2665 1713 neque
2695 1660 2799 1699 una
2830 1645 2966 1699 hora
2992 1646 3160 1700 vestri
3201 1646 3455 1701 desiderii
3484 1652 3542 1701 et
3584 1650 3593 1719 ί

1947 1733 2228 1790 charitatis
2255 1734 2456 1790 oblitus
2491 1744 2593 1790 est.
2624 1735 2759 1791 Nam
2789 1736 2919 1792 licet
2959 1752 3187 1807 corpore
3233 1737 3301 1792 ad
3329 1746 3540 1807 tempus
3580 1740 3581 1743 “
3621 1810 3623 1813 η

1949 1838 1981 1879 a
2010 1824 2161 1881 vobis
2189 1825 2261 1880 sit
2287 1827 2611 1895 abstractus,
2639 1834 2819 1882 tamen
2856 1828 3048 1898 spiritu
3074 1827 3353 1882 vobiscum
3397 1841 3541 1883 sem-

1874 1932 1921 1995 Β
1946 1934 2046 1991 per
2068 1920 2263 1990 degere
2290 1920 2592 1976 videbatur.
2622 1920 2692 1976 Et
2713 1936 2812 1992 ego
2841 1921 3077 1993 quidem,
3110 1923 3408 1978 charissimi
3432 1921 3540 1976 fra-

1948 2022 2081 2081 tres,
2106 2029 2321 2070 omnem
2350 2013 2704 2085 tentationem
2725 2023 2913 2071 contra
2942 2030 3064 2072 eum
3086 2022 3392 2084 surgentem
3413 2028 3541 2069 reor

1946 2107 2063 2162 sine
2098 2106 2271 2176 gloria
2299 2122 2409 2163 non
2451 2105 2638 2163 fuisse.
2668 2106 2803 2163 Nam
2851 2115 2908 2163 et
2932 2115 3134 2173 vestra,
3179 2099 3235 2162 et
3260 2107 3377 2176 ejus
3406 2104 3541 2160 ﬁdes

1945 2197 2161 2267 cognita
2190 2206 2274 2254 est
2315 2198 2580 2255 universis
2624 2206 2679 2254 et
2726 2199 3100 2270 comprobata.
3136 2197 3194 2253 Si
3240 2199 3385 2254 enim
3430 2212 3542 2253 non

1944 2298 2093 2346 tanta
2135 2298 2190 2347 et
2230 2292 2359 2347 talia
2398 2293 2795 2363 provenissent,
2847 2294 2967 2364 quis
3011 2293 3258 2349 crederet
3292 2293 3419 2364 quia
3447 2299 3543 2347 aut

1944 2400 2043 2440 vos
2069 2384 2178 2440 tale
2200 2384 2460 2454 judicium
2491 2394 2801 2457 tantamque
2847 2386 3165 2442 charitatem
3194 2385 3337 2441 circa
3378 2384 3544 2440 talem

1945 2475 2321 2531 exbibuissetis
2349 2477 2682 2549 episcopum,
2713 2485 2808 2533 aut
2831 2478 2921 2534 ille
2946 2479 3213 2549 potuisset
3238 2478 3403 2532 tantis
3431 2476 3541 2531 cir-

1948 2567 2188 2622 cumdari
2226 2568 2536 2636 virtutibus,
2578 2585 2676 2640 per
2714 2585 2848 2640 quas
2885 2586 2983 2641 spe
3025 2570 3233 2626 cmlesti
3262 2569 3543 2625 fraudatus

1947 2676 2056 2717 non
2085 2663 2199 2716 est?
2221 2660 2526 2717 Promeruit
2553 2663 2716 2730 igitur
2742 2664 2989 2732 quolibet
3020 2663 3186 2718 modo
3207 2670 3263 2717 et
3292 2652 3453 2726 nunc,
3486 2666 3546 2717 et

1948 2754 2003 2808 in
2030 2754 2209 2809 futuro
2249 2754 2413 2809 etiam
2461 2754 2816 2810 confessionis
2867 2756 3161 2825 gloriosum
3201 2754 3541 2826 martyrium.

1947 2846 2283 2917 Frequenter
2309 2849 2453 2904 enim
2486 2857 2629 2905 terra
2654 2850 2898 2921 marique
2927 2851 3216 2921 plurimum
3262 2857 3542 2916 azstuatus,

1948 2955 2166 2995 omnem
2193 2942 2515 3011 pravitatem
2545 2942 2757 2997 Arianae
2786 2943 3124 2999 conculcavit
3151 2942 3458 3009 haereseos;
3491 2947 3548 2997 et

1950 3030 2143 3086 crebro
2173 3047 2271 3102 per
2308 3033 2563 3088 invidiam
2610 3048 2781 3103 usque
2818 3034 2887 3089 ad
2936 3034 3238 3106 periculum
3284 3032 3549 3104 impulsus

1949 3127 2278 3196 contempsit
2330 3136 2580 3195 mortem,
2624 3129 2865 3185 munitus
2914 3129 3290 3200 omnipotente
3328 3129 3440 3183 Deo
3489 3134 3550 3183 et

1952 3218 2181 3275 Domino
2207 3218 2336 3275 Jesu
2377 3218 2617 3275 Christo
2643 3219 2926 3277 Salvatore
2968 3231 3156 3278 nostro
3184 3240 3197 3275 :
3222 3237 3445 3293 sperans
3493 3228 3552 3277 et

1864 3321 1913 3384 ο
1943 3312 2253 3367 inimicitias
2274 3311 2566 3379 declinare,
2598 3319 2655 3367 et
2681 3312 3038 3369 consolationi
3067 3320 3262 3369 vestrae
3290 3311 3503 3368 restitui
3530 3328 3547 3366 :

1950 3403 2198 3460 deferens
2206 3402 2360 3458 vobis
2372 3402 2576 3472 majora
2590 3411 2789 3474 tropaea
2801 3392 2868 3459 ex
2882 3403 3134 3460 fortissim
3143 3419 3171 3458 a
3185 3403 3518 3460 conscientia
3527 3444 3544 3471 ,

1946 3504 2049 3565 pro
2077 3493 2272 3563 quibus
2304 3495 2468 3566 255
2497 3500 2554 3548 et
2600 3506 2769 3563 usque
2802 3492 2869 3548 ad
2911 3494 3171 3550 terminos
3199 3502 3355 3549 terra:
3383 3494 3553 3550 totius

1950 3586 2202 3658 apparuit
2228 3585 2517 3654 gloriosus.
2548 3582 2827 3641 Fiduciam
2854 3586 3039 3655 itaque
3066 3585 3275 3641 habens
3301 3586 3385 3642 sui
3416 3600 3551 3657 pro-

1948 3679 2110 3749 positi
2153 3678 2498 3748 coelestisque
2523 3678 2800 3745 doctrinae,
2851 3678 3173 3735 clariﬁcatus
3213 3687 3299 3734 est
3326 3679 3553 3734 immor-

1949 3771 2044 3825 tali
2068 3770 2292 3841 judicio,
2324 3780 2380 3827 et
2426 3771 2495 3827 ad
2538 3787 2635 3827 vos
2683 3772 2991 3835 revertitur.
3041 3770 3351 3841 Diligendus
3390 3770 3554 3839 igitur

1951 3864 2091 3935 apud
2114 3880 2213 3921 vos
2238 3866 2437 3923 clarior
2462 3882 2606 3922 nunc
2633 3873 2739 3936 est,
2768 3881 2931 3937 quam
2965 3874 3095 3921 tunc
3124 3864 3339 3935 quando
3368 3862 3553 3935 profe-

1948 3963 2069 4011 ctus
2113 3971 2145 4010 a
2177 3958 2333 4013 vobis
2363 3966 2465 4013 est.
2494 3957 2629 4012 Nam
2657 3958 2703 4012 si
2751 3956 3008 4011 materias
3046 3956 3332 4028 pretiosas,
3373 3954 3427 4009 id
3470 3962 3556 4010 est

1949 4064 2139 4104 aurum
2167 4059 2331 4122 atque
2359 4058 2666 4119 argentum,
2696 4050 2764 4105 ad
2792 4048 3128 4120 purgandum
3158 4048 3297 4117 ignis
3335 4048 3551 4118 prohat,

1950 4141 2079 4212 quid
2108 4141 2327 4210 dignum
2356 4141 2461 4197 dici
2499 4141 2703 4211 poterit
2748 4139 2816 4195 de
2853 4140 2946 4194 tali
2988 4146 3249 4207 tantoque
3288 4138 3425 4201 viro,
3458 4138 3553 4208 qui

1951 4253 2074 4293 cum
2104 4246 2281 4292 tantas
2311 4237 2688 4292 tribulationes
2731 4243 2786 4293 et
2818 4234 3059 4307 pericula
3087 4233 3393 4301 devicisset,
3436 4231 3555 4288 red-

1952 4327 2095 4383 ditur
2124 4343 2267 4383 nunc
2297 4329 2452 4384 vobis
2478 4328 2852 4384 immaculatus
2884 4344 2898 4380 :
2932 4341 3041 4381 non
3087 4340 3117 4380 a
3159 4326 3320 4381 nobis
3348 4326 3552 4381 solum-

1950 4421 2134 4488 modo,
2168 4420 2263 4477 sed
2284 4420 2669 4491 comprobatus
2697 4420 2765 4475 ab
2806 4419 2955 4475 omni
2982 4417 3249 4473 concilio?
3277 4415 3552 4488 Suscipite

1951 4514 2215 4585 siquidem
2247 4528 2409 4579 nunc,
2440 4513 2634 4568 fratres
2670 4511 2998 4580 charissimi,
3029 4525 3153 4568 cum
3183 4509 3332 4565 omni
3370 4508 3552 4565 divina
3577 4568 3598 4590 θ

1951 4607 2122 4677 gratia
2143 4614 2420 4677 pastorem
2450 4613 2691 4661 vestrum
2722 4621 2785 4661 ac
2806 4605 3111 4676 praesulem,
3142 4612 3398 4674 tanquam
3418 4616 3552 4659 vere

1876 4729 1928 4790 D
1952 4697 2331 4766 Athanasium,
2356 4712 2479 4753 cum
2507 4696 2593 4753 his
2620 4697 2713 4767 qui
2742 4696 2908 4753 tantis
2928 4695 3207 4753 laboribus
3233 4695 3352 4790 ejus
3378 4693 3552 4790 parti:

1953 4794 2101 4863 cipes
2122 4800 2248 4847 sunt
2270 4791 2477 4859 effecti;
2510 4798 2566 4848 et
2586 4791 2817 4863 gaudete
2837 4790 3076 4848 fruentes
3097 4788 3435 4847 orationibus
3453 4786 3550 4861 qui

1950 4893 2226 4957 pastorem
2252 4892 2514 4953 vestrum,
2545 4892 2606 4940 ut
2652 4885 2729 4940 ita
2757 4884 2953 4952 dicam,
2985 4885 3200 4941 esuritis
3227 4891 3390 4952 atque
3426 4880 3547 4937 siti-

1946 4980 2036 5045 tis,
2065 4979 2282 5051 quando
2310 4978 2475 5034 etiam
2504 4976 2606 5049 ipsi
2644 4984 2880 5035 vestram
2910 4979 3257 5034 sanctitatem
3294 4973 3549 5031 salutari-

1947 5072 2048 5127 bus
2076 5072 2357 5142 scripturis
2385 5072 2605 5127 cibastis
2636 5078 2799 5141 atque
2835 5070 3084 5141 potastis.
3120 5068 3257 5124 Nam
3295 5083 3417 5123 cum
3445 5066 3545 5123 de-

1949 5171 2102 5232 geret
2128 5164 2184 5217 in
2227 5163 2549 5233 peregrinis,
2593 5178 2693 5219 vos
2744 5163 2794 5218 ei
2824 5161 3126 5219 consolatio
3155 5158 3355 5228 fuistis,
3403 5166 3459 5215 et
3486 5159 3544 5214 in

1946 5256 2326 5328 persecutione
2355 5262 2518 5324 atque
2546 5255 2800 5325 periculis
2837 5252 3108 5310 refovistis
3144 5266 3270 5308 eum
3300 5249 3547 5307 ﬁdelissi-

1946 5348 2050 5403 mis
2075 5348 2268 5403 vestris
2290 5348 2572 5404 animabus
2590 5357 2658 5404 “et
2685 5348 2972 5404 mentibus.
3006 5346 3119 5415 Ego
3148 5344 3412 5416 siquidem
3428 5344 3543 5414 jam

1946 5442 2159 5499 exsulto
2197 5442 2546 5498 considerans
2594 5450 2649 5497 et
2693 5442 2905 5496 ratione
2948 5440 3281 5513 prospiciens
3323 5440 3379 5495 in
3425 5437 3545 5508 ejus

1944 5536 2256 5593 reversione
2277 5534 2700 5606 uniuscujusque
2722 5541 2963 5589 vestrum
2988 5533 3263 5603 gaudium,
3293 5538 3347 5588 et
3369 5530 3543 5603 plebis

1942 5628 2152 5684 votivas
2180 5627 2550 5692 occursiones,
2583 5632 2638 5681 et
2665 5623 3106 5681 concurrentium
3138 5622 3428 5692 gloriosam
3457 5619 3543 5678 fe-

1942 5720 2268 5787 stivitatem;
2312 5728 2368 5776 et
2388 5719 2562 5790 qualis
2605 5716 2696 5774 ille
2722 5716 2876 5773 vobis
2917 5716 3019 5772 erit
3046 5715 3164 5771 dies
3194 5722 3249 5770 et
3275 5720 3534 5785 quantus,

1943 5822 2224 5870 remeante
2252 5813 2459 5868 scilicet
2482 5810 2649 5867 fratre
2670 5826 2814 5878 meo,
2840 5818 2895 5865 et
2922 5806 3325 5880 quiescentibus
3346 5806 3540 5877 priscis

1946 5907 2105 5962 malis
2144 5905 2501 5978 quorumdam
2554 5904 2952 5960 machinatione
2997 5901 3239 5969 sarcitis;
3285 5916 3387 5957 nec
3428 5914 3541 5955 non

1946 5998 2185 6071 pretiosa
2238 6012 2304 6054 ac
2350 5996 2532 6056 votiva
2578 5995 2889 6057 reversione
2934 6002 3162 6055 cunctos
3208 5994 3264 6053 in
3303 5992 3539 6065 quadam
