3972 6472
472 378 577 434 979

1689 375 1762 431 Μ.
1800 372 2079 431 AURELll
2118 371 2517 429 CASSIODORI

469 492 771 562 plenissimi
797 492 975 563 gaudii
1004 492 1186 547 laetitia
1227 492 1534 562 copulante.
1584 488 1899 561 Hujusmodi
1927 503 2056 543 vero
2085 492 2138 551 Α
2158 496 2301 551 sunt.
2336 488 2451 541 haec
2477 500 2598 543 esse
2631 492 2944 541 noscuntur.
2976 484 3280 553 Securus,
3311 484 3401 537 tib.
3435 497 3494 547 ιι,
3524 499 3642 555 cap.
3668 484 3751 537 tit.

474 586 728 653 gaudium
765 601 936 656 usque
980 586 1047 640 ad
1076 602 1176 641 nos
1204 585 1573 657 magnitudine
1611 600 1707 640 sua
1759 581 2056 655 pertingit:

470 678 666 747 quibus
691 677 949 733 divinitus
976 680 1081 733 hoc
1107 678 1273 734 etiam
1303 685 1521 734 constat
1563 691 1683 733 esse
1719 690 2057 751 concessum,

468 778 735 839 quatenus
761 776 817 825 et
844 784 944 825 nos
974 769 1266 825 debeamus
1296 768 1363 823 ad
1401 768 1612 824 laudem
1638 769 1773 823 tanti
1797 769 1897 823 viri
1926 782 2059 821 con-

472 874 714 929 surgere.
748 860 855 915 Sed
882 860 1075 915 melius
1101 868 1184 916 est
1217 867 1276 915 ut
1305 860 1588 930 epistolam
1617 860 1864 914 oratione
1909 857 2059 912 clau-

472 952 686 1008 damus.
720 952 864 1008 Deus
903 954 1269 1024 omnipotens,
1298 961 1354 1008 et
1397 952 1512 1021 ejus
1555 953 1858 1022 unigenitus
1896 950 2061 1005 Filius

472 1043 732 1100 Dominus
774 1052 829 1099 et
856 1043 1105 1101 Salvator
1133 1052 1317 1101 noster
1343 1044 1498 1101 Jesus
1520 1043 1766 1100 Christus
1796 1045 1902 1098 hoc
1929 1058 2062 1112 gau-

475 1136 626 1192 dium
654 1138 807 1193 vobis
849 1138 1085 1208 prtebeat
1130 1142 1185 1193 in
1223 1146 1521 1194 aeternum:
1555 1139 1775 1209 dignum
1821 1137 2061 1191 tribuens

473 1230 753 1299 praemium
774 1231 1074 1287 admirabili
1100 1240 1290 1287 vestra:
1319 1232 1461 1299 ﬁdei,
1491 1248 1651 1302 quam
1677 1233 1817 1287 circa
1842 1230 2059 1302 pontili-

478 1338 598 1380 cem
618 1332 860 1380 vestrum
882 1326 1117 1394 glorioso
1145 1326 1451 1381 testimonio
1479 1324 1893 1390 demonstratis;
1925 1330 1984 1378 ut
2006 1330 2062 1377 et

472 1429 571 1476 vos
616 1423 672 1470 et
691 1416 783 1485 qui
809 1417 1087 1472 vobiscum
1133 1426 1259 1472 sunt
1303 1418 1390 1473 hic
1422 1425 1476 1473 et
1523 1419 1577 1472 in
1609 1415 1789 1471 t‘uturo
1836 1416 2061 1471 meliora

473 1506 833 1575 possideatis:
867 1506 995 1572 Qua:
1032 1510 1209 1563 acutus
1238 1526 1344 1564 non
1378 1510 1525 1574 vidit,
1558 1525 1649 1563 nec
1677 1510 1818 1563 auris
1846 1507 2058 1572 audivit,

475 1614 564 1651 nec
584 1600 638 1652 in
664 1614 755 1653 cor
796 1600 1015 1654 hominis
1047 1601 1298 1667 ascendit,
1324 1617 1437 1671 qua:
1471 1601 1783 1671 praeparavit
1814 1599 1953 1654 Deus
1976 1599 2060 1652 di-

477 1691 742 1762 ligentibus
789 1710 843 1748 se
882 1693 935 1763 (1
966 1692 1085 1748 Cor.
1117 1711 1171 1759 ιι,
1204 1694 1285 1764 9).
1334 1692 1439 1749 Per
1484 1694 1769 1749 Dominum
1816 1701 2061 1749 nostrum

465 1781 649 1838 .Iesum
678 1784 973 1853 Christum,
1002 1803 1100 1857 per
1127 1804 1288 1858 quem
1315 1797 1369 1843 et
1398 1804 1520 1844 cum
1561 1802 1671 1859 quo
1700 1788 2058 1859 omnipotenti

2165 578 2309 634 Edit.
2337 580 2524 635 Christ.
2568 579 2742 635 Vates.
2770 596 2888 647 cap.
2921 577 3012 647 25,
3039 596 3091 650 p.
3118 577 3240 633 111.
3267 577 3391 650 (An.
3410 575 3569 631 Dom.
3608 574 3755 647 550.)

2726 734 2954 819 CAPUT
2992 734 3186 790 sxxr.

2164 829 2402 901 Epistula
2449 830 2737 904 Constantii
2794 847 2883 904 per
2939 847 3093 904 gnam
3151 832 3325 885 omnia
3379 838 3525 904 gesta
3581 837 3754 884 contra

2480 899 2821 954 Athanasium
2862 899 3037 954 habita
3066 910 3185 955 sunt
3212 899 3441 956 cassata.

2232 1014 2415 1071 Victor
2459 1015 2805 1071 Constantius
2854 1012 3134 1078 Maximus,
3192 1015 3333 1085 pius,
3388 1015 3659 1086 episcopis
3705 1022 3755 1069 et

2162 1109 2486 1181 presbyteris
2509 1107 2790 1163 catholicae
2819 1106 3074 1163 Ecclesia:
3102 1108 3357 1162 salutem.

2234 1220 2729 1275 Reverendissimus
2782 1219 3069 1289 episcopus
3138 1218 3462 1273 Athanasius
3512 1234 3622 1272 non
3678 1226 3754 1273 est

2162 1310 2258 1367 Dei
2286 1313 2458 1383 gratia
2486 1312 2802 1375 derelictus;
2846 1325 2969 1365 nam
2999 1310 3128 1364 licet
3169 1309 3321 1364 brevi
3370 1319 3617 1379 tempore
3662 1309 3756 1362 hu-

2162 1421 2317 1481 mana
2342 1406 2507 1461 fuerit
2557 1405 2877 1475 probatione
2923 1404 3243 1471 submissus,
3294 1411 3475 1457 tamen
3523 1402 3755 1457 debitum

2162 1500 2508 1573 providentia:
2554 1497 2801 1553 universa
2853 1496 3228 1567 perspicientis
3272 1492 3395 1569 [Με.
3444 1493 3596 1567 Lyr.,
3626 1512 3749 1566 pro.

2163 1591 2461 1665 Spit-ientisl
2508 1589 2746 1645 noscitur
2795 1589 3099 1661 suscepisse
3141 1588 3416 1642 decretum
3450 1606 3462 1639 :
3496 1587 3756 1657 recipiens

2161 1685 2440 1739 voluntate
2464 1681 2558 1737 Dei
2586 1689 2877 1750 nostroque
2908 1679 3111 1751 judicio
3139 1679 3365 1750 patriam
3406 1694 3585 1747 suam,
3616 1680 3754 1749 pari-

2162 1784 2246 1831 ter
2274 1782 2329 1831 et
2356 1774 2651 1829 Ecclesiam
2692 1770 2846 1843 cujus
2894 1772 3074 1828 divino
3105 1778 3239 1826 nutu
3270 1771 3464 1842 praesul
3493 1771 3753 1826 exstabat.

466 1873 579 1929 Deo
601 1875 771 1943 gloria
802 1878 854 1932 in
883 1879 1077 1933 saecula
1121 1881 1461 1946 saeculorum,
1506 1880 1699 1935 Amen.
1743 1880 1938 1936 Valere
1962 1896 2059 1937 vos

2172 1869 2299 1925 Huic
2329 1871 2469 1925 enim
2501 1876 2899 1939 consequenter
2937 1868 3226 1940 oportebat
3277 1876 3521 1922 nostram
3576 1866 3755 1921 adesse

426 1968 433 1973 ’
468 1974 623 2035 opto,
661 1967 961 2024 charissimi
1003 1968 1217 2026 fratres.
1262 1970 1559 2037 Somnus,
1600 1970 1692 2027 tib.
1734 1987 1794 2041 ιι,
1821 1988 1937 2043 cap.
1968 1970 2054 2026 18.

465 2057 613 2115 Edit.
648 2060 839 2117 Christ.
878 2062 1052 2119 Vates.
1085 2082 1200 2133 cap.
1224 2065 1310 2131 9.5,
1344 2085 1395 2135 p.
1428 2066 1548 2120 109.

1042 2198 1270 2255 CAPUT
1326 2199 1487 2255 XXX.

470 2281 609 2349 Quid
632 2283 964 2365 Constantius
989 2294 1189 2365 petierit
1239 2293 1601 2365 Athanasium,
1625 2364 1629 2365 ί
1651 2302 1713 2365 et
1738 2295 1859 2365 quid
1895 2294 2059 2349 Atim-

539 2357 719 2435 nasius
747 2358 1126 2435 Constantium,
1157 2372 1203 2413 ct
1224 2363 1498 2435 qupmpdo,
1530 2357 1829 2435 orthodoais
1852 2368 2062 2435 ponti/i-

538 2426 680 2551 ciblus
711 2431 1069 2498 recipientibus
1110 2426 1245 2487 suas'
1265 2426 1544 2501 Ecclesias,
1584 2434 1808 2489 hwret‘ici
1836 2426 1939 2490 sint
1967 2426 2059 2490 ea:-

538 2514 695 2551 pust.

537 2514 695 2568 pum.

540 2612 635 2669 His
662 2614 850 2686 itaque
878 2617 1072 2672 litteris
1101 2618 1377 2674 conlidens
1403 2619 1746 2683 Athanasius,
1778 2621 1843 2675 ad
1870 2620 2059 2677 Orien-

466 2712 576 2761 tem
612 2706 779 2760 venit.
831 2705 1003 2773 Quem
1050 2707 1395 2765 Constantius
1442 2710 1739 2779 imperator
1783 2727 1891 2766 non
1936 2720 2064 2769 tunc

467 2795 698 2852 moleste
742 2798 1008 2869 suscepit;
1051 2799 1147 2855 sed
1194 2816 1319 2855 eum
1363 2801 1753 2859 circumvenire
1798 2805 2061 2873 tentabat,
2100 2798 2111 2803 ’

463 2887 746 2944 molitione
785 2890 1083 2947 submissus
1131 2891 1477 2960 Arianorum,
1520 2900 1576 2948 et
1613 2892 1747 2948 dixit
1795 2894 1861 2949 ad
1892 2910 2013 2950 eum
2048 2913 2061 2950 :

464 2976 661 3035 Sedem
689 2980 937 3050 equidem
960 2989 1110 3037 tuam
1137 2982 1356 3039 decreto
1386 2984 1599 3039 concilii
1642 2985 1907 3056 nobisque
1934 3002 2067 3043 con-

463 3074 819 3130 sentientibus
860 3075 1151 3146 recepisti;
1200 3076 1295 3131 sed
1321 3077 1447 3146 quia
1476 3069 1605 3133 sunt
1633 3077 1797 3147 aliqui
1827 3078 1883 3134 in
1912 3079 2069 3135 Alex.

463 3165 653 3221 andria
708 3166 894 3238 populi
963 3174 1112 3223 tuam
1183 3166 1518 3224 declinantes
1586 3170 2063 3236 communionem,

2165 1964 2668 2031 mansuetudinem;
2716 1970 2985 2035 quatenus
3032 1962 3212 2018 omnia
3245 1961 3504 2017 adversus
3535 1977 3679 2025 eum,
3708 1967 3757 2016 et

2162 2063 2279 2132 ejus
2306 2062 2793 2118 communicatores
2823 2060 3061 2125 definita,
3109 2058 3393 2128 omnisque
3444 2057 3681 2128 suspicio
3709 2063 3758 2112 et

2162 2154 2339 2210 illusio
2370 2163 2556 2209 contra
2579 2170 2701 2210 eum
2722 2162 2891 2224 gesta,
2936 2152 3001 2208 de
3025 2161 3221 2208 cmtero
3266 2152 3336 2206 sit
3381 2152 3560 2206 inanis
3589 2159 3644 2206 et
3669 2165 3758 2205 va-

2165 2264 2295 2313 cua;
2328 2257 2382 2303 et
2410 2250 2689 2315 relevatio,
2715 2264 2875 2317 quam
2906 2246 3105 2302 dudum
3154 2246 3336 2302 clerici
3387 2246 3504 2315 ejus
3562 2243 3755 2300 habue-

2163 2350 2309 2409 runt,
2339 2348 2710 2412 competenter
2734 2338 2884 2394 ﬁrma
2919 2346 3251 2410 permaneat.
3304 2336 3413 2393 Sed
3454 2337 3615 2393 etiam
3659 2337 3755 2390 hoc

2164 2433 2280 2503 ejus
2327 2433 2512 2501 gratiae
2560 2428 2916 2502 adjiciendum
2964 2440 3081 2485 e5se
3128 2430 3453 2492 censuimus,
3496 2436 3755 2497 quatenus

2164 2539 2352 2579 omnes
2383 2522 2583 2577 ordinis
2612 2522 2749 2577 sacri
2779 2522 3127 2591 cognoscant,
3161 2534 3469 2577 concessum
3498 2519 3751 2574 omnibus

2164 2613 2264 2668 sibi
2288 2613 2608 2684 conjunctis,
2641 2621 2701 2668 ut
2745 2610 2862 2667 sine
2920 2612 3111 2667 timore
3162 2610 3291 2675 sint,
3336 2611 3441 2667 sive
3488 2608 3753 2681 episcopi,

2166 2705 2276 2761 sive
2303 2706 2411 2759 sint
2440 2705 2653 2772 clerici;
2705 2703 2902 2760 sufﬁcit
2947 2704 3090 2760 enim
3143 2704 3433 2774 unicuique
3462 2702 3602 2757 circa
3632 2716 3759 2757 eum

2164 2808 2327 2853 rectae
2350 2792 2643 2852 voluntatis
2670 2798 2817 2852 unio.
2850 2797 3167 2866 Quicunque
3194 2796 3337 2852 enim
3373 2794 3587 2850 meliori
3624 2793 3759 2863 judi-

2167 2891 2252 2947 cio
2280 2900 2438 2962 atque
2480 2902 2633 2962 parte
2659 2891 2955 2958 constituti,
2988 2888 3147 2960 hujus
3189 2888 3393 2959 eligunt
3422 2886 3759 2945 communio-

2168 2998 2313 3051 nem,
2338 2984 2435 3038 hos
2466 2997 2655 3038 omnes
2694 2983 3035 3053 praecipimus
3083 2981 3148 3036 ad
3203 2983 3371 3037 instar
3410 2978 3761 3052 praecedentis

2167 3076 2535 3149 providentiae,
2567 3077 2729 3131 etiam
2772 3092 2914 3132 nunc
2941 3077 3221 3131 voluntate
3252 3076 3366 3141 Dei,
3420 3084 3619 3130 nostra:
3650 3089 3762 3144 gra-

2169 3171 2256 3227 tiae
2289 3173 2588 3240 largitatem
2619 3171 2863 3242 adipisci.
2915 3170 3215 3237 Socnnss,
3266 3168 3358 3225 tib.
3411 3186 3468 3235 ιι,
3505 3187 3622 3241 cap.
3680 3166 3761 3223 18.

463 3274 626 3314 unam
655 3274 750 3316 eos
792 3258 845 3314 in
873 3260 1093 3316 civitate
1132 3261 1418 3316 ecclesiam
1447 3260 1648 3316 habere
1676 3262 1949 3332 permitte.
1982 3261 2061 3317 Ad
2093 3267 2137 3331 C
2171 3264 2316 3321 Edit.
2366 3265 2557 3322 Christ.
2609 3264 2786 3321 Vales.
2837 3282 2954 3337 cap.
3001 3265 3092 3335 25,
3142 3282 3196 3337 p.
3243 3260 3368 3320 112.
3423 3263 3551 3336 (An.
3611 3260 3763 3318 Dom.

464 3348 605 3411 hanc
660 3352 1086 3422 propositionem
1138 3353 1465 3410 Athanasius
1516 3369 1645 3411 mox
1694 3356 1959 3423 occurrit,
2012 3365 2068 3413 et

465 3441 542 3493 ait
568 3459 580 3493 :
610 3440 655 3494 Ο
680 3440 998 3511 imperator,
1039 3450 1365 3513 potestatem
1392 3446 1562 3500 habes
1583 3445 1775 3514 jubere
1813 3448 1972 3503 simul
2013 3458 2069 3504 et

465 3544 629 3599 agere
658 3546 993 3602 quaecunque
1030 3534 1285 3591 volueris.
1341 3534 1449 3591 Sed
1505 3536 1665 3591 etiam
1713 3551 1815 3607 ego
1866 3538 2068 3595 beneti-

466 3625 607 3678 cium
633 3640 663 3678 a
690 3634 745 3680 te
772 3624 1031 3696 deposco,
1061 3628 1207 3698 quod
1239 3630 1372 3686 mihi
1396 3631 1621 3687 concedi
1648 3646 1863 3701 precor.
1905 3631 2061 3689 Prin-

467 3715 587 3786 cipe
616 3731 745 3771 vero
785 3718 1043 3775 continuo
1089 3735 1148 3775 se
1194 3720 1446 3776 daturum
1502 3737 1621 3780 esse
1662 3725 2063 3793 pronuntiante,

465 3816 693 3879 repente
718 3809 998 3880 subjunxit
1029 3809 1379 3883 Athanasius,
1429 3814 1571 3871 idem
1614 3815 1938 3873 beneﬁcium
1968 3818 2068 3873 sibi

466 3902 648 3973 largiri
679 3912 887 3985 petens,
934 3907 1081 3976 quod
1134 3908 1410 3977 quaerebat
1456 3908 1753 3980 imperator
1800 3911 2064 3981 accipere.

468 3992 642 4050 Unam
672 3997 816 4052 enim
843 4006 900 4053 et
946 3998 1060 4069 ipse
1103 4001 1390 4057 ecclesiam
1448 4003 1759 4074 postulabat
1810 4004 1926 4059 dari
1974 4019 2070 4077 per

470 4088 709 4157 singulas
736 4090 984 4147 civitates
1023 4092 1416 4149 declinantibus
1460 4095 1784 4152 Arianorum
1828 4110 2069 4152 commu-

465 4181 706 4239 nionem.
736 4182 904 4254 Igitur
955 4184 1236 4241 Athanasii
1293 4188 1617 4243 sententiam
1673 4188 1918 4245 inutilem
1967 4190 2069 4245 sibi

468 4284 857 4344 cognoscentes
898 4278 1107 4347 Ariani,
1157 4280 1263 4335 hoc
1308 4281 1524 4350 quidem
1553 4280 1905 4340 diiierendum
1951 4301 2070 4344 esse

466 4365 741 4439 dixerunt,
793 4378 851 4424 et
894 4370 1158 4439 agendum
1216 4375 1358 4441 quod
1414 4372 1655 4443 placeret
1708 4376 2064 4445 imperatori:

466 4458 593 4543 quia
620 4460 1121 4531 imperatorPaulo,
1168 4473 1223 4520 et
1263 4464 1581 4533 Athanasio,
1628 4476 1683 4523 et
1712 4466 1986 4535 Marcello,
2014 4478 2072 4525 et

467 4548 712 4621 Asclepae
746 4550 922 4618 Gazae,
974 4561 1032 4609 et
1085 4554 1252 4611 Lucio
1299 4555 1728 4628 Adrianopoleos
1774 4560 2069 4617 secundum

2174 3355 2324 3429 550.)

2628 3512 2791 3585 256
2824 3510 3055 3567 CAPUT
3094 3509 3305 3567 xxxn.

2172 3626 2408 3697 Epistota
2458 3625 2749 3681 Constantii
2802 3625 2871 3678 ad
2925 3623 3327 3691 Alexandrinos,
3379 3632 3436 3677 ut
3485 3624 3769 3693 reciperent

2778 3697 3147 3751 Athanasium.

2242 3812 2427 3867 Victor
2447 3808 2796 3867 Constantius
2818 3808 3101 3875 Maximus,
3124 3806 3271 3875 Pius,
3300 3806 3505 3879 populo
3537 3806 3765 3863 Alexan~

2168 3907 2327 3964 drino
2356 3906 2610 3963 Ecclesiae
2637 3904 2920 3962 catholica:
2950 3903 3197 3960 salutem.

2240 3998 2298 4053 ln
2333 3996 2579 4053 omnibus
2616 3994 2964 4067 perhibentes
2992 4002 3191 4051 nostra:
3219 3994 3487 4064 mquitatis
3518 3993 3771 4049 intentio-

2170 4107 2314 4159 nem,
2371 4092 2709 4160 scientesque
2760 4088 3016 4161 quoniam
3072 4087 3165 4144 diu
3214 4087 3555 4160 providentia
3600 4087 3767 4143 vestri

2171 4182 2616 4255 contemplatoris
2647 4183 2776 4238 estis
2805 4180 3046 4251 alienati,
3080 4179 3133 4236 id
3164 4184 3265 4248 est,
3298 4179 3570 4252 pontiﬁcis
3596 4180 3770 4234 Atha-

2172 4276 2327 4345 nasii,
2361 4276 2451 4346 qui
2473 4283 2696 4346 propter
2745 4274 3003 4330 insertam
3052 4273 3452 4339 rectitudinem,
3516 4288 3773 4329 suorum-

2170 4382 2275 4439 que
2317 4384 2527 4423 morum
2550 4366 2876 4438 probitatem
2901 4368 3111 4423 cunctis
3154 4366 3407 4435 innotuit,
3440 4382 3564 4422 eum
3594 4367 3773 4423 denuo

2170 4460 2238 4515 ad
2264 4477 2362 4517 vos
2387 4459 2658 4515 dettinare
2695 4459 3024 4516 censuimus.
3076 4456 3230 4515 Hunc
3279 4460 3458 4529 itaque
3510 4470 3771 4515 consuete

2171 4560 2227 4608 et
2278 4559 2650 4623 competenter
2695 4552 3077 4623 suscipientes,
3126 4559 3181 4606 et
3251 4549 3393 4620 apud
3444 4550 3770 4605 clementem

468 4652 533 4694 ea
565 4654 685 4709 qua:
712 4641 765 4695 in
814 4643 1045 4699 concilio
1094 4644 1389 4703 Sardiceno
1431 4648 1768 4719 placuerunt,
1815 4652 2063 4722 proprias
2095 4646 2342 4725 DDeum
2385 4646 2683 4715 adjutorem
2741 4646 3045 4700 orationum
3101 4644 3384 4711 habentes,
3432 4644 3590 4697 vobis
3642 4659 3771 4698 con.

467 4728 778 4785 restituerat
821 4732 995 4789 sedes.
1028 4733 1182 4791 Unde
1205 4739 1517 4808 principalia
1546 4756 1701 4795 sacra
1734 4741 1811 4814 [id
1840 4752 1937 4808 est,
1971 4760 2059 4801 sa—

466 4835 570 4875 cra:
596 4818 790 4877 litterae
816 4821 1092 4897 principis]
1120 4840 1217 4895 per
1244 4826 1479 4899 singulas
1508 4830 1754 4888 civitates
1775 4832 1842 4887 ad
1870 4850 2058 4890 eorum

464 4914 818 4970 mittebantur
860 4916 1135 4985 ecclesias,
1168 4920 1361 4989 quibus
1404 4920 1696 4991 jubebatur
1736 4933 1796 4978 ut
1841 4940 1935 4982 eos
1975 4943 2059 4983 re-

462 5014 626 5076 pente
662 5009 1016 5078 susciperent.
1048 5009 1213 5081 Igitur
1240 5013 1294 5067 iu
1321 5013 1554 5086 Ancyra,
1586 5017 1810 5088 expulso
1841 5018 2055 5084 Basilio,

463 5105 519 5152 et
546 5115 644 5171 pro
666 5116 732 5157 eo
757 5101 1068 5179 introducto
1093 5103 1365 5172 Marcello,
1382 5124 1490 5162 non
1516 5107 1734 5165 fortuita
1755 5112 1908 5167 turba
1930 5128 2060 5182 pro-

462 5195 627 5261 venit,
660 5211 781 5265 qute
807 5197 1211 5268 derogationem
1260 5203 1529 5257 contraria
1559 5205 1889 5274 sapientibus
1918 5206 2056 5263 irro-

459 5285 641 5353 gavit:
673 5287 955 5360 Asclepam
1006 5305 1136 5344 vero
1161 5292 1419 5349 continuo
1466 5293 1642 5349 Gazaei
1683 5308 2053 5367 susceperunt.

459 5372 516 5429 In
535 5373 1133 5451 Constantinopolitana
1163 5383 1381 5440 civitate
1408 5385 1755 5445 Macedonius
1787 5391 1854 5445 ad
1887 5392 2057 5446 modi-

461 5483 582 5523 cum
611 5478 824 5555 tempus
846 5472 1013 5529 Paulo
1040 5478 1321 5545 successit,
1351 5480 1491 5549 apud
1508 5482 1854 5553 semetipsum
1883 5483 2057 5541 inEc-

459 5560 623 5616 clesia
654 5572 862 5621 remota
892 5566 1240 5625 collectiones
1270 5585 1451 5640 agens.
1495 5571 1599 5628 Pro
1648 5574 1943 5630 Athanasio
1974 5584 2055 5631 ta-

458 5668 581 5708 men
612 5656 728 5711 solo
750 5658 1045 5728 imperator
1076 5664 1361 5733 episcopis,
1390 5674 1444 5719 et
1474 5664 1705 5733 clericis,
1724 5674 1886 5736 atque
1910 5668 2054 5737 plebi

458 5745 691 5812 scripsit,
722 5756 783 5802 ut
810 5763 933 5803 eum
962 5751 1191 5807 libenter
1234 5756 1588 5825 susciperent.
1640 5755 1862 5826 Insuper
1889 5757 2053 5813 etiam

461 5845 579 5900 quae
605 5843 789 5891 contra
820 5854 941 5893 eum
965 5842 1016 5895 in
1043 5840 1258 5909 judiciis
1298 5856 1417 5899 acta
1449 5846 1681 5909 fuerant,
1711 5848 1829 5901 aliis
1858 5848 2051 5905 litteris

460 5920 666 5980 aboleri
708 5926 884 5997 jussit.
938 5931 1069 6000 Qua:
1098 5950 1227 5993 vero
1272 5937 1342 5994 de
1369 5938 1626 5997 ambabus
1653 5943 1816 5998 rebus
1853 5942 2051 6015 scripta

2168 4751 2357 4809 gruam
2381 4737 2538 4792 simul
2567 4745 2621 4791 et
2646 4735 2798 4792 nobis
2826 4734 3076 4807 placitam
3106 4735 3453 4790 concordiam
3481 4743 3647 4803 atque
3678 4749 3769 4805 pa-

2171 4846 2291 4885 cem
2323 4828 2622 4887 secundum
2650 4828 2902 4886 Ecclesia:
2932 4828 3265 4883 sanctionem
3297 4827 3497 4897 ubique
3526 4826 3764 4897 probata

2170 4920 2298 4995 [Ms.
2349 4919 2499 4994 Lyr.,
2550 4918 2795 4992 prolatae]
2848 4917 3175 4974 suilicieuter
3219 4917 3471 4973 festinate
3525 4931 3746 4972 servare

2168 5013 2285 5071 Non
2313 5015 2455 5071 enim
2486 5012 2807 5070 rationabile
2854 5019 2938 5067 est
2978 5011 3211 5082 aliquam
3250 5010 3573 5065 discordiam
3630 5010 3767 5064 inter

2168 5124 2264 5164 vos
2302 5107 2512 5177 agitari,
2560 5114 2653 5161 aut
2682 5104 2967 5160 tumultum
2998 5112 3308 5159 nostrorum
3346 5112 3652 5171 temporum
3682 5101 3766 5155 dio

2165 5200 2399 5271 sciplince
2444 5199 2807 5265 contrarium;
2852 5204 2908 5254 et
2948 5197 3053 5253 hoc
3075 5196 3295 5267 quidem
3344 5196 3587 5250 abessea
3612 5195 3766 5252 vobis

2165 5294 2385 5350 omnino
2403 5292 2670 5365 volumus.
2703 5291 3046 5349 Orationibus
3085 5302 3263 5345 autem
3314 5288 3662 5352 suﬂicienter,
3696 5300 3764 5342 eo

2164 5386 2371 5442 scilicet
2394 5384 2622 5456 praesule
2649 5392 2705 5441 et
2748 5384 2995 5453 adjutore
3022 5384 3163 5455 apud
3203 5381 3393 5447 Deum,
3436 5396 3534 5437 vos
3564 5381 3764 5435 instare

2165 5476 2477 5533 solemniter
2515 5474 2903 5540 admonemus;
2946 5483 3212 5547 quatenus
3247 5471 3342 5528 tali
3373 5473 3649 5544 proposito
3692 5471 3764 5525 ad

2165 5572 2404 5627 omnium
2444 5580 2567 5626 vota
2592 5569 2958 5641 perveniente,
3012 5570 3175 5625 etiam
3223 5568 3450 5638 gentiles
3498 5567 3759 5621 idolorum

2164 5666 2334 5721 errori
2358 5667 2614 5721 hactenus
2643 5664 2959 5731 servientes,
2998 5663 3066 5719 ad
3096 5664 3647 5732 cognitionemcmi
3668 5675 3762 5714 re-

2164 5758 2378 5827 ligionis
2405 5758 2505 5813 sub
2547 5757 2829 5813 alacritate
2876 5755 3151 5811 festinent.
3191 5751 3236 5808 0
3262 5754 3564 5809 charissimi
3603 5749 3763 5806 nobis

2166 5850 2534 5919 Alexandrini,
2564 5865 2750 5904 rursus
2788 5847 2949 5918 igitur
2979 5846 3331 5901 admouemus
3368 5853 3427 5899 ut
3448 5845 3501 5899 iu
3531 5843 3611 5898 his
3635 5852 3761 5910 qua

2168 5942 2310 6023 dicta
2338 5951 2466 6001 sunt
2510 5940 2831 6015 persistatis,
2862 5947 2917 5998 et
2960 5953 3150 5997 omnes
3202 5937 3516 6011 episcopum
3543 5935 3757 5994 decreto
