3972 6466
227 333 325 390 981

1315 323 1628 382 HISTORIA
1668 319 2102 380 TRIPARTITA.
2142 322 2345 381 LIBER
2373 326 2456 385 IV.

3393 333 3497 389 989

227 455 458 514 superno
477 445 768 508 nostraque
785 399 1050 494 sententia
1068 436 1391 494 destinatum
1404 436 1632 492 libenter
1651 446 1706 492 et
1725 437 1812 507 pie
1839 441 1888 499 Α
1916 436 2238 492 Athanasius
2266 451 2396 508 ergo
2423 453 2520 510 per
2545 439 2819 500 Pelusium
2847 439 3106 517 pergebat
3151 445 3218 501 ad
3271 443 3504 502 Alcm"-

227 531 544 602 suscipiatis,
573 537 629 585 et
675 537 789 585 toto
829 528 1009 584 animo
1036 535 1259 596 totaque
1285 526 1561 582 voluntate
1605 525 1809 596 ample-

228 622 477 682 ctendum
516 619 846 676 existimetis.
881 617 996 673 Hoc
1021 618 1162 673 enim
1191 627 1246 672 et
1273 633 1369 672 vos
1413 618 1590 682 decet,
1624 623 1680 671 et
1710 629 1809 669 no-

231 723 348 770 strze
375 710 772 767 mansuetudini
803 709 1039 766 noscitur
1060 709 1369 764 convenire.
1404 706 1473 761 Ut
1496 715 1676 762 autem
1697 721 1814 762 om-

229 807 308 864 nis
331 806 501 860 ται-[ιω
523 802 799 859 seditionis
821 802 1034 858 occasio
1047 799 1362 870 perimatur,
1383 798 1650 869 judicibus
1674 797 1814 868 apud

230 913 321 955 vos
372 897 588 961 habitis,
645 895 838 950 litteris
892 894 1088 950 nostris
1141 893 1499 962 prtecipimus,
1553 898 1817 957 quatenus

229 1003 430 1054 omnes,
463 1002 600 1058 quos
618 985 901 1040 seditiosos
930 983 1262 1052 agnoverint,
1291 981 1542 1051 legititnm
1563 980 1817 1036 vindictae

227 1080 528 1151 subjiciam.
558 1078 796 1148 Utraque
835 1078 998 1146 igitur
1024 1075 1430 1146 perspicientes,
1473 1082 1530 1128 et
1569 1081 1817 1130 nostram

227 1189 345 1229 cum
377 1171 490 1228 Deo
513 1170 858 1234 sententiam,
877 1177 934 1224 et
952 1167 1216 1223 rationem
1238 1165 1592 1237 professionis
1605 1172 1816 1233 vestrae,

226 1277 324 1317 nec
373 1277 482 1317 non
518 1269 574 1328 et
620 1259 937 1330 supplicium
983 1267 1172 1313 contra
1221 1254 1814 1318 seditiosos-indictum,

225 1359 598 1422 competenter
623 1357 679 1406 et
698 1364 931 1419 congrue
951 1364 1116 1406 sacrae
1138 1347 1410 1417 religionis
1432 1348 1555 1417 jura
1583 1355 1814 1402 servate.

225 1443 656 1512 Prtedictumque
685 1442 796 1497 Deo
824 1441 1109 1496 amabilem
1136 1439 1310 1494 virum
1339 1439 1488 1493 omni
1517 1436 1820 1493 reverentia

225 1542 277 1589 et
295 1537 504 1589 honore
529 1531 722 1599 colite;
751 1540 806 1587 et
830 1532 1104 1587 orationes
1125 1546 1229 1585 una
1258 1545 1383 1586 cum
1412 1544 1478 1584 eo
1506 1543 1607 1599 pro
1634 1528 1820 1584 vobis-

226 1625 357 1694 ipsis
387 1632 446 1680 et
468 1688 470 1690 ν
496 1632 696 1682 nostra;
720 1623 844 1680 vitae
865 1622 1050 1678 favore
1072 1620 1199 1696 [Με.
1230 1620 1448 1685 Theod.,
1471 1617 1689 1688 fautori]
1710 1633 1823 1674 om-

226 1715 377 1772 nium
403 1713 675 1770 Salvatori
702 1713 813 1768 Deo
843 1713 1084 1768 laetanter
1119 1710 1328 1766 offerte.
1373 1708 1685 1774 Socnarss,
1726 1707 1816 1762 lib.

230 1820 285 1873 ιι,
307 1822 428 1877 cap.
458 1804 548 1862 18.
581 1803 725 1860 Edit.
755 1803 950 1859 Christ.
992 1802 1164 1856 Vales.
1197 1818 1314 1872 cap.
1347 1798 1437 1863 25,
1487 1818 1542 1870 p.
1578 1797 1700 1852 115.

779 1935 1008 1993 CAPUT
1046 1930 1284 1992 XXXIII.

231 2029 470 2103 Epicteto
497 2029 790 2103 Constantii
819 2045 913 2098 pro
945 2029 1254 2094 Athanasio,
1277 2035 1333 2082 ut
1362 2018 1650 2082 aboleretur
1671 2028 1856 2099 quid--

600 2101 735 2172 quid
755 2110 937 2156 contra
965 2117 1081 2155 eum
1103 2110 1300 2171 gestum
1324 2108 1428 2152 est.

301 2193 490 2250 Victor
510 2193 859 2249 Constantius
886 2193 1157 2262 Augustus
1192 2190 1441 2246 Nestorio
1467 2190 1719 2244 salutem.

302 2287 502 2342 Eadem
522 2303 652 2343 vero
681 2288 853 2343 forma
883 2286 1192 2358 praesidibus
1221 2285 1580 2353 Augustorum
1615 2282 1824 2347 Nicaea,

232 2376 518 2433 Thebaidis
559 2385 617 2433 et
641 2377 820 2449 Libyae
846 2378 1102 2448 scriptum
1125 2385 1226 2431 εει.
1253 2376 1603 2444 Quidcunque
1623 2373 1827 2427 dudum

230 2469 298 2523 ad
338 2469 610 2525 laesionem
638 2477 696 2526 et
741 2469 995 2540 injuriam
1024 2467 1319 2523 Athanasio
1369 2467 1628 2538 episcopo
1675 2481 1828 2520 com-

231 2562 616 2617 municantium
633 2563 900 2633 reperitur
928 2569 1130 2630 actum,
1159 2563 1262 2617 hoc
1287 2577 1430 2617 nunc
1454 2560 1657 2616 aboleri
1685 2575 1826 2630 prae-

233 2651 482 2722 cipimus.
522 2655 655 2709 Nam
703 2663 761 2710 et
806 2655 1162 2710 ministerium
1218 2669 1326 2723 quo
1369 2653 1565 2723 privati
1619 2652 1836 2707 fuerant

230 2742 350 2813 ejus
376 2744 579 2814 clerici,
609 2746 830 2802 eosdem
868 2761 1054 2803 rursus
1094 2746 1342 2802 volumus
1370 2746 1637 2800 obtinere.
1681 2743 1836 2801 lianc

233 2835 415 2905 itaque
469 2839 887 2908 praeceptionem
943 2846 1182 2893 nostram
1243 2839 1448 2893 servari
1500 2851 1832 2904 censemus;

232 2937 499 2998 quatenus
524 2929 822 2986 Athanasio
851 2931 1110 3000 episcopo
1147 2943 1256 2985 sua:
1283 2929 1540 2986 Ecclesiae
1559 2927 1833 2994 restituto,

233 3020 722 3076 communicatores
742 3020 860 3090 ejus
885 3021 1121 3076 habeant
1148 3021 1503 3077 ministerium
1524 3019 1668 3089 quod
1693 3029 1836 3074 sem-

233 3125 332 3180 per
362 3112 680 3180 habuerunt,
713 3114 856 3184 quod
888 3114 1051 3170 etiam
1081 3115 1274 3184 reliqui
1300 3114 1484 3169 clerici
1516 3113 1720 3170 habere
1747 3128 1838 3169 no-

1913 529 2106 583 driam.
2161 526 2449 585 Transiens
2491 539 2666 588 autem
2698 526 2812 604 per
2838 535 3104 605 civitates,
3145 537 3407 592 edocebat
3446 545 3505 594 ut

1915 621 2140 677 Arianos
2168 623 2403 678 universi
2431 623 2796 694 declinarent,
2844 637 2899 682 et
2936 627 3506 684 consubstantialitalis

1913 714 2106 786 dogma
2133 713 2638 786 complecterentur.
2670 710 2728 771 In
2755 719 3073 787 quihusdam
3107 733 3238 776 vero
3265 719 3506 776 ecclesiis

1916 803 2282 859 ordinationes
2323 804 2468 860 fecit.
2503 804 2573 859 Et
2600 805 2704 861 hoc
2741 803 2839 861 fuit
2883 808 3090 862 initium
3139 809 3356 864 alterius
3384 822 3506 877 que-

1916 896 2040 949 relae
2070 895 2322 952 adversus
2342 911 2485 966 eum,
2515 898 2638 967 quia
2663 899 2717 952 in
2747 887 2973 953 aliorum
2996 899 3237 956 ccclesiis
3260 900 3511 956 ordinare

1917 988 2272 1057 praesumpsit.
2317 987 2444 1045 Ηωο
2488 988 2670 1061 itaque
2700 991 2769 1045 de
2797 991 3094 1046 Athanasio
3123 1000 3507 1062 provenerunt.

1917 1075 2212 1144 Socnsres,
2241 1079 2335 1133 tib.
2368 1097 2427 1144 ιι,
2459 1091 2575 1150 'cap.
2606 1079 2692 1136 I9.
2731 1079 2876 1135 Edit.
2923 1080 3118 1136 Christ.
3169 1079 3344 1137 Vales.
3389 1099 3508 1153 cap.

1919 1165 2021 1232 Ἡ,
2053 1167 2262 1238 p.114.

2474 1304 2703 1363 CAPUT
2743 1306 2957 1364 XXXV.

1925 1396 2494 1472 Quibusoccasionibus
2536 1410 2654 1455 tunc
2688 1403 2979 1472 respublica
3023 1402 3350 1469 turbabatur,
3382 1408 3430 1455 et
3453 1399 3522 1454 do

2099 1471 2347 1525 divisione
2390 1473 2692 1526 Antiochem’
2738 1471 2912 1543 pepuli
2940 1483 3148 1546 prapter
3177 1473 3355 1544 ﬁdem.

1993 1561 2202 1618 Interea
2258 1563 2557 1634 respublica
2622 1562 2856 1618 fortuitis
2912 1565 3125 1619 casibus
3177 1564 3516 1633 urgebatur:

1924 1655 2063 1711 unde
2093 1672 2211 1727 qua:
2240 1666 2364 1711 sunt
2393 1657 2712 1728 capitularia
2742 1673 2848 1713 non
2897 1666 2980 1713 est
3009 1657 3365 1728 incongruum
3391 1657 3520 1712 bre-
3560 1645 3570 1672 ἱ

1925 1747 2062 1803 vitcr
2088 1749 2398 1818 explanare.
2442 1748 2604 1817 Igitur
2646 1750 2792 1818 quia,
2837 1748 3163 1805 aedilicatore
3206 1749 3520 1804 Constanti-

1849 1821 1898 1882 Β
1927 1841 2252 1912 ηοροιίιιιιιῖε
2281 1840 2513 1896 civitatis
2562 1842 2847 1906 moriente,
2902 1849 3013 1897 tres
3060 1841 3177 1911 ejus
3220 1839 3314 1895 filii
3364 1840 3529 1911 impe-

1927 1932 2063 1987 rium
2094 1941 2467 2002 susceperunt,
2515 1933 2570 1990 in
2621 1932 3048 2003 praecedentibus
3095 1941 3178 1988 est
3227 1940 3522 1987 narratum.

1927 2025 2214 2081 Sciendum
2244 2013 2423 2082 autem
2453 2027 2579 2097 quia
2607 2043 2727 2082 cum
2768 2026 2883 2082 istis
2914 2025 3201 2098 imperavit
3235 2025 3524 2082 consobri-

1930 2137 2030 2176 nus
2050 2136 2255 2184 eorum,
2286 2121 2503 2175 nomine
2531 2112 2846 2186 Dalmatius,
2877 2120 3198 2177 vocabulum
3240 2119 3411 2191 patris
3439 2118 3530 2172 lia-

1929 2211 2094 2277 bens;
2147 2207 2238 2280 qui
2284 2208 2408 2264 dum
2459 2207 2734 2280 paululum
2791 2211 3130 2282 imperasset,
3196 2225 3227 2265 a
3275 2209 3536 2264 militibus

1930 2299 2283 2371 interemptus
2313 2310 2414 2368 est,
2463 2316 2570 2357 non
2611 2302 2834 2370 jubente
2879 2299 3198 2359 Constantio
3227 2311 3286 2357 ut
3323 2301 3536 2359 occide-

1931 2399 2103 2460 retur,
2133 2405 2233 2446 nec
2268 2400 2445 2447 tamen
2488 2389 2833 2462 prohibente.
2882 2391 3021 2446 Dum
3048 2407 3180 2447 vero
3225 2390 3538 2447 Constanti-

1933 2499 2034 2538 nus
2056 2483 2234 2539 minor
2265 2474 2445 2539 fratris
2483 2493 2666 2554 partes
2705 2484 3003 2550 invaderet,
3054 2493 3110 2540 et
3152 2485 3268 2554 ipse
3298 2499 3327 2539 a
3357 2483 3538 2538 militi-

1933 2576 2034 2632 bus
2083 2576 2463 2646 congressione
2512 2573 2653 2632 facta
2697 2586 3009 2648 peremptus
3059 2586 3159 2633 est.
3195 2576 3311 2633 Iloc
3357 2584 3537 2631 autem

1931 2671 2043 2739 jam
2081 2684 2224 2739 sche
2268 2669 2471 2724 dictum
2519 2678 2619 2725 est.
2679 2668 2810 2726 Post
2853 2680 3083 2726 mortem
3104 2686 3242 2730 vero
3272 2671 3539 2726 Constan-

1938 2761 2034 2816 tini
2062 2761 2302 2828 minoris,
2329 2759 2603 2816 Persicum
2635 2765 2792 2835 257
2821 2769 3009 2818 contra
3035 2761 3307 2819 Romanos
3330 2770 3540 2816 motnn

1938 2862 2020 2910 est
2065 2853 2285 2921 bellum,
2335 2854 2388 2909 in
2420 2869 2526 2925 quo
2559 2853 2905 2911 Constantius
2933 2855 3202 2926 proﬁcere
3249 2870 3352 2909 non
3390 2854 3541 2907 valc-

1936 2946 2061 3013 bat;
2087 2962 2212 3001 nam
2241 2962 2363 3002 cum
2391 2957 2550 3003 nocte
2570 2947 2810 3018 praelium
2833 2947 2974 3002 circa
3007 2946 3140 3002 fines
3165 2945 3540 3002 Romanorum

1939 3047 2100 3108 atque
2127 3037 2412 3094 Persarum
2435 3037 2621 3094 fuisset
2641 3047 2869 3107 gestum,
2899 3037 3186 3093 validiores
3206 3045 3336 3092 tunc
3364 3034 3543 3090 Persae

1941 3130 2009 3186 ad
2037 3130 2198 3186 breve
2230 3141 2442 3201 tempus
2466 3133 2671 3187 inventi
2720 3139 2862 3186 sunt.
2920 3131 3039 3199 Quo
3088 3141 3332 3203 tempore
3363 3145 3541 3200 neque

234 3209 477 3268 scuntur,
522 3212 580 3258 ut
613 3211 668 3258 et
693 3205 794 3275 ipsi
842 3205 1038 3274 gaudio
1065 3206 1363 3276 potiantur.
1395 3204 1696 3275 Socnues,
1741 3206 1835 3263 lib.

1943 3221 2231 3277 Christiani
2263 3225 2361 3278 sub
2388 3224 2568 3293 quiete
2597 3223 2888 3294 degebant,
2938 3225 3033 3281 sed
3064 3240 3161 3297 per
3189 3225 3542 3280 Athanasium

233 3307 296 3363 ιι,
323 3310 442 3367 cap.
476 3295 563 3352 18.
594 3296 742 3354 Edit.
778 3296 974 3354 Christ.
1013 3298 1188 3354 Vales.
1215 3316 1333 3371 cap.
1364 3299 1454 3368 25,
1484 3317 1538 3371 p.
1570 3299 1695 3354 1M.

775 3408 1006 3467 CAPUT
1064 3410 1304 3468 XXXIV.

344 3501 617 3568 Quomodo
647 3505 967 3560 Athanasius
987 3505 1369 3561 Alexandriam
1396 3507 1462 3562 sit
1492 3523 1743 3563 reversus.

307 3591 501 3650 Tantis
555 3605 610 3650 ct
653 3597 854 3652 talibus
902 3599 1146 3668 epistolis
1190 3601 1428 3656 munitus
1476 3601 1844 3655 sanctissimus

233 3683 584 3752 Athanasius,
629 3704 727 3760 per
763 3689 974 3762 Syriam
1005 3705 1287 3760 aggressus
1329 3691 1478 3747 venit
1523 3691 1576 3746 in
1609 3689 1845 3745 Palaesti-

231 3789 376 3846 nam,
427 3778 947 3850 apprehendensque
988 3780 1437 3854 Hierosolymam,
1490 3791 1545 3836 et
1589 3781 1844 3853 episcopo

233 3865 476 3925 Maximo
503 3871 852 3928 innotescens
879 3881 1028 3942 gesta
1057 3872 1340 3929 Sardiceni
1377 3872 1611 3940 concilii,
1641 3879 1695 3930 et
1719 3873 1844 3945 quia

235 3954 588 4016 Constantius
642 3961 940 4032 imperator
993 3961 1211 4018 illorum
1257 3963 1476 4020 decreto
1525 3963 1843 4035 judicioque

237 4061 612 4119 consenserat,
656 4055 982 4126 praeparavit
1008 4062 1070 4110 ut
1106 4055 1484 4126 episcoporum
1534 4056 1642 4110 illic
1686 4053 1865 4111 habi-'

240 4145 473 4200 tantium
515 4145 754 4217 synodus
793 4155 1063 4216 ageretur.
1094 4146 1359 4201 Maximus
1387 4152 1568 4201 autem
1615 4145 1669 4199 in
1697 4145 1845 4200 nullo

239 4238 422 4304 segnis
467 4237 537 4293 de
581 4238 736 4310 Syria
765 4247 928 4308 atque
957 4237 1240 4293 Palaestina
1281 4237 1562 4292 universos
1601 4236 1848 4291 evocavit

241 4329 547 4399 episcopos.
582 4329 858 4398 Factoque
885 4331 1118 4386 concilio
1147 4330 1385 4384 restituit
1429 4338 1485 4384 et
1526 4331 1642 4398 ipse
1683 4329 1845 4384 beato

243 4416 543 4474 Athanasio
572 4421 1004 4475 communionem
1045 4429 1100 4475 et
1125 4419 1462 4487 dignitatem.
1513 4419 1848 4489 Scripsitque

242 4508 410 4564 etiam
461 4509 576 4580 ipsa
625 4515 860 4581 synodus
907 4509 1322 4576 Alexandrinis,
1378 4518 1433 4565 et
1490 4510 1740 4566 omnibus
1791 4510 1847 4566 in

1945 3316 2011 3371 de
2033 3317 2507 3372 consubstantialis
2527 3313 2694 3373 v‘erbo
2723 3317 2869 3372 circa
2899 3315 3166 3374 Ecclesias
3190 3327 3310 3373 erat
3337 3330 3539 3388 pugna.

1945 3408 2245 3473 Socnnns,
2278 3407 2365 3462 lib.
2402 3425 2459 3477 ιι,
2490 3427 2605 3480 cap.
2654 3403 2743 3464 20.
2780 3407 2924 3464 Edit.
2955 3407 3146 3467 Christ.
3192 3409 3372 3466 Vales.
3417 3427 3540 3482 cap.

1945 3497 2033 3563 25,
2078 3519 2131 3571 p.
2167 3498 2287 3553 115.
3539 3498 3543 3502 ’

2017 3589 2258 3663 Denique
2306 3591 2447 3672 apud
2497 3593 2835 3648 Antiochiam
2883 3609 2991 3649 non
3038 3593 3440 3651 concordabant
3481 3592 3542 3650 in

1948 3685 2282 3756 professione
2315 3679 2417 3740 sua
2465 3687 2642 3741 clerus
2672 3696 2729 3742 et
2763 3688 3022 3759 populus;
3062 3687 3157 3744 sed
3198 3703 3294 3760 per
3321 3688 3541 3754 choros,

1948 3785 2006 3831 ut
2031 3787 2112 3832 est
2145 3779 2500 3844 consuetudo,
2533 3778 2600 3834 ad
2629 3780 2858 3852 hymnos
2887 3779 3142 3835 dicendos
3177 3767 3295 3835 Deo
3333 3780 3389 3835 in
3435 3779 3546 3837 fine

1949 3870 2272 3938 psalmorum
2302 3871 2675 3925 monstrabant
2704 3870 2976 3940 propriam
3006 3869 3358 3924 voluntatem.
3387 3867 3457 3923 Et
3484 3869 3544 3924 hi

1947 3961 2160 4040 quidem
2192 3960 2336 4016 Patri
2367 3977 2433 4016 er
2475 3960 2633 4027 Filio,
2673 3961 2810 4016 sicut
2849 3959 2988 4026 aequi
3029 3959 3270 4026 honoris,
3313 3961 3545 4030 gloriam

1947 4052 2226 4120 dicebant;
2259 4053 2315 4107 hi
2344 4067 2474 4107 vero
2510 4051 2656 4106 Patri
2686 4068 2737 4106 IN
2763 4050 2920 4116 Filio,
2949 4065 3045 4121 per
3070 4050 3538 4121 interpositionem

1947 4146 2363 4215 praepositionis,
2410 4143 2605 4199 Filium
2649 4143 2946 4198 secundum
2989 4159 3112 4200 esse
3157 4153 3541 4202 monstrantes.

1950 4234 2044 4290 His
2076 4237 2149 4290 ita
2174 4235 2357 4306 gestis,
2388 4238 2597 4292 haerens
2624 4235 2754 4307 quid
2791 4245 2975 4307 ageret
3006 4237 3281 4305 Leontius,
3314 4239 3405 4310 qui
3447 4237 3542 4294 illo

1948 4335 2194 4399 tempore
2220 4341 2287 4384 ex
2327 4329 2517 4384 haeresi
2556 4327 2784 4384 adversa
2809 4328 2994 4384 sedem
3022 4327 3320 4387 Antiochia:
3346 4331 3543 4401 guber—

1949 4419 2131 4487 nabat,
2161 4434 2281 4476 cum
2326 4420 2616 4491 prohibere
2664 4433 2773 4476 non
2816 4430 3170 4491 praesumeret
3207 4437 3305 4478 eos
3332 4424 3422 4492 qui
3454 4439 3541 4478 se-

1949 4511 2183 4567 cundum
2212 4511 2556 4567 traditionem
2586 4511 2786 4568 Nicaani
2813 4513 3030 4569 concilii
3059 4512 3350 4585 psallerent
3377 4511 3490 4569 Deo
3523 4531 3539 4566 :

245 4597 506 4673 Egypto,
539 4610 595 4657 et
621 4601 802 4674 Libyis
829 4603 1118 4676 episcopis,
1152 4601 1364 4657 clericis
1390 4605 1553 4672 atque
1582 4601 1746 4672 plebi,
1778 4617 1842 4658 ea
1867 4597 1919 4664 I)
1941 4604 2071 4674 quia
2109 4605 2387 4659 metuebat
2415 4618 2485 4658 ne
2515 4603 2708 4661 seditio
2737 4613 3053 4660 nasceretur
3083 4605 3138 4660 in
3177 4605 3402 4677 populo,
3434 4603 3544 4660 hoc

245 4705 368 4760 quae
395 4693 464 4748 de
491 4695 790 4749 Athanasio
807 4702 959 4765 gesta
985 4702 1150 4763 atque
1169 4692 1385 4749 decreta
1413 4701 1556 4749 sunt.
1587 4690 1666 4748 Ob
1683 4701 1846 4762 quam

245 4798 362 4839 rem
392 4786 550 4842 valde
577 4786 813 4842 Maximo
853 4787 1204 4842 detraxerunt
1245 4785 1524 4841 Athanasii
1563 4785 1848 4854 derogato-

247 4889 335 4931 res
365 4878 607 4950 episcopi
641 4897 654 4933 :
685 4880 939 4949 quoniam
971 4880 1217 4949 primitus
1245 4880 1524 4950 deponens
1550 4895 1693 4946 eum,
1724 4893 1847 4936 rur-

246 4981 337 5023 sus
374 4985 443 5026 ex
482 4972 796 5042 poenitentia
826 4979 1078 5044 tanquam
1108 4974 1241 5029 nihil
1268 4973 1458 5030 fuisset
1483 4983 1680 5041 actum,
1722 4988 1850 5029 sen-

249 5061 472 5117 tentiam
503 5079 599 5133 pro
641 5065 936 5122 Athanasio
978 5067 1217 5137 protulit,
1258 5080 1380 5136 qua:
1417 5065 1850 5121 communionem

249 5149 296 5201 ci
320 5151 742 5225 dignitatemque
782 5160 1064 5228 praebere;
1115 5159 1240 5215 llaec
1287 5168 1640 5231 agnoscentes
1687 5157 1850 5215 Ursa-

251 5241 364 5300 cius
393 5254 449 5303 et
471 5245 686 5312 Valens,
733 5249 827 5318 qui
873 5251 1015 5306 circa
1068 5252 1325 5308 Ariannm
1371 5247 1566 5322 dogma
1615 5251 1850 5308 studium

252 5335 502 5399 primitus
549 5339 802 5396 ardenter
845 5341 1169 5410 habuerant,
1218 5343 1551 5399 declinantes
1600 5357 1631 5395 a
1681 5340 1850 5411 priori

257 5429 530 5488 voluntate
575 5432 804 5490 Romam
833 5434 1060 5505 profecti
1096 5444 1240 5502 sunt,
1285 5436 1633 5505 libellumque
1674 5435 1849 5506 poeni-

258 5526 438 5581 tentiae
464 5525 605 5583 Julio
633 5526 922 5585 offerentes
945 5529 1223 5600 episcopo,
1257 5537 1312 5584 et
1339 5529 1394 5582 in
1419 5527 1852 5583 consubstantia-

258 5609 423 5674 litatis
450 5635 774 5677 consensere
801 5637 1073 5688 sermone,
1105 5629 1161 5677 et
1189 5622 1395 5676 litteras
1434 5619 1730 5675 Athanasio
1769 5617 1855 5673 di-

223 5781 226 5786 _
258 5688 536 5780 texerunt,
584 5728 751 5784 seque
797 5714 848 5769 ei
879 5713 948 5769 de
972 5720 1170 5769 caetero
1197 5713 1599 5768 communicare
1628 5709 1858 5780 professi

260 5810 402 5856 sunt.
434 5805 523 5861 Sic
543 5807 725 5877 itaque
749 5815 876 5863 tunc
906 5806 1161 5862 Ursacius
1188 5815 1244 5862 et
1274 5806 1472 5862 Valens
1499 5807 1664 5872 gestis
1685 5804 1855 5858 Atha-

260 5893 396 5954 nasii
445 5899 708 5973 superati,
761 5901 1006 5958 conversi
1047 5899 1175 5970 [Με.
1230 5899 1383 5972 Lyr.,
1431 5896 1655 5970 reversi]
1708 5904 1855 5969 sunt.

1948 4694 2146 4750 dixisse
2174 4694 2363 4761 fertur,
2392 4703 2619 4765 tangens
2640 4705 2802 4767 caput
2829 4705 2984 4752 suum
3010 4696 3122 4766 jam
3143 4711 3335 4753 canum
3365 4713 3376 4750 :
3404 4693 3537 4760 Hac,

1949 4783 2146 4854 inquit,
2197 4785 2322 4840 nive
2373 4785 2569 4852 soluta,
2612 4786 2781 4841 lutum
2827 4795 3153 4868 congeretur
3197 4789 3538 4844 immensum.

1951 4873 2056 4931 Per
2081 4876 2185 4931 hoc
2211 4875 2509 4931 ostendens
2536 4878 2680 4947 quod
2724 4893 2783 4933 se
2811 4876 3064 4935 defuncto
3091 4880 3414 4936 seditionem
3442 4892 3541 4948 po-

1952 4967 2081 5038 pulo
2110 4977 2396 5037 generaret
2436 4968 2526 5022 illa
2567 4969 2834 5026 discordia
2861 4981 2982 5041 qua:
3025 4973 3080 5027 in
3116 4972 3331 5042 hymnis
3357 4969 3539 5037 fiebat,

1957 5075 2063 5114 non
2093 5059 2421 5129 patientibus
2447 5061 2557 5116 suis
2581 5063 2986 5118 successoribus
3006 5078 3128 5117 cum
3157 5062 3340 5133 populi
3365 5061 3542 5117 varie-

1955 5159 2065 5208 tate
2093 5153 2313 5208 senti're.
2347 5153 2670 5209 Athanasius
2696 5157 2858 5226 igitur
2881 5156 3102 5212 veniens
3130 5156 3198 5211 ad
3223 5155 3540 5228 Egyptum,

1953 5246 2186 5300 innotuit
2203 5244 2492 5317 synodales
2513 5246 2768 5318 epistolas
2788 5245 2908 5301 Julii
2933 5246 3091 5302 Rom.
3113 5256 3289 5318 pont.,
3323 5249 3547 5318 insuper

1954 5347 2009 5394 et
2053 5337 2365 5409 synodalem
2421 5337 2640 5395 Maximi
2691 5339 3196 5412 Hierosolymitani,
3247 5355 3368 5413 qnte
3414 5340 3544 5397 talia

1951 5432 2230 5488 continere
2271 5430 2674 5501 dignoscuntur.
2705 5431 2999 5498 Samum,
3046 5433 3137 5488 lib.
3176 5449 3250 5500 ιιι,
3289 5451 3406 5505 cap.
3449 5431 3540 5496 19.

1955 5525 2099 5582 Edit.
2128 5525 2324 5582 Christ.
2366 5525 2545 5581 Vales.
2573 5542 2688 5597 cap.
2717 5525 2807 5596 20,
2835 5545 2888 5596 p.
2923 5527 3049 5584 535.

2505 5636 2734 5692 CAPUT
2776 5636 3008 5695 XXXVI.

1994 5733 2230 5804 Epistula
2280 5731 2748 5817 Hierosolymilani
2801 5737 3004 5791 concilii
3053 5735 3121 5790 ad
3165 5733 3509 5808 [Egyptiacos

2617 5821 2902 5877 episcopos.

2027 5897 2224 5954 Sancta
2249 5894 2487 5965 synodus
2510 5894 2894 5970 Hierosolymis
2913 5907 3235 5972 congregata
3264 5913 3359 5969 per
3380 5896 3550 5970 Egy-

3550 1252 3566 1350 ς
