3964 6348
484 273 593 334 985

1701 268 1775 326 Μ.
1814 264 2094 325 AURELII
2129 263 2528 323 (ΞΑδείοΒοΜ

3653 267 3769 329 $4

480 394 657 460 ptum,
688 384 909 458 Libyam
954 388 1011 441 et
1048 380 1430 440 Alexandriam
1456 381 1763 439 constitutis
1789 380 2073 453 presbyte-
2097 382 2150 442 A
2175 395 2376 437 ranuos
2420 381 2769 453 semetipsum
2794 395 2901 453 quo
2927 389 3145 453 poterat
3169 385 3521 456 prmparabat.
3560 384 3768 449 Socu-

482 480 579 548 ris,
610 480 925 535 diaconibus
952 486 1007 533 et
1031 476 1198 549 plebi,
1226 473 1481 533 fratribus
1500 473 1988 540 desideratissimis,
2018 470 2073 527 in
2178 490 2298 539 res,
2329 476 2418 531 tib.
2452 491 2509 545 ιι,
2539 493 2656 547 cap.
2685 476 2774 533 20.
2814 475 2960 533 Edit.
2993 476 3185 534 Christ.
3226 479 3401 537 Vates.
3434 498 3556 553 cap.
3586 483 3682 555 25,
3708 502 3763 561 ρ.

485 570 714 629 Domino
735 570 986 627 salutem.

558 663 885 721 Cunctorum
916 664 1028 721 Deo
1056 663 1218 736 digne
1252 662 1451 735 gratias
1482 674 1644 732 agere
1675 676 1787 717 non
1814 658 2071 723 valemus,

484 754 681 811 fratres
708 755 1042 824 charissimi;
1075 755 1129 811 in
1173 755 1366 826 quibus
1404 753 1549 809 enim
1576 749 1834 808 miracula
1862 764 2078 820 semper

484 848 616 919 egit,
646 848 810 904 etiam
828 849 992 904 modo
1012 864 1136 905 cum
1154 846 1389 905 Ecclesia
1417 853 1597 901 vestra
1618 842 1745 899 fecit
1768 860 1781 897 :
1805 850 2076 913 pastorem

482 946 747 1009 vestrum,
795 946 851 995 et
895 938 1189 1008 dominum,
1238 936 1788 1006 consacerdotemque
1835 941 2077 989 nostrum

484 1030 841 1088 Athanasium
878 1032 1033 1090 vobis
1077 1049 1172 1088 sua
1207 1032 1409 1105 pietate
1434 1031 1744 1088 restituens.
1775 1029 1906 1096 Quis
1934 1027 2077 1084 enim

485 1124 777 1194 aliquando
816 1125 1052 1197 speravit
1098 1126 1267 1181 oculis
1308 1124 1611 1181 carnalibus
1656 1122 1874 1188 intueri,
1915 1136 2079 1192 quem

486 1231 631 1271 nunc
657 1224 712 1273 et
750 1232 848 1272 nos
894 1224 949 1272 et
988 1233 1086 1272 vos
1126 1216 1403 1288 inspicitis,
1432 1214 1783 1285 respicientes
1809 1227 1970 1283 quem
1999 1211 2080 1266 vi-

486 1308 616 1364 dere
643 1308 1023 1366 desideraStis?
1062 1308 1169 1365 Sed
1212 1324 1340 1364 vere
1384 1308 1657 1363 orationes
1685 1315 1878 1361 vestra:
1906 1319 1938 1359 a
1966 1304 2079 1358 Deo

486 1404 727 1460 omnium
751 1411 876 1460 sunt
900 1403 1113 1468 auditae,
1139 1403 1229 1473 qui
1257 1417 1442 1458 curam
1472 1400 1637 1455 habet
1666 1397 1917 1455 Ecclesia:
1945 1412 2075 1463 suae,

486 1505 543 1552 et
569 1506 777 1553 vestras
806 1498 1070 1568 lacrymas
1098 1504 1262 1567 atque
1291 1494 1522 1566 gemitus
1555 1508 1769 1564 semper
1811 1490 2076 1561 inspexit;

485 1598 814 1661 quaprOpter
840 1599 1048 1644 vestras
1077 1586 1282 1642 audivit
1312 1601 1522 1657 preces.
1570 1583 1745 1639 Eratis
1771 1583 1913 1639 enim
1942 1582 2083 1638 sicut

485 1699 615 1739 oves
644 1685 867 1753 ahjecta:
894 1690 949 1738 et
973 1682 1224 1752 fatigatae,
1256 1697 1365 1736 non
1395 1680 1656 1735 habentes
1687 1678 1871 1747 utique
1899 1683 2084 1746 pasto-

2179 566 2301 625 116.

2693 724 2923 784 CAPUT
2956 727 3241 787 XXXVIII.

2138 884 2143 889 .
2177 840 2261 899 De
2295 841 2504 899 insidiis
2544 850 2725 899 contra
2763 844 3107 917 Athanasium
3153 847 3331 917 gestis,
3368 854 3421 902 et
3457 849 3525 904 de
3572 851 3768 909 levitate

2810 914 3116 973 Constantii.

2249 1028 2558 1087 Adversarii
2576 1030 2840 1101 siquidem
2862 1030 3139 1088 Athanasii
3157 1040 3524 1106 opportunum
3553 1048 3617 1091 se
3642 1042 3768 1092 tem-

2178 1135 2280 1193 pus
2307 1121 2575 1179 invenisse
2597 1121 2922 1192 judicantes,
2950 1138 3134 1179 rursus
3154 1124 3409 1183 adversus
3427 1141 3559 1183 eum
3574 1128 3767 1185 machi-

2181 1217 2467 1273 nabantur.
2500 1216 2652 1273 Tunc
2687 1217 3000 1289 imperatori
3034 1216 3350 1276 Constantio
3392 1233 3769 1292 suggesserunt

2181 1308 2306 1378 quia
2336 1324 2551 1364 omnem
2582 1309 2875 1381 Egyptum
2903 1310 3255 1367 subvertisset
3282 1319 3338 1367 et
3363 1311 3618 1385 Libyam.
3642 1313 3767 1370 luvi-

2181 1401 2326 1457 diam
2352 1417 2483 1457 vero
2522 1404 2755 1457 maxime
2790 1403 2943 1457 auxit
2976 1403 3114 1473 ejus,
3142 1418 3209 1459 eo
3236 1403 3379 1473 quod
3408 1404 3769 1461 ordinationes

2182 1493 2239 1549 in
2268 1494 2538 1564 parochiis
2565 1494 2780 1550 fecisset
2808 1495 3015 1550 alienis.
3048 1494 3370 1552 Athanasius
3396 1496 3634 1565 interea,
3657 1498 3768 1553 dum

2183 1586 2419 1640 venisset
2471 1585 2540 1640 ad
2601 1584 2983 1641 Alexandriam
3008 1625 3023 1652 ,
3080 1586 3342 1658 synodum
3403 1586 3768 1660 Egyptiormn

2186 1678 2533 1747 congregavit
2567 1678 2966 1750 episcoporum.
2999 1678 3101 1745 Qui
3146 1693 3384 1734 consona
3425 1678 3771 1735 decreverunt

482 1794 619 1834 rem.
668 1778 961 1849 Propterea
1000 1776 1237 1832 visitavit
1278 1791 1376 1831 vos
1414 1774 1625 1830 cmlitus
1665 1771 1858 1827 Pastor
1900 1784 2081 1837 verus,
2115 1781 2163 1842 Β
2188 1769 2480 1825 Sardiceno
2537 1770 2765 1825 concilio
2831 1778 2992 1839 atque
3047 1769 3433 1842 Hierosolymis
3484 1770 3766 1827 celebrato.

484 1877 541 1927 et
586 1870 654 1925 de
690 1871 919 1941 propriis
961 1870 1152 1925 ovibus
1195 1883 1378 1924 curam
1423 1882 1635 1937 gerens,
1666 1863 1901 1921 restituit
1929 1863 2083 1919 vobis

486 1977 647 2030 quem
676 1962 965 2017 noscimini
997 1959 1336 2031 concupisse.
1368 1957 1507 2015 Ecce
1534 1958 1676 2015 enim
1704 1965 1761 2013 et
1781 1973 1880 2013 nos
1902 1956 2083 2011 omnia
2108 2012 2115 2019 ,

440 2112 443 2115 .
482 2068 582 2127 pro
612 2055 977 2111 ecclesiastica
1007 2069 1140 2125 pace
1170 2052 1455 2121 facientes,
1478 2058 1777 2120 vestraeque
1804 2046 2084 2104 dilectioni

482 2146 878 2217 conspirantes,
908 2147 960 2200 in
992 2145 1106 2215 ejus
1135 2145 1385 2215 amplexu
1416 2144 1822 2214 przecessimus;
1854 2150 1911 2197 et
1934 2156 2085 2197 com-

480 2239 821 2293 municantes
850 2239 901 2293 ei
930 2254 1028 2308 per
1074 2253 1196 2293 eum
1241 2253 1340 2292 vos
1385 2238 1726 2307 alloquimur,
1779 2236 2085 2305 scriptaque

480 2329 767 2400 praesentia
791 2327 1139 2383 destinamus.
1164 2327 1351 2397 itaque
1372 2325 1669 2383 secundum
1697 2323 1936 2394 gratiﬁca
1960 2331 2083 2379 vota

480 2432 684 2492 vestra,
715 2426 910 2480 scitote
940 2439 1039 2479 nos
1066 2438 1281 2494 quoque
1310 2438 1431 2477 cum
1461 2437 1527 2477 eo
1553 2421 1771 2476 vinculo
1804 2418 2084 2476 cbaritatis

482 2516 792 2573 obstrictos.
840 2515 1057 2573 Debetis
1086 2531 1215 2587 ergo
1244 2515 1407 2571 etiam
1439 2530 1537 2586 pro
1569 2514 1768 2585 pietate
1794 2512 1907 2568 Deo
1933 2527 2083 2567 ama-

479 2611 670 2667 bilium
717 2620 1027 2668 nostrorum
1075 2611 1464 2681 imperatorum
1518 2609 1854 2664 incessanter
1902 2621 2076 2671 orare,

479 2702 735 2771 quoniam
784 2698 839 2757 e't
887 2702 987 2772 ipsi
1031 2686 1422 2771 cognoscentes
1450 2706 1690 2756 vestrum
1731 2697 2075 2764 desiderium,

478 2810 604 2851 eum
634 2795 785 2851 vobis
824 2795 1111 2850 restituere
1140 2794 1501 2849 destinarunt.
1531 2791 1687 2847 Omni
1716 2804 1843 2861 ergo
1872 2791 2081 2846 honore

476 2884 646 2940 tensis
668 2884 917 2939 manibus
938 2883 1291 2955 suscipientes
1316 2883 1488 2950 illum,
1510 2880 1783 2953 gratiﬁcas
1804 2880 2080 2936 orationes

477 2980 669 3036 offerte
715 2982 848 3051 Deo,
890 2982 985 3051 qui
1026 2981 1182 3036 vobis
1226 2980 1356 3035 talia
1404 2978 1757 3036 condonavit.
1805 2976 2080 3033 Festinate

475 3075 739 3145 siquidem
786 3091 1000 3145 semper
1031 3077 1083 3131 in
1127 3075 1237 3131 Deo
1267 3075 1519 3145 gaudere,
1553 3081 1609 3130 et
1637 3073 1942 3144 gloriﬁcare
1972 3073 2079 3128 Do-

2187 1860 2535 1917 Constantius
2569 1862 2729 1931 igitur
2757 1861 3068 1932 imperator,
3100 1861 3299 1918 dudum
3328 1870 3381 1918 et
3411 1862 3532 1933 ipse
3558 1862 3769 1919 Ariano-

2185 1969 2304 2010 rum
2353 1962 2499 2011 secta
2541 1964 2969 2026 praeoccupatus,
3000 1956 3180 2010 omnia
3209 1970 3330 2025 quae
3372 1956 3544 2027 paulo
3580 1965 3702 2012 ante
3724 1957 3768 2012 ei

2186 2051 2501 2123 placuerant
2530 2050 2583 2104 in
2614 2051 2943 2105 contrarium
2972 2049 3286 2105 demutavit.
3308 2048 3376 2104 Et
3400 2050 3636 2120 primum
3665 2050 3771 2120 qui-

2184 2143 2307 2200 dem
2356 2143 2609 2199 Ecclesia:
2646 2143 3255 2213 Constantinopolitana:
3283 2144 3604 2216 pontiﬁcem
3644 2144 3768 2201 Pau-

2184 2236 2295 2292 lum
2341 2236 2615 2309 deportari
2659 2237 2822 2306 jussit
2864 2237 3079 2304 exsilio;
3125 2252 3285 2307 quem
3332 2237 3691 2307 deducentes,
3721 2239 3767 2293 in

2184 2328 2396 2385 Cucuso
2425 2329 2691 2384 Armeniae
2728 2328 3077 2385 suﬁ‘ocarunt.
3107 2328 3360 2384 Marcello
3389 2340 3570 2385 autem
3598 2329 3770 2385 denuo

2183 2424 2449 2494 projecto,
2480 2422 2776 2479 Ecclesiam
2805 2423 3143 2496 Aneyranam
3173 2423 3397 2479 Basilius
3424 2441 3605 2481 rursus
3618 2426 3769 2479 inva-

2183 2516 2272 2570 sit.
2316 2513 2516 2571 Lucius
2557 2522 2737 2571 autem
2784 2515 3213 2587 Adrianopoleos
3265 2514 3397 2571 ferro
3436 2516 3665 2581 vinctus,
3707 2514 3765 2570 in

2182 2623 2403 2664 carcere
2432 2608 2678 2663 moritur.
2704 2608 3042 2678 Tantumque
3068 2608 3354 2663 valuerunt
3369 2622 3485 2676 quis
3504 2607 3574 2662 de
3596 2607 3767 2661 Atha-

2182 2700 2335 2756 nasio
2383 2699 2547 2772 258
2594 2699 2931 2766 dicebantur,
2974 2706 3033 2753 ut
3075 2699 3129 2754 in
3173 2698 3493 2754 immensum
3539 2697 3769 2753 furorem

2181 2793 2380 2850 cadens
2405 2794 2721 2865 imperator,
2744 2808 2867 2849 eum
2889 2793 3195 2864 ubicunque
3216 2792 3548 2864 reperiretur
3566 2790 3769 2861 jnberet

2181 2886 2355 2942 occidi
2384 2905 2397 2940 :
2423 2902 2545 2942 cum
2574 2902 2683 2956 quo
2718 2885 3054 2943 Theodulum
3095 2893 3149 2940 et
3187 2883 3493 2957 Olympium
3524 2883 3769 2955 prasuls

2178 2976 2542 3036 Ecclesiarum
2576 2978 2987 3035 Thracensium.
3019 2977 3185 3047 Igitur
3213 2977 3570 3032 Athanasium
3600 2977 3771 3031 volun.

2179 3078 2263 3128 tas
2292 3071 2632 3142 imperatoris
2652 3087 2759 3127 non
2785 3072 2957 3137 latuit,
2982 3071 3077 3126 sed
3101 3072 3474 3142 praesentiens,
3495 3069 3625 3141 fuga
3650 3070 3767 3125 dila-

476 3167 703 3233 ininum,
733 3182 830 3237 per
854 3181 1014 3236 quem
1045 3175 1100 3222 et
1126 3182 1248 3223 cum
1271 3181 1381 3236 quo
1411 3166 1557 3221 Patri
1586 3176 1669 3220 est
1697 3164 1868 3233 gloria
1894 3164 1947 3218 in
1971 3178 2075 3219 sre-
2097 3166 2149 3232 ο
2178 3181 2306 3237 psus
2335 3173 2419 3220 est
2446 3177 2502 3221 et
2528 3166 2700 3221 minas
2739 3165 2995 3236 principis
3034 3166 3343 3222 declinauit.
3387 3166 3562 3234 Cujus
3607 3166 3769 3235 togam

476 3258 600 3313 cula
648 3258 987 3322 saeculorum,
1035 3258 1227 3314 Amen.
1278 3256 1515 3312 Veniens
1553 3255 1714 3326 igitur
1751 3253 2077 3308 Athanasius
2180 3255 2544 3314 dilataverunt
2588 3259 2795 3328 Ariani,
2834 3259 3104 3331 praecipue
3139 3258 3419 3315 Narcissus
3456 3257 3770 3315 Neroniadis

475 3347 532 3402 in
562 3347 875 3421 Egyptum,
922 3365 1059 3419 quos
1101 3348 1320 3420 quidem
1359 3348 1581 3418 agnovit
1624 3345 1737 3401 Arii
1777 3353 2077 3401 sectatores
2180 3351 2483 3421 episcopus,
2511 3350 2776 3422 Georgius
2816 3350 3105 3421 Laodiciae,
3131 3361 3188 3408 et
3214 3351 3474 3409 Leontius
3510 3363 3649 3408 tunc
3674 3353 3771 3407 An-

448 3437 744 3507 deposuit.
770 3438 973 3506 Quibus
1001 3455 1032 3493 a
1058 3454 1118 3495 se
1144 3438 1425 3510 depositis,
1450 3436 1716 3492 Ecclesias
1737 3450 1925 3491 eorum
1947 3451 2077 3505 pra)-
2179 3442 2447 3499 tiochena:
2491 3444 2686 3514 praesul
2730 3443 3005 3501 Ecclesiae.
3052 3444 3104 3500 ls
3147 3446 3292 3502 enim
3332 3462 3457 3502 cum
3497 3445 3775 3517 presbyter

475 3529 621 3598 cepit
666 3529 824 3583 ﬁdem
874 3537 1063 3586 tenere
1106 3529 1307 3597 Nicaeni
1343 3528 1578 3594 concilii,
1610 3541 1838 3596 eamque
1864 3542 2075 3583 summo
2179 3543 2341 3601 esset,
2371 3535 2632 3604 dignitate
2660 3536 2901 3607 privatus
2940 3542 3043 3602 est,
3084 3536 3209 3607 quia
3246 3552 3369 3593 cum
3410 3536 3655 3592 muliere
3682 3534 3776 3590 Eu-

475 3617 652 3673 studio
665 3620 942 3675 custodiri.
965 3619 1257 3687 SOZOMEN.,
1273 3618 1364 3675 lib.
1384 3635 1462 3687 in,
1479 3635 1597 3689 cap.
1611 3616 1701 3674 21.
1715 3616 1863 3674 Edit.
1880 3618 2071 3676 Christ.

484 3709 663 3767 Vales.
695 3729 813 3784 cap.
846 3711 935 3781 22,
961 3731 1015 3786 p.
1050 3710 1176 3768 555.

1011 3845 1242 3903 CAPUT
1278 3843 1539 3903 XXXVII.

544 3935 627 3992 De
657 3935 962 4011 Magnentio
1001 3946 1244 4063 tyraﬁno,
1282 3948 1331 4021 et
1370 3939 1432 3993 de
1471 3936 1813 3995 Britannicae
1853 3945 2003 4009 atque

1167 4020 1429 4063 enottano.

1167 4020 1429 4081 epotiano.

452 4178 457 4179 ί
545 4101 637 4159 Sic
664 4104 846 4174 itaque
874 4118 934 4159 se
959 4103 1124 4158 rebus
1152 4103 1474 4159 habentibus
1513 4102 1851 4173 Magnentius
1884 4109 2070 4177 tyran-

473 4211 575 4251 nus
602 4196 744 4251 circa
776 4204 955 4267 partes
984 4195 1201 4251 emersit
1243 4193 1531 4267 Hesperias
1566 4196 1679 4269 (an.
1720 4195 1877 4251 Dom.
1907 4195 2067 4267 552);

473 4289 565 4357 qui
584 4286 935 4343 Constantem
958 4289 1336 4361 imperatorem
1364 4289 1793 4347 Occidentalium
1815 4290 2066 4361 partium,

473 4376 618 4434 facte
646 4379 790 4446 dolo,
819 4383 962 4437 circa
997 4378 1199 4437 Gallias
1244 4382 1532 4439 interemit.
1566 4383 1684 4450 Quo
1727 4392 1901 4452 gesto,
1933 4384 2071 4440 inte-

472 4472 672 4528 stinum
704 4473 1088 4530 inﬂammatum
1117 4484 1200 4531 est
1227 4476 1447 4532 bellum.
1501 4475 1839 4545 Magnentius
1867 4477 2068 4533 etenim

474 4570 736 4634 tyrannus
762 4576 1006 4622 cunctam
1029 4567 1248 4622 tenebat
1273 4568 1502 4637 Italiam,
1521 4566 1885 4639 Africamque,
1904 4576 1960 4625 et
1978 4568 2068 4625 Li-
2092 4555 2150 4620 D

472 4655 652 4728 byam,
682 4657 836 4713 simul
859 4669 915 4716 et
941 4660 1161 4716 Callias.
1191 4660 1247 4715 In
1274 4660 1485 4733 Illyrico
1515 4679 1645 4718 vero
1674 4671 1728 4718 et
1768 4664 1821 4717 in
1865 4663 2063 4721 Sirmio

470 4749 615 4805 aliud
644 4767 827 4807 rursus
853 4769 881 4807 a
912 4755 1170 4811 militibus
1206 4765 1453 4812 exortum
1502 4766 1585 4812 est
1632 4758 1831 4814 bellum
1858 4775 1956 4829 per
1979 4768 2065 4832 ty-

466 4858 698 4898 rannum
735 4846 955 4901 nomine
997 4845 1418 4904 Britannionem.
1464 4848 1573 4904 Sed
1621 4851 1785 4905 etiam
1834 4851 2064 4909 Romam

470 4937 733 4994 tumultus
763 4955 870 4994 non
901 4939 1151 4996 fortuitus
1182 4940 1479 4998 detinebat.
1512 4942 1806 4999 Fratruelis
1832 4960 2064 5016 namque

469 5027 809 5087 Constantini
838 5032 1170 5103 Nepotianus
1201 5036 1417 5089 nomine
1448 5036 1731 5106 imperium
1758 5051 2067 5108 assumpse-

467 5132 570 5191 ral,
597 5128 1076 5183 monomachorum
1098 5128 1298 5183 virtute
1323 5129 1591 5193 suffultus,
1624 5139 1679 5185 et
1706 5130 2062 5201 Nepotianum

466 5216 685 5287 quidem
714 5217 1007 5287 Magnentii
1056 5220 1253 5275 milites
1300 5221 1697 5291 deposuerunt;
1730 5222 2066 5293 Magnentius

464 5318 650 5365 autem
686 5311 1007 5380 procedens,
1039 5312 1319 5368 universas
1357 5322 1538 5383 partes
1578 5316 1825 5371 vastabat
1862 5315 2065 5388 Hespe-

463 5402 579 5460 riae.
613 5402 818 5459 Horum
861 5405 1020 5473 igitur
1059 5406 1298 5461 omnium
1338 5407 1606 5462 malorum
1638 5409 1898 5464 immensa
1928 5425 2063 5465 con-

462 5493 630 5550 ﬂuxio
654 5495 807 5551 brevi
834 5504 1074 5566 tempore
1098 5506 1355 5566 generata
1385 5506 1485 5553 est.
1517 5498 1723 5566 Quarto
1752 5500 1893 5554 enim
1919 5515 2061 5555 anno

464 5597 595 5668 post
616 5589 934 5644 Sardicense
959 5592 1267 5659 concilium,
1310 5592 1424 5647 haec
1455 5600 1573 5647 acta
1602 5601 1899 5648 noscuntur
1928 5609 2060 5649 con-

464 5680 640 5734 sulatu
667 5682 839 5747 Sergii
868 5691 922 5735 et
946 5681 1179 5750 Nigriani
1206 5685 1281 5753 (id
1303 5693 1379 5738 est
1407 5703 1545 5740 anno
1584 5685 1738 5741 Dom.
1784 5685 1931 5757 550).
1966 5686 2059 5743 His

466 5767 647 5833 itaque
678 5771 877 5823 nuntiis
906 5773 1198 5839 apparebat
1224 5774 1350 5841 quia
1379 5774 1445 5827 ad
1479 5776 1853 5830 Constantium
1882 5777 2057 5831 solum

469 5855 677 5925 imperii
702 5856 822 5925 jura
862 5860 1259 5945 pervenissent;
1298 5877 1406 5933 quo
1444 5873 1725 5936 provectu,
1752 5874 1939 5924 contra
1968 5864 2065 5938 ty?

2176 3629 2338 3686 stolia
2365 3630 2585 3686 nomine
2612 3629 2830 3701 degens,
2862 3638 2919 3687 et
2954 3638 3167 3700 turpem
3204 3631 3572 3702 suspicionem
3600 3631 3776 3688 celare

2176 3721 2386 3788 volens,
2433 3722 2688 3791 genitalia
2727 3724 2944 3779 sibimet
2978 3723 3222 3780 noscitur
3257 3722 3575 3789 abscidisse,
3622 3734 3685 3778 et
3720 3722 3777 3777 de

2176 3823 2375 3871 caetero
2397 3815 2610 3885 quidem
2636 3815 2958 3872 ﬁducialiter
2977 3831 3100 3872 cum
3120 3815 3344 3871 muliere
3363 3814 3607 3870 vivebat.
3644 3812 3778 3868 Post-

2175 3921 2241 3964 ea
2280 3922 2409 3963 vero
2448 3907 2628 3964 studio
2658 3907 3002 3981 imperatoris
3026 3907 3326 3965 Constantii
3354 3908 3410 3962 in
3439 3907 3776 3964 Antiocheua

2174 4000 2417 4058 Ecclesia
2458 4001 2737 4057 ordinatur
2780 4004 3068 4074 episcopus
3113 4011 3236 4074 post
3275 4002 3655 4074 Stephanum,
3696 4001 3776 4073 qui

2172 4094 2423 4165 primitus
2450 4104 2784 4152 successerat
2811 4094 3040 4153 Placito.
3072 4094 3200 4152 Haec
3241 4096 3403 4165 igitur
3422 4095 3490 4150 de
3521 4095 3609 4149 his
3646 4095 3778 4150 dicta

2172 4186 2462 4244 sufﬁciant.
2508 4186 2807 4254 Socna'rss,
2859 4188 2949 4244 lib.
2998 4205 3056 4256 ιι,
3100 4207 3219 4261 cap.
3261 4188 3351 4247 21.
3393 4188 3549 4245 Edit.
3580 4188 3774 4246 Christ.

2182 4280 2357 4337 Vates.
2392 4299 2507 4354 cap.
2537 4280 2627 4349 26,
2654 4298 2706 4352 p.
2741 4280 2864 4334 116.

2711 4432 2943 4489 CAPUT
2981 4432 3219 4490 XXXIX.

2459 4547 2541 4605 De
2569 4548 2881 4605 Macedonio
2909 4550 3122 4622 ejusque
3148 4549 3473 4605 crudelitate.

2242 4660 2323 4719 Eo
2352 4669 2598 4733 tempore
2644 4661 3115 4735 Constantinopoli
3162 4662 3512 4721 Macedonius
3560 4662 3774 4720 tenebat

2172 4755 2454 4824 ecclesias,
2500 4752 2669 4809 Paulo
2715 4755 2925 4811 scilicet
2970 4764 3250 4827 amputato
3279 4758 3551 4828 praadicto
3591 4758 3765 4815 modo.

2171 4846 2273 4914 Qui
2304 4846 2373 4902 de
2396 4847 2724 4917 imperatore
2752 4863 3101 4918 praesumens,
3128 4846 3447 4909 Christianis
3474 4851 3768 4908 commovi-

2171 4937 2390 5003 bellum,
2420 4946 2474 4993 et
2498 4954 2607 4993 non
2631 4941 2806 4996 minus
2833 4955 2992 5011 quam
3019 4941 3163 5012 quod
3191 4945 3404 5014 tyranni
3434 4960 3505 5001 eo
3530 4955 3770 5019 tempore

2171 5027 2444 5083 faciebant
2472 5047 2484 5083 :
2510 5031 2743 5087 suadens
2784 5033 2930 5087 enim
2976 5033 3287 5103 imperatori
3326 5044 3386 5090 ut
3424 5039 3476 5093 ei
3518 5040 3769 5095 ecclesias

2171 5120 2400 5175 vastanti
2420 5119 2585 5177 ferret
2606 5123 2883 5191 auxilium,
2909 5125 3018 5194 egit
3042 5132 3099 5179 ut
3122 5125 3243 5195 lege
3264 5125 3613 5185 ﬁrmarentur
3633 5146 3767 5199 quas

2170 5228 2383 5283 cunque
2426 5215 2660 5283 pessime
2697 5229 2858 5285 agere
2898 5217 3183 5273 nitebatur.
3228 5217 3477 5277 Muniens
3511 5223 3656 5278 enim
3684 5239 3767 5279 se-

2170 5307 2457 5377 metipsum
2506 5309 2847 5365 monasteriis
2894 5311 3171 5380 plurimis,
3219 5326 3339 5384 qua:
3391 5315 3508 5386 ipse
3553 5316 3767 5389 propria

2172 5400 2452 5456 voluntate
2489 5401 2544 5457 in
2571 5401 3164 5474 Constantinopolitana
3209 5408 3345 5464 urbe
3386 5411 3691 5478 constituit,
3716 5420 3769 5467 et

2169 5496 2342 5566 pactis
2370 5486 2746 5567 episcoporum
2778 5499 2831 5553 in
2860 5499 3085 5555 circuitu
3113 5502 3429 5571 positorum,
3458 5504 3768 5574 frequenter

2168 5585 2364 5641 dicitur
2391 5584 2646 5643 alilixisse
2675 5588 2825 5644 Pauli
2850 5588 3101 5660 dogmata
3130 5594 3421 5663 sapientes.
3445 5592 3767 5666 ELprimunl

2169 5679 2383 5747 quidem
2407 5681 2611 5751 expulit
2639 5696 2737 5737 eos
2764 5697 2831 5738 ex
2860 5683 3124 5751 ecclesiis,
3152 5684 3347 5741 deinde
3370 5702 3503 5743 vero
3521 5702 3767 5742 comma.

2168 5770 2352 5825 nicare
2381 5772 2482 5827 sibi
2512 5774 2706 5844 coegit,
2737 5775 2812 5831 ita
2847 5783 2906 5831 ut
2942 5776 3155 5848 plurimi
3191 5779 3466 5849 plagarum
3508 5781 3763 5837 immani-

2167 5869 2281 5920 tate
2327 5862 2641 5938 deﬁcerent,
2692 5866 2783 5928 alii
2833 5883 2965 5929 vero
3008 5871 3339 5943 substantiis,
3387 5873 3480 5931 alii
3522 5874 3761 5931 human
