3972 6446
290 303 418 365 985

1401 299 1721 377 HISTORIA
1760 298 2201 359 TRIPARTITA.
2233 303 2439 362 LIBER
2472 305 2540 363 v.

289 422 569 482 civilitate
610 421 968 495 privarentur,
998 420 1118 479 aliis
1158 417 1214 477 in
1255 418 1520 479 frontibus
1557 419 1896 475 characteres
1924 443 1972 501 Α
1996 416 2302 475 tardantem
2356 418 2701 479 Macedonius
2746 420 2899 499 auxit
2947 418 3253 493 episcopus.
3298 418 3587 480 Helladicre

290 522 661 589 ponerentur,
691 522 753 570 ut
789 521 971 572 essent
1013 513 1318 585 hujusmodi
1341 514 1512 584 'signo
1551 510 1741 567 notati.
1771 506 1897 565 Haec
2001 522 2133 563 vero
2178 510 2422 566 civitates
2462 510 2691 584 Illyrici,
2737 527 2949 569 necnon
2995 519 3051 568 et
3095 510 3366 583 Hesperia:
3405 522 3590 587 partes

291 608 490 679 itaque
517 607 785 665 faciebant
810 622 910 678 per
936 622 1124 664 omnes
1151 604 1384 662 Orientis
1419 605 1596 671 urbes,
1628 603 1896 675 praecipue
2000 602 2293 657 manebant
2330 603 2586 659 immotae.
2626 604 2925 674 Socnnes,
2955 604 3046 662 tib.
3082 621 3141 674 ιι,
3171 622 3288 679 cap.
3318 605 3409 664 22.
3438 607 3589 668 Edit.

290 708 491 757 tamen
516 698 1003 771 Constantinopoli.
1034 698 1207 767 Quam
1252 697 1683 769 persecutionem
1721 694 1896 766 primo

315 831 1956 860 m—

2004 694 2197 755 Christ.
2230 698 2406 755 Vales.
2428 716 2545 772 cap.
2562 699 2652 769 27,
2672 719 2729 779 rp.
2756 701 2878 756 117.

1965 832 3573 868 *ᾐ--ῄ

1452 923 1799 1010 LIBER
1877 923 2434 1035 QUINTUS.

727 1178 891 1252 359
920 1174 1151 1233 CAPUT
1185 1172 1480 1231 PRIMUM.

290 1293 460 1361 Quod
501 1292 743 1365 defuncto
783 1291 1061 1365 Constante
1106 1307 1284 1365 rursus
1323 1290 1517 1365 Ariani,
1538 1288 1900 1345 Constantium

597 1364 837 1418 adversus
866 1362 1209 1417 Athanasium
1238 1361 1597 1417 excitaverint.

377 1474 536 1530 Brevi
583 1474 845 1543 siquidem
900 1481 1144 1544 tempore
1200 1478 1597 1542 praetereunte,
1647 1470 1901 1527 defuncto

288 1567 611 1624 Occidentis
642 1569 965 1638 imperatore
994 1566 1307 1633 Constante,
1332 1564 1703 1621 Constantium
1724 1563 1899 1620 fauto-

287 1672 391 1712 res
420 1657 532 1711 Arii
560 1658 954 1728 compulerunt,
986 1657 1262 1713 Athanasii
1304 1657 1371 1711 ad
1414 1672 1535 1713 eum
1581 1656 1897 1712 memoriam

285 1758 643 1819 revocantes,
672 1750 825 1821 quasi
857 1751 970 1820 ipse
1006 1749 1195 1805 fuisset
1232 1749 1325 1818 qui
1370 1749 1421 1805 ei
1462 1749 1681 1805 fratrem
1711 1748 1900 1805 fecerit

288 1848 605 1913 inimicum,
628 1848 701 1901 ita
726 1854 784 1901 ut
811 1861 950 1918 pene
974 1846 1229 1915 disruptis
1251 1853 1457 1899 natura:
1477 1844 1703 1900 vinculis
1730 1858 1900 1913 usque

287 1939 370 1993 ad
420 1938 561 1993 bella
601 1937 1009 1993 descenderent.
1041 1936 1135 1991 llis
1168 1936 1512 1992 incitantibus
1555 1936 1900 1991 Constantius

287 2038 503 2095 motus,
536 2045 645 2083 non
674 2030 849 2083 solum
879 2027 1096 2098 expelli,
1127 2027 1219 2083 sed
1244 2028 1407 2082 etiam
1434 2027 1625 2097 perimi
1652 2027 1901 2082 sacratis-

288 2123 498 2178 simum
528 2120 878 2175 Athanasium
922 2120 1221 2190 imperavit.
1256 2118 1323 2174 Et
1358 2121 1576 2174 mittens
1614 2118 1900 2189 quemdam

291 2213 680 2268 Sebastianum
701 2213 890 2268 ducem
912 2228 1033 2267 cum
1058 2213 1289 2266 maxima
1310 2212 1525 2267 militari
1546 2227 1731 2280 manu,
1754 2211 1903 2267 velut

293 2316 591 2357 erroneum
610 2300 770 2369 jussit
792 2300 1047 2357 interimi.
1073 2300 1354 2366 Quomodo
1376 2310 1555 2355 autem
1582 2308 1642 2355 et
1667 2300 1756 2355 ille
1780 2315 1900 2355 cum

296 2392 549 2445 exercitu
582 2392 811 2458 venerit,
838 2398 894 2445 et
924 2392 1025 2445 iste
1052 2389 1339 2459 diﬂ‘ugerit,
1371 2390 1485 2459 ipse
1510 2390 1601 2459 qui
1630 2404 1819 2460 passus
1846 2398 1903 2445 et

292 2480 624 2535 mirabiliter
666 2480 921 2536 liberatus
971 2489 1055 2537 est
1097 2482 1289 2536 melius
1331 2481 1635 2548 enarrabit;
1674 2496 1798 2536 nam
1847 2481 1902 2537 in

294 2571 671 2627 satisfactione
700 2586 812 2627 sua:
837 2572 977 2643 fuga:
1002 2573 1084 2630 sic
1107 2574 1206 2628 ait.
1248 2572 1665 2640 Tueononews,
1710 2572 1801 2629 lib.
1839 2588 1897 2644 II,

295 2678 425 2735 cap.
455 2662 543 2729 15,
566 2680 621 2733 p.
653 2661 742 2717 87.

983 2793 1167 2849 APUT
1202 2794 1268 2849 Il.

983 2793 1070 2849 AP
1254 2835 1268 2849 .

345 2889 485 2955 Quid
512 2889 825 2944 Athanasius
852 2888 908 2942 in
936 2793 1295 2960 ξαιίειῖἷιὶἕῐηε
1318 2902 1427 2944 sum
1453 2890 1591 2960 fuga:
1609 2889 1863 2946 retulerit.

380 3006 764 3062 Verumtamen
790 3006 1075 3075 exquirant
1102 3005 1319 3061 modum
1349 3005 1511 3061 etiam
1538 3004 1903 3075 discessionis,

301 3108 366 3156 et
390 3108 682 3169 agnoscant
709 3115 740 3155 a
769 3099 899 3155 suis.
923 3098 1091 3153 Erant
1116 3099 1259 3155 enim
1290 3099 1475 3155 Ariani
1503 3115 1626 3155 cum
1648 3100 1905 3159 militibus

2005 1188 2168 1250 atque
2188 1184 2545 1253 custodiente,
2569 1187 2807 1258 pericula
2830 1197 3024 1248 cuncta
3042 1192 3410 1265 transivimus,
3428 1196 3593 1257 Deum

2004 1274 2287 1343 magnifice
2310 1277 2689 1347 gloriﬁcantes,
2714 1283 2970 1353 quoniam
2994 1300 3172 1356 neque
3191 1288 3449 1359 populum
3464 1294 3594 1350 neci

2008 1365 2339 1436 tradidimus,
2362 1371 2458 1427 sed
2482 1373 2642 1428 etiam
2668 1383 2936 1443 quatenus
2961 1378 3266 1437 salvaretur
3286 1392 3465 1439 actum
3488 1393 3591 1454 est,

2004 1466 2061 1514 et
2110 1475 2307 1518 manus
2360 1464 2714 1533 quaerentium
2762 1482 2862 1523 nos
2907 1466 3147 1538 effugere
3194 1475 3591 1544 praevaluimus.
3643 1496 3649 1501 ·

2006 1549 2419 1621 Tueononnrus,
2451 1555 2542 1612 lib.
2570 1573 2626 1624 II,
2658 1574 2774 1627 cap.
2808 1557 2896 1625 15,
2927 1577 2981 1630 p.
3013 1560 3102 1617 87.

2520 1690 2683 1762 230
2714 1690 2942 1748 CAPUT
2977 1692 3066 1748 III.

2007 1786 2142 1854 Quid
2170 1789 2486 1847 Athanasius
2526 1809 2706 1868 rursus
2734 1794 2798 1848 de
2836 1796 2992 1868 gestis
3029 1794 3236 1868 Georgii
3268 1797 3323 1851 in
3361 1796 3492 1854 libro
3533 1800 3595 1854 de

2538 1866 2662 1935 fuga
2689 1881 2783 1919 sua
2812 1866 3063 1921 retulerit.

2075 1976 2202 2044 Quae
2230 1977 2393 2034 etiam
2420 1978 2681 2049 Georgius
2709 1980 2900 2036 eodem
2928 1990 3171 2053 tempore
3196 1983 3251 2039 in
3274 1984 3596 2041 Alexandria

2003 2070 2251 2139 gesserit,
2288 2071 2454 2141 ipsius
2501 2071 2799 2137 Athanasii,
2856 2073 2946 2143 qui
2985 2075 3101 2131 hmo
3138 2091 3327 2148 passus
3355 2085 3439 2133 est
3463 2092 3597 2133 voce

2005 2175 2303 2215 narremus.
2338 2160 2393 2216 ln
2425 2161 2562 2217 libro
2592 2163 2735 2218 enim
2766 2178 2927 2233 quem
2964 2166 3032 2220 de
3071 2165 3196 2238 fuga
3226 2183 3323 2224 sua
3358 2170 3591 2240 scripsit,

2005 2253 2118 2306 haec
2146 2252 2221 2305 ait
2253 2270 2266 2304 :
2293 2252 2458 2322 Igitur
2484 2254 2536 2307 in
2565 2254 2889 2311 Alexandria
2918 2269 3269 2315 surrexerunt
3291 2262 3467 2318 denuo
3494 2277 3596 2319 nos

2004 2352 2305 2412 qumrentes
2334 2344 2606 2402 occidere.
2648 2346 2720 2399 Et
2759 2350 2900 2419 facta
2935 2358 3055 2403 sunt
3094 2353 3373 2406 novissima
3415 2353 3595 2424 pejora

2003 2435 2263 2505 prioribus
2301 2436 2517 2502 (Matth.
2570 2455 2664 2509 xu,
2710 2437 2822 2511 45).
2866 2440 3111 2513 Repente
3140 2459 3371 2515 namque
3399 2446 3598 2505 milites

2006 2525 2400 2583 circumdantes
2449 2530 2757 2598 ecclesiam,
2788 2546 2887 2602 pro
2919 2534 3254 2591 orationibus
3292 2536 3477 2606 praelia
3502 2551 3595 2593 ce-

2003 2618 2302 2675 lebrabant.
2334 2619 2673 2691 lngrediente
2711 2637 2945 2693 namque
2974 2623 3394 2696 Quadragesima
3425 2626 3598 2683 Geor-

2004 2711 2124 2782 gius
2152 2727 2222 2767 ex
2249 2711 2589 2783 Cappadocia
2636 2714 2703 2769 ab
2743 2715 2822 2771 eis
2865 2717 3079 2785 missus,
3112 2718 3264 2774 auxit
3308 2720 3449 2775 mala
3476 2733 3596 2790 qua:

2004 2801 2220 2857 illorum
2243 2803 2535 2860 calliditate
2561 2804 2842 2862 didicerat.
2874 2806 3005 2865 Post
3031 2809 3387 2879 septimanam
3414 2811 3600 2881 itaque

2007 2896 2246 2963 Pascha},
2287 2898 2519 2968 virgines
2567 2899 2918 2956 mittebantur
2945 2902 3002 2957 in
3030 2917 3327 2973 carcerem,
3355 2903 3595 2976 episcopi

2006 2988 2173 3045 vincti
2202 3005 2231 3044 a
2264 2990 2524 3047 militibus
2549 2991 2899 3060 ducebantur,
2932 2995 3299 3067 orphanorum
3328 3006 3384 3053 et
3410 2998 3598 3056 vidua-

2006 3096 2125 3137 rum
2161 3079 2351 3138 domus
2396 3082 2818 3154 abripiebantur,
2848 3093 2903 3142 et
2934 3080 3239 3145 in'vasiones
3266 3087 3323 3144 in
3350 3086 3598 3149 domibus

304 3200 697 3248 concurrentes
720 3200 779 3247 ut
806 3206 902 3248 eos
941 3191 1300 3247 accenderent
1323 3200 1379 3248 et
1406 3184 1775 3262 ignorantibus
1804 3210 1903 3252 nos
1929 3183 1974 3245 C
2006 3177 2319 3246 agebam“,
2353 3184 2409 3233 ει
2446 3177 2697 3235 "Milibus
2723 3179 3011 3237 Christiani
3039 3180 3470 3253 deponebamur,
3499 3183 3595 3242 0b-

301 3285 696 3353 ostenderent;
726 3294 783 3342 et
810 3285 938 3341 licet
964 3276 1081 3341 sine
1116 3284 1225 3340 ulla
1253 3284 1628 3355 compassione
1659 3286 1789 3355 sint,
1818 3286 1907 3342 vel

299 3374 589 3432 audientes
616 3384 795 3431 tamen
835 3374 1042 3431 confusi
1070 3375 1373 3446 quiescant.
1405 3374 1536 3431 Erat
1576 3376 1757 3446 itaque
1788 3376 1905 3447 jam

297 3479 436 3531 nox,
460 3474 515 3522 et
539 3466 703 3537 aliqui
728 3467 1052 3538 populorum
1077 3465 1144 3520 ad
1166 3466 1373 3536 vigilias
1394 3474 1678 3537 venerant,
1704 3482 1902 3539 exspe-

300 3558 558 3615 ctabatur
601 3558 780 3615 futura
827 3558 915 3615 die
968 3559 1239 3616 collectio.
1293 3558 1414 3615 Dux
1453 3568 1633 3615 autem
1680 3567 1906 3631 repente

298 3651 478 3707 astitit
503 3664 627 3707 cum
659 3650 921 3707 militibus
948 3652 1089 3707 ultra
1118 3651 1357 3721 quinque
1384 3650 1618 3707 millibus
1650 3650 1902 3707 habenti-

296 3742 407 3798 bus
434 3757 604 3810 arma,
636 3749 693 3799 et
718 3742 925 3812 gladios
950 3742 1234 3809 euudatos,
1266 3757 1442 3808 arcus,
1468 3742 1691 3812 sagittas
1720 3747 1777 3798 et
1800 3756 1902 3798 ve-

297 3843 448 3899 ctes;
473 3841 529 3889 et
554 3832 840 3889 ecclesiam
868 3832 1087 3905 quidem
1112 3833 1229 3903 ipse
1256 3832 1625 3899 circumdedit,
1657 3838 1904 3894 statuens

294 3926 504 3982 milites
545 3925 760 3981 sibimet
804 3926 1154 3992 cohaerentes,
1188 3932 1247 3979 ut
1288 3924 1465 3981 nullus
1512 3932 1696 3996 posset
1741 3940 1899 3996 egre-

296 4016 565 4073 dientium
585 4017 653 4071 ab
674 4016 903 4073 ecclesia
931 4032 1119 4073 eorum
1149 4031 1342 4072 manus
1362 4015 1611 4073 evadere.
1635 4014 1745 4087 Ego
1765 4032 1898 4075 vero

294 4107 669 4164 Irrationabile
709 4107 957 4178 judicans
1002 4108 1056 4163 in
1096 4117 1244 4164 tanta
1283 4108 1599 4165 conlusione
1641 4109 1900 4179 populum

292 4198 692 4269 derelinquere,
722 4207 779 4254 et
802 4215 913 4255 non
941 4200 1112 4269 magis
1141 4208 1269 4255 ante
1313 4199 1435 4255 illos
1467 4198 1704 4269 pericula
1733 4200 1898 4255 susti-

294 4308 454 4361 nere,
483 4293 726 4348 residens
756 4293 811 4347 in
836 4292 965 4347 sede
994 4292 1225 4362 praecepi
1255 4299 1313 4345 ut
1342 4291 1601 4348 diaconus
1626 4291 1893 4363 psalmum

291 4384 520 4452 legeret,
560 4383 772 4452 populis
809 4381 1259 4453 respondentibus
1289 4397 1305 4435 :
1334 4380 1593 4446 Quoniam
1631 4383 1686 4436 in
1726 4398 1895 4438 mcu-

293 4475 405 4529 tum
424 4473 780 4528 misericordia
820 4473 931 4546 ejus
981 4472 1154 4544 (Psat.
1199 4487 1362 4542 cxvu,
1394 4472 1481 4544 1);
1511 4481 1567 4529 et
1598 4474 1677 4530 sic
1705 4490 1894 4532 omnes

2006 3267 2355 3338 signabantur
2378 3268 2589 3338 domus,
2619 3279 2675 3327 et
2701 3271 2896 3329 fratres
2919 3272 3237 3331 clericorum
3279 3290 3380 3347 pro
3416 3275 3596 3333 fratri-

2006 3361 2107 3416 bus
2134 3361 2371 3431 pericula
2399 3360 2760 3421 sustinebant.
2804 3363 2931 3423 Hac
2966 3366 3183 3438 quidem
3220 3369 3472 3442 pessima,
3502 3368 3600 3427 sed

2006 3453 2252 3525 graviora
2298 3462 2486 3525 postea
2533 3464 2658 3513 sunt
2704 3467 3049 3531 praesumpta.
3093 3459 3413 3532 Septimana
3452 3462 3599 3519 enim

2004 3559 2124 3617 quze
2151 3545 2249 3602 fuit
2274 3556 2399 3619 post
2423 3558 2665 3606 sanctam
2691 3549 3070 3620 Pentecosten,
3093 3554 3325 3625 populus
3346 3553 3598 3626 jejunans

2005 3646 2087 3695 est
2110 3652 2355 3709 egressus
2375 3641 2441 3696 ad
2469 3644 2839 3700 cmmeterium
2867 3645 3129 3702 orationis
3153 3661 3339 3716 causa,
3361 3661 3429 3704 eo
3452 3646 3600 3720 quod

2005 3746 2194 3789 omnes
2241 3734 2676 3792 communionem
2712 3734 2931 3810 Georgii
2975 3737 3329 3795 declinarent.
3359 3737 3466 3794 Sed
3493 3740 3601 3797 hoc

2004 3814 2301 3897 agnoscens
2329 3827 2420 3884 ille
2448 3829 2805 3901 nequissimus
2833 3830 2949 3901 ipse
2988 3829 3279 3887 concitavit
3322 3828 3599 3885 Sebastia-

2002 3934 2132 3975 num
2164 3919 2357 3975 ducem
2387 3918 2762 3987 Manichzeum,
2792 3921 2886 3993 qui
2913 3936 3036 3977 cum
3074 3920 3416 3977 multitudine
3456 3920 3599 3976 mili-

2002 4016 2119 4066 tum
2148 4020 2497 4080 armatorum,
2529 4013 2736 4084 gladios
2771 4013 3103 4084 evaginatos,
3133 4028 3313 4083 arcus,
3341 4012 3595 4083 sagittas-

2000 4121 2106 4178 que
2143 4107 2448 4172 ferentium,
2500 4108 2642 4166 facto
2690 4109 2899 4179 impetu
2941 4107 2997 4162 in
3035 4106 3153 4177 ipso
3182 4104 3281 4160 die
3298 4103 3591 4175 dominico,

2001 4213 2164 4269 super
2190 4200 2451 4272 populum
2480 4201 2661 4267 irruit;
2708 4207 2765 4256 et
2808 4213 3011 4272 paucos
3046 4206 3263 4255 orantes
3292 4198 3591 4266 inveniens,

1999 4305 2121 4347 cum
2145 4290 2258 4362 jam
2296 4292 2510 4364 plurimi
2552 4292 2943 4360 discessissent,
2972 4292 3097 4348 talia
3126 4292 3291 4364 gessit
3318 4291 3499 4362 qualia
3523 4292 3594 4348 ab

1998 4383 2077 4440 eis
2099 4382 2326 4441 decebat
2353 4384 2585 4457 impleri.
2616 4383 2871 4441 incendio
2896 4399 3129 4455 namque
3156 4384 3321 4451 facto,
3351 4392 3594 4442 statuens

1998 4458 2233 4547 virgines
2259 4491 2415 4533 secus
2442 4477 2644 4547 ignem,
2674 4474 2903 4545 cogebat
2923 4490 3016 4531 eas
3040 4484 3099 4531 ut
3124 4490 3184 4532 se
3209 4474 3594 4548 profiterentur

294 4567 352 4622 in
380 4565 571 4621 domos
598 4580 724 4620 suas
748 4564 996 4620 abierunt
1019 4564 1151 4637 [ed.,
1175 4562 1427 4635 abirent].
1458 4562 1567 4619 Sed
1585 4564 1721 4623 duce
1743 4575 1894 4638 post-
1917 4570 1973 4633 Β
1997 4568 2241 4624 Arianas.
2290 4567 2533 4640 Cumque
2576 4583 2671 4625 eas
2708 4576 2959 4625 cerneret
2995 4583 3114 4627 esse
3142 4569 3410 4639 victrices,
3440 4577 3497 4626 et
3523 4569 3591 4625 de

291 4675 357 4715 ea
382 4658 736 4730 ingrediente,
767 4667 823 4717 et
846 4660 1105 4716 militibus
1124 4661 1422 4716 sacrarium
1442 4660 1896 4721 circumdanlibus

290 4758 352 4805 ut
378 4766 477 4805 nos
505 4764 700 4821 capere
734 4752 1055 4822 potuissent,
1090 4752 1271 4808 clerici
1300 4751 1516 4822 quidem
1541 4753 1633 4824 qui
1654 4760 1778 4809 sunt
1805 4754 1891 4809 in-

292 4844 461 4908 venti,
488 4842 645 4899 simul
674 4852 728 4900 et
755 4844 940 4915 populi
961 4845 1289 4910 clamabant,
1314 4852 1601 4917 poscentes
1623 4854 1681 4901 ut
1708 4853 1764 4901 et
1791 4861 1890 4902 nos

290 4936 693 4994 discederemus
740 4954 844 4993 una
893 4954 1015 4994 cum
1064 4940 1287 5011 populo.
1339 4938 1453 5010 Ego
1489 4954 1623 4997 vero
1661 4939 1830 5009 magis
1858 4952 1891 4996 e

291 5032 505 5088 diverso
533 5031 777 5089 dicebam
807 5048 917 5089 non
944 5049 1045 5090 nos
1072 5033 1375 5104 discedere,
1402 5035 1505 5091 nisi
1531 5049 1719 5090 omnes
1739 5032 1888 5103 sigil-

292 5120 445 5177 latim
492 5124 641 5193 prius
686 5123 917 5179 exirent.
969 5122 1205 5195 Surgens
1241 5124 1423 5196 itaque
1452 5127 1699 5182 oratione
1724 5125 1889 5197 facta,

294 5214 373 5269 sic
415 5214 646 5285 praecepi
674 5215 956 5270 universos
982 5215 1296 5284 abscedere,
1338 5216 1528 5273 melius
1559 5232 1679 5272 esse
1705 5217 1889 5276 dicens

293 5321 382 5362 me
410 5306 650 5377 periculo
679 5306 981 5377 suhjacere,
1016 5324 1177 5378 quam
1207 5311 1501 5381 quemlibet
1528 5325 1716 5366 eorum
1738 5312 1888 5368 exci-

292 5416 424 5473 pere
454 5401 747 5457 lazsionem.
770 5400 1184 5471 Egredientibus
1210 5403 1372 5473 igitur
1397 5403 1656 5474 plurimis,
1685 5413 1739 5459 et
1764 5405 1889 5461 reli-

292 5494 411 5564 quis
450 5492 928 5565 subsequentibus,
978 5493 1197 5566 quidam
1240 5493 1491 5550 monachi
1536 5494 1629 5565 qui
1676 5494 1749 5551 ibi
1789 5511 1890 5553 no-

294 5584 497 5641 biscum
546 5583 797 5654 fuerant,
844 5594 900 5642 et
946 5586 1113 5658 aliqui
1163 5587 1481 5643 clericorum
1534 5587 1886 5646 ascendentes

294 5682 573 5733 traxerunt
600 5693 731 5747 nos;
760 5686 816 5735 et
842 5680 915 5734 ita
947 5679 1100 5735 testis
1128 5687 1209 5735 est
1240 5680 1354 5749 ipsa
1386 5679 1602 5735 veritas.
1634 5678 1890 5738 Militibus

291 5769 414 5827 aliis
457 5772 751 5827 sacrarium
792 5772 1267 5840 circumdantihus,
1300 5771 1419 5827 aliis
1463 5788 1560 5843 per
1605 5774 1889 5831 ecclesiam

287 5860 734 5938 discurrentibus,
754 5882 852 5939 per
874 5868 1108 5941 medium
1130 5882 1339 5936 eorum,
1354 5865 1586 5927 Domino
1603 5866 1709 5929 iter
1728 5866 1894 5928 dante

1998 4660 2122 4731 igne
2146 4659 2295 4716 nullo
2315 4660 2478 4716 modo
2500 4661 2756 4732 cogitare,
2788 4660 2867 4717 sic
2894 4676 3081 4718 earum
3109 4662 3288 4719 vultus
3313 4661 3587 4729 laceravit,

1996 4762 2056 4809 ut
2080 4754 2170 4809 vix
2198 4754 2413 4825 agnosci
2452 4762 2576 4826 post
2615 4763 2859 4826 tempora
2899 4756 3220 4827 potuissent.
3252 4756 3463 4813 Tenens
3487 4770 3587 4810 au-

1996 4854 2105 4901 tem
2153 4854 2208 4904 et
2244 4846 2596 4917 quadraginta
2628 4848 2746 4922 [me
2791 4846 2939 4920 Lyr.,
2970 4846 3414 4919 quadringentos]
3442 4847 3587 4904 viros

1998 4945 2268 4995 tormento
2290 4940 2517 4995 noviore
2536 4939 2839 5011 discerpsit.
2871 4940 3044 4998 Sectis
3065 4955 3296 5012 namque
3316 4939 3385 4997 de
3408 4940 3585 5012 palma

1996 5032 2160 5102 virgis
2201 5039 2258 5087 et
2299 5032 2619 5099 habentibus
2665 5047 2792 5088 suos
2829 5033 3066 5101 aculeos,
3093 5047 3281 5090 eorum
3320 5031 3480 5089 dorsa
3508 5032 3583 5090 ita

1995 5121 2308 5179 verberibus
2335 5121 2608 5188 laceravit,
2640 5129 2698 5178 ut
2721 5122 2940 5194 quidam
2978 5138 3162 5179 eorum
3197 5122 3390 5193 saepius
3417 5136 3449 5177 a
3470 5136 3585 5177 me-

1995 5216 2129 5272 dicis
2176 5214 2332 5270 incisi
2379 5213 2485 5269 sint
2529 5224 2751 5287 propter
2793 5217 2973 5288 spinas
3017 5230 3135 5287 qua:
3179 5230 3366 5271 eorum
3412 5214 3585 5271 dorsis

1994 5305 2351 5373 inhaerebant;
2399 5305 2487 5361 alii
2528 5320 2679 5373 vero,
2728 5306 2856 5362 dum
2901 5321 3007 5362 non
3051 5306 3255 5363 ferrent
3293 5314 3581 5378 tormenta,

1994 5398 2193 5454 mortui
2240 5398 2367 5454 sint.
2414 5396 2520 5455 Eos
2564 5408 2744 5455 autem
2793 5398 2885 5468 qui
2933 5397 3118 5455 vivere
3165 5408 3483 5470 potuerunt,
3526 5408 3584 5457 et

1992 5493 2282 5564 quamdam
2310 5494 2572 5566 virginem
2609 5492 2797 5550 exsilio
2842 5492 3150 5565 deportavit
3192 5494 3247 5549 in
3293 5495 3582 5551 maximam

1991 5586 2171 5645 Oasim
2201 5588 2330 5661 [ed.,
2361 5584 2605 5659 Stasim].
2625 5584 2868 5657 Corpora
2890 5602 3022 5644 vero
3047 5594 3385 5645 mortuorum
3406 5588 3581 5659 primo

1996 5681 2212 5753 quidem
2239 5679 2391 5736 reddi
2421 5694 2527 5735 non
2572 5694 2758 5749 passus
2797 5688 2900 5749 est,
2929 5680 3025 5737 sed
3053 5679 3267 5748 celavit,
3310 5679 3580 5753 insepulta

1994 5775 2303 5846 relinquens
2333 5786 2416 5838 ea,
2445 5780 2505 5827 ut
2532 5771 2684 5843 quasi
2725 5781 2872 5829 tanta
2912 5773 3200 5829 crudelitas
3232 5774 3401 5830 latere
3428 5772 3578 5830 vide-

1993 5876 2163 5949 retur.
2193 5864 2309 5927 Hoc
2337 5872 2519 5927 autem
2543 5874 2710 5940 agunt
2735 5866 2827 5941 qui
2854 5867 3050 5930 mentis
3077 5882 3263 5928 errore
3289 5866 3578 5941 desipiunt.
