3964 6348
480 284 585 341 987

1719 295 1792 355 ιι.
1833 282 2111 355 AUREhll
2147 298 2548 364 cassronom

3647 319 3756 378 988

473 406 608 464 Nam
654 425 776 466 cum
823 417 1077 483 parentes
1122 420 1457 471 mortuorum
1496 415 1790 487 gauderem
1817 420 2067 489 equidem
2092 425 2138 483 A
2169 423 2432 482 Caesarem
2466 429 2609 487 fecit.
2641 429 2737 486 Cui
2765 444 2919 487 suum
2944 412 3143 490 nomen
3166 433 3445 506 imponens
3468 434 3519 491 in
3545 435 3756 510 Syriam

470 512 694 574 propter
720 505 1131 576 confessionem,
1166 506 1359 565 flerent
1383 520 1562 568 autem
1592 524 1813 585 propter
1833 530 2063 586 corpora

470 594 865 666 defunctorum,
896 600 1075 669 potius
1104 616 1290 657 eorum
1330 604 1620 677 impietatis
1643 607 1843 677 judicia
1870 624 2059 679 perso-

468 689 686 744 nabant.
732 690 864 747 Post
913 694 1028 750 hzec
1071 704 1249 752 autem
1291 713 1358 753 ex
1402 698 1640 771 Egypto
1677 708 1841 770 atque
1880 700 2061 773 Libyis

467 779 1103 852 exsiliodeportaverunt
1145 790 1429 860 episcopos
1459 791 1804 847 Ammonium
1834 792 2056 861 Muium,

464 872 673 940 Gaium,
722 875 1021 945 Philonem,
1080 880 1333 947 Ilermen,
1388 884 1654 953 Plenium,
1707 887 2054 956 Psenosirim,

463 965 822 1039 Nilamonem,
849 972 1203 1041 Agathonem,
1236 977 1659 1049 Anagamphum,
1690 979 2053 1051 Ammonium,

462 1058 725 1131 Marcum,
755 1063 1121 1135 Dracontium,
1163 1069 1516 1141 Adelphium,
1548 1074 1957 1131 Athenodorum
2001 1085 2058 1132 et

462 1156 804 1228 presbytems
829 1158 1112 1217 Hieracem
1141 1170 1195 1218 et
1224 1163 1569 1233 Dioscorum;
1602 1175 1657 1222 et
1682 1168 1762 1223 sic
1787 1183 1883 1225 eos
1904 1184 2055 1225 acer-

459 1246 678 1305 bissime
717 1266 817 1321 per
860 1250 1052 1310 itinera
1095 1258 1490 1328 compulerunt,
1524 1268 1581 1315 ut
1619 1262 1837 1332 quidam
1866 1277 2054 1318 eorum

459 1338 517 1394 in
546 1340 675 1412 ipsis
702 1344 1002 1415 itineribus,
1032 1349 1121 1404 alii
1160 1366 1292 1407 vero
1331 1367 1428 1423 per
1456 1354 1641 1409 exsilia
1688 1365 2049 1413 morerentur.

366 1456 377 1463 -
456 1431 803 1503 Fugaverunt
857 1448 1034 1495 autem
1089 1443 1375 1514 episcOpos
1424 1446 1545 1515 plus
1591 1462 1751 1516 quam
1798 1449 2051 1518 triginta,

458 1526 716 1585 habentes
764 1531 995 1587 studium
1046 1537 1342 1591 secundum
1385 1538 1590 1605 Achab,
1624 1548 1699 1607 ut,
1733 1540 1777 1595 si
1806 1550 2049 1611 possent,

456 1629 799 1687 amputarent
822 1627 1034 1693 penitus
1061 1630 1367 1685 veritatem.
1391 1629 1694 1700 Socnnss,
1725 1633 1815 1687 lib.
1848 1650 1904 1700 ιι,
1929 1650 2047 1703 cap.

454 1705 542 1761 25.
573 1707 719 1765 Edit.
750 1712 941 1769 Christ.
984 1714 1162 1772 Vales.
1193 1737 1308 1790 cap.
1340 1719 1428 1786 28,
1464 1741 1517 1792 p.
1551 1722 1672 1777 118.

2171 515 2465 574 Antiochia:
2497 521 2804 592 destinavit,
2834 531 2889 579 ut
2919 532 3099 596 partes
3141 542 3239 597 per
3266 542 3388 583 eum
3418 530 3755 588 custodiren-

2166 614 2256 663 tur
2303 608 2622 672 Orientales.
2677 615 2794 683 Quo'
2854 617 3201 674 Antiochiam
3264 620 3553 687 veniente,
3613 624 3754 682 circa

2165 698 2439 759 Orientem
2463 706 2669 776 signum
2693 704 2989 765 Salvatoris
3018 710 3280 781 apparuit.
3310 709 3578 767 Columna
3606 728 3753 769 nam-

2163 807 2270 863 que
2312 798 2412 852 sub
2455 800 2635 870 specie
2682 801 2855 857 crucis
2908 802 2962 856 in
3016 804 3153 858 cutio
3203 803 3317 858 visa
3367 806 3613 859 maximo
3652 808 3751 860 mi-

2163 889 2349 945 raculo
2394 892 2848 961 conspicientibus
2884 892 3001 947 fuit.
3035 893 3182 950 Alios
3220 906 3400 952 autem
3430 912 3562 951 suos
3590 896 3749 953 duces

2162 992 2285 1031 cum
2314 980 2484 1034 multo
2506 972 2756 1035 exercitu
2799 990 2989 1037 contra
3035 982 3396 1052 Magnentium
3438 985 3744 1042 destinavit.

2159 1069 2278 1141 Ipse
2328 1087 2456 1127 vero
2501 1073 2554 1127 in
2605 1072 2801 1128 Sirmio
2847 1075 3175 1144 morabatur,
3226 1086 3281 1133 et
3324 1078 3401 1133 rei
3453 1079 3748 1136 sustinebat

2160 1171 2430 1217 eventum.
2482 1154 2832 1233 Tunc'igitur
2876 1157 2932 1222 et
2970 1164 3231 1224 Photinus
3266 1164 3529 1226 Ecclesia:
3558 1171 3746 1241 praesul

2158 1262 2346 1324 aperte
2388 1255 2581 1326 dogma
2608 1257 2755 1326 quod
2785 1257 2900 1328 ipse
2927 1267 3265 1329 compererat
3288 1262 3628 1332 exponebat.
3653 1262 3746 1319 So-

2158 1362 2381 1415 an'res,
2413 1346 2501 1401 tib.
2542 1363 2599 1415 ιι,
2629 1364 2746 1419 cap.
2771 1348 2862 1405 24.
2894 1345 3040 1405 Edit.
3071 1350 3263 1407 Christ.
3298 1352 3474 1407 Vales.
3506 1370 3630 1424 cap.
3661 1353 3740 1423 28,

2156 1454 2208 1507 p.
2244 1436 2365 1492 120.

2225 1528 2448 1584 Dicebat
2499 1538 2678 1586 autem
2722 1549 2735 1586 :
2779 1531 2920 1588 Deus
2954 1534 3172 1602 quidem
3215 1536 3567 1607 omnipotens
3591 1553 3741 1606 unus,
3767 1582 3780 1595 .

2153 1620 2246 1689 qui
2274 1621 2327 1675 in
2356 1622 2576 1691 proprio
2605 1622 2782 1679 Verbo
2808 1624 3050 1681 condidit
3080 1627 3349 1683 universa.
3381 1626 3529 1682 Ante
3557 1628 3741 1684 secula

2153 1727 2283 1767 vero
2312 1714 2645 1770 nativitatem
2673 1723 2729 1770 et
2756 1718 3096 1774 existentiam
3130 1718 3250 1774 Filii
3275 1718 3462 1776 dicere
3489 1720 3738 1791 fugiebat,

524 1798 698 1870 Super
744 1804 859 1861 hzec
908 1808 1066 1875 igitur
1104 1809 1433 1870 Athanasius
1462 1816 1624 1870 etiam
1656 1817 2049 1875 consolatorios
2079 1821 2128 1881 B
2155 1804 2247 1858 53d
2293 1818 2362 1859 ει
2407 1803 2573 1859 maria
2619 1813 2805 1863 ηδιυω
2833 1807 3064 1864 docebat
3091 1807 3361 1864 Chriswm
3394 1813 3563 1880 (αηηο
3592 1810 3737 1867 17°"-

452 1888 615 1946 libros
643 1894 937 1963 virginibus
966 1898 1070 1955 illis
1098 1902 1311 1972 scripsit
1345 1920 1461 1973 qum
1500 1907 1891 1965 crudelissimas
1918 1924 2045 1980 per-

452 1980 693 2038 tulerunt
738 1988 1044 2057 passiones,
1094 1991 1277 2049 dicens
1330 1995 1470 2051 inter
1521 1998 1634 2053 haec
1688 2018 1699 2053 :
1754 1998 2047 2071 Propterea

450 2087 611 2129 nemo
642 2086 878 2134 vestrum
926 2083 993 2136 sit
1035 2083 1221 2151 tristis,
1264 2087 1394 2143 licet
1435 2096 1491 2144 et
1533 2092 1863 2161 sepulturam
1893 2094 2046 2150 vobis

449 2161 717 2255 denegem
745 2169 893 2241 impii
922 2180 977 2227 et
1004 2175 1328 2244 prohibeant
1355 2195 1452 2235 vos
1483 2179 1678 2237 efferri.
1716 2185 1848 2239 Nam
1878 2200 2048 2255 usque

449 2254 516 2348 ad
560 2256 663 2313 hoc
703 2263 937 2329 nequitia
985 2268 1229 2335 pervenit
1277 2270 1613 2341 Arianorum,
1659 2285 1720 2330 ut
1763 2285 1819 2332 et
1862 2287 2048 2348 portas

448 2343 783 2415 clauderent,
817 2360 871 2406 et
898 2354 1037 2409 circa
1068 2360 1461 2429 sepulturarum
1490 2363 1632 2430 loca,
1657 2366 1823 2422 veluti
1846 2343 2047 2425 daemo-

448 2450 563 2503 nes,
610 2441 930 2511 residerent,
965 2462 1033 2501 ne
1061 2451 1193 2519 quis
1214 2453 1532 2522 sepeliretur
1561 2457 1796 2513 ﬁdelium
1822 2460 2048 2518 dilecto-

447 2544 566 2619 rum
598 2530 717 2605 [ms.
751 2533 898 2607 Lyr.,
933 2538 1271 2614 electorum].
1304 2542 1429 2601 Ilaec
1472 2563 1601 2619 ergo
1638 2560 1693 2605 et
1734 2552 1817 2608 his
1849 2555 2046 2612 similia

449 2618 713 2691 Georgius
772 2625 827 2679 in
884 2627 1207 2686 Alexandria
1262 2633 1513 2691 faciebat.
1548 2618 1807 2699 iSanctus
1862 2654 2045 2702 autem

443 2902 595 2990 tu_um
618 2898 893 2990 decollari,
927 2912 981 2960 et
1011 2920 1169 2977 caput
1198 2910 1315 2981 ejus
1348 2914 1644 2986 imperator
1672 2920 1773 2976 sibi
1794 2922 2045 2990 jussisset

442 2986 642 3044 afferri.
693 2989 797 3047 Pro
840 3009 946 3065 qua
975 3013 1033 3054 re
1062 3001 1222 3055 etiam
1252 3005 1527 3073 praemium
1559 3010 1851 3068 maximum
1892 3030 2042 3072 com-

441 3082 688 3150 promisit
714 3086 1021 3159 huiusmodi
1059 3092 1261 3164 aliquid
1300 3099 1587 3159 nuntianti.
1622 3102 2037 3178 Tneononerus,

441 3173 530 3230 lib.
561 3191 620 3247 ιι,
652 3196 770 3252 cap.
796 3182 882 3252 14,
912 3203 968 3257 p.
994 3185 1080 3242 90.

1061 3322 1295 3383 CAPUT
1333 3327 1426 3385 IV.

552 3401 997 3466 Quemadmodum
1027 3413 1303 3476 Britannia
1334 3422 1402 3475 sit
1428 3424 1660 3493 privatus
1688 3426 1928 3499 imperio.

511 3510 814 3583 Imperator
856 3522 1062 3581 interea
1088 3528 1146 3583 in
1181 3529 1451 3604 Illyricum
1493 3546 1906 3600 castrametatus
1934 3553 2037 3614 cst,

442 3607 675 3699 cogebat
712 3626 845 3668 eum
887 3618 1102 3687 publica
1141 3628 1456 3699 necessitas,
1488 3640 1542 3687 et
1569 3634 1803 3692 maxime
1830 3607 2040 3696 Britan;

442 3696 639 3801 nionis,
670 3704 764 3773 qui
802 3721 906 3777 per
948 3710 1145 3772 milites
1190 3696 1462 3789 Augustus
1501 3723 1677 3780 fuerat
1718 3730 2035 3801 appellatus.
2102 3752 2113 3758 ·
2174 3752 2185 3763 '

443 3787 687 3863 Cumque
735 3801 970 3859 venisset
1008 3806 1061 3860 in
1103 3787 1377 3882 Sirmium,
1410 3826 1595 3874 mutuo
1626 3787 1916 3879 foederibus
1944 3787 2041 3879 1..-

439 3882 564 3938 bitis
588 3885 992 3950 Britannionem
1016 3897 1167 3954 vidit.
1197 3900 1494 3976 Actumque
1521 3917 1603 3965 est
1632 3921 1690 3965 ut
1726 3913 1923 3970 milites
1945 3917 2039 3985 qui

442 3990 566 4031 eum
595 3983 989 4043 constituerant
1024 3994 1315 4051 transirent
1342 3998 1409 4052 ad
1444 3998 1685 4056 favorem
1712 3983 2034 4062 Constantii.

443 4068 563 4136 Quo
590 4072 755 4142 facto,
799 4079 973 4135 solum
1010 4082 1384 4145 Constantium
1428 4092 1811 4165 imperatorem
1851 4097 2036 4170 Augu-

441 4171 583 4220 stum
612 4183 745 4225 voce
768 4174 961 4231 emissa
988 4178 1358 4239 clamaverunt
1383 4185 1492 4257 (an.
1520 4188 1674 4244 Dom.
1702 4190 1771 4244 53
1786 4191 1850 4263 ι).
1877 4191 2038 4249 Cum—

439 4270 546 4326 que
569 4258 634 4313 de
655 4260 1005 4323 Britannione
1034 4273 1177 4328 nulla
1206 4279 1466 4334 memoria
1492 4281 1669 4351 fieret,
1694 4284 1785 4340 ille
1810 4258 2038 4357 repente

439 4353 681 4456 seu-tiens
710 4373 773 4415 se
802 4364 1077 4434 traditum,
1109 4370 1176 4425 ad
1202 4373 1365 4442 pedes
1393 4389 1452 4431 se
1482 4383 1773 4449 prostravit
1800 4353 2034 4456 impera-

382 4484 387 4487 .
440 4446 594 4543 toris.
644 4447 814 4509 Porro
851 4456 1199 4521 Constantius
1240 4446 1497 4529 auferens
1517 4473 1635 4543 ejus
1665 4446 1921 4534 coronam
1959 4478 2035 4536 si-

440 4537 551 4637 mul
580 4548 633 4637 et
660 4556 971 4637 purpuram,
1001 4553 1297 4613 clementer
1335 4562 1384 4616 ei
1425 4563 1636 4622 locutus
1674 4576 1776 4637 est,
1807 4585 2034 4629 monens

439 4633 502 4732 ut
521 4630 621 4732 sub
642 4633 919 4732 schemate
947 4643 1155 4710 privato
1183 4650 1513 4723 quiesceret;
1545 4658 1691 4727 quod
1712 4622 1897 4732 utique
1917 4662 2032 4732 ejus
2058 4622 2112 4683 Β

438 4721 583 4813 aetati
614 4725 791 4792 potius
818 4736 1152 4803 conveniret,
1184 4755 1345 4810 quam
1375 4721 1577 4805 habere
1603 4721 2041 4813 nomensolli'cis

440 4810 715 4911 tudinibus
734 4830 1070 4893 ouustatum;
1094 4829 1360 4904 jussitque
1382 4838 1431 4892 ei
1455 4849 1700 4911 sumptus
1728 4810 2031 4904 uberrimos

437 4917 509 5004 ex
530 4908 1159 5004 pubiicisfunctionibus
1199 4927 1461 4985 exhiberi.
1505 4908 1749 5004 Cumque
1778 4936 1832 4990 in
1860 4935 2029 4995 Prusa

437 4994 701 5100 Bithyniae
747 5003 1025 5067 Britannic
1065 5026 1384 5088 moraretur,
1427 4994 1774 5081 Constantius
1816 5030 2030 5100 scripsit

435 5090 509 5159 ei,
540 5093 723 5154 dicens
762 5103 888 5172 quia
930 5108 1216 5166 multorum
1256 5113 1521 5173 bonorum
1555 5120 1604 5174 ei
1632 5135 1790 5177 causa
1819 5123 2029 5193 fuisset,

435 5199 658 5285 σισξιθιη-ξι
687 5196 850 5250 tantis
876 5200 1290 5267 cogitationibus
1318 5216 1373 5263 et
1400 5210 1555 5268 malis
1580 5213 1680 5282 ipsi
1709 5218 2031 5285 provenien-

438 5273 579 5329 tibus
607 5277 918 5353 liberasset;
958 5305 1056 5346 nec
1103 5309 1161 5348 se
1209 5296 1347 5353 bene
1392 5300 1601 5370 fecisse,
1631 5273 1754 5375 quia
1785 5322 1904 5377 quae
1928 5308 2029 5364 sibi

436 5376 691 5465 praestare
711 5372 990 5449 debuerat,
1023 5384 1095 5438 illi
1126 5387 1303 5454 potius
1330 5372 1696 5461 impendisse't.
1726 5372 2025 5465 Socnarzs,

432 5458 521 5514 tib.
554 5478 613 5531 ιι,
644 5483 759 5539 cap.
789 5469 879 5526 23.
911 5472 1055 5531 Edit.
1088 5476 1280 5536 Christ.
1330 5458 1506 5541 Vales.
1542 5506 1656 5559 cap.
1689 5488 1777 5555 28,
1810 5509 1862 5561 p.
1894 5458 2017 5547 120.

1061 5614 1289 5675 CAPUT
1330 5623 1391 5678 V.

432 5684 515 5744 De
536 5690 687 5751 Gallo
719 5697 941 5774 Cwsare,
972 5717 1020 5761 et
1050 5710 1111 5763 de
1132 5713 1279 5782 signo
1302 5718 1473 5798 .crucis
1502 5717 1637 5788 quod
1667 5725 1785 5769 tunc
1814 5718 1868 5771 in
1896 5718 2021 5774 cazlo

1094 5795 1351 5851 apparuit.

509 5852 659 5916 Tunc
695 5862 855 5932 igitur
890 5870 1185 5942 imperator
1216 5877 1427 5935 Gallum
1459 5879 1840 5940 consobrinum
1865 5897 2021 5942 suum

2152 1894 2300 1968 555).
2343 1896 2639 1966 Somnum,
2670 1898 2761 1954 lib.
2792 1915 2864 1968 1v,
2889 1916 3008 1971 cap.
3036 1903 3092 1959 5.
3121 1900 3268 1959 Edit.
3299 1900 3497 1957 Christ.
3535 1919 3654 1974 cap.
3688 1902 3739 1971 6,

2150 2006 2202 2059 p.
2237 1986 2359 2043 542.

2666 2104 2823 2179 261
2858 2104 3088 2162 CAPUT
3117 2105 3205 2162 v1.

2256 2195 2337 2251 De
2366 2196 2594 2254 Photine
2620 2198 2974 2255 hazresiarcha
3001 2199 3207 2272 ejusque
3252 2198 3615 2255 damnatione.

2221 2290 2584 2358 Quamobrem
2637 2293 2869 2347 tumultu
2914 2300 3186 2361 surgente,
3240 2290 3400 2361 jussit
3449 2291 3740 2361 imperatur

2148 2384 2436 2440 concilium
2465 2385 2519 2439 in
2543 2383 2741 2440 Sirmio
2773 2385 3107 2454 congregari.
3140 2382 3509 2453 Convenitque
3538 2382 3652 2437 illic
3673 2396 3738 2437 ex

2148 2477 2509 2533 Orientalibus
2535 2478 2753 2549 quidem
2794 2477 3005 2533 Marcus
3034 2478 3332 2545 Arethusm,
3379 2485 3430 2531 et
3467 2459 3737 2543 Georgius

2148 2570 2575 2636 Alexandrinus,
2624 2584 2785 2639 quem
2814 2578 3026 2625 remoto
3053 2570 3319 2639 Gregorio
3354 2568 3736 2624 ordinaverant

2147 2659 2353 2713 Ariani.
2380 2659 2545 2715 Venit
2564 2660 2727 2715 etiam
2748 2660 2977 2716 Basilius
3002 2661 3228 2731 expulso
3244 2660 3494 2714 Marcello
3510 2659 3737 2730 Ancyra:

2146 2753 2391 2823 prmsule,
2434 2752 2748 2808 Pancratius
2776 2751 2996 2823 Pelusii,
3027 2752 3387 2823 Hippacianus
3424 2750 3734 2816 Heracleae;

2146 2845 2570 2911 Occidentalium
2612 2865 2741 2905 vero
2768 2848 2967 2904 Valens
2992 2848 3295 2923 Myrseuus,
3323 2857 3377 2903 et
3405 2855 3542 2903 tunc
3566 2845 3733 2901 farno-

2144 2941 2386 2996 sissimus
2416 2941 2693 2999 hominum
2731 2940 2886 2998 Osius
2916 2940 3179 2997 Cordubae
3208 2941 3486 3012 pontifex,
3537 2940 3737 3009 pariter

2146 3032 2364 3088 imitus.
2439 3032 2532 3089 Isti
2583 3035 2845 3105 siquidem
2902 3042 3023 3106 post
3070 3035 3407 3091 consulatum
3460 3031 3637 3103 Sergii
3687 3040 3739 3089 et

2145 3123 2382 3194 Nigriani
2415 3124 2492 3203 (id
2539 3136 2613 3181 cst
2662 3144 2748 3180 an.
2802 3125 2955 3181 Dom.
3005 3126 3130 3198 351)
3160 3127 3287 3199 (quo
3332 3143 3477 3182 anno
3518 3134 3739 3199 propter

1989 3255 1996 3262 -
2068 3219 2115 3286 C
2144 3217 2409 3273 bellorum
2441 3220 2624 3275 turbas
2672 3220 2848 3275 nullus
2896 3220 3174 3275 consulum
3220 3218 3393 3275 fuerat
3423 3219 3739 3276 solemniter

2142 3310 2443 3384 ordinatus)
2465 3323 2837 3370 convenerunt
2866 3314 2919 3369 in
2946 3314 3237 3385 Sirmio,et
3262 3313 3557 3372 Photinum
3588 3316 3738 3387 (dog-

2141 3416 2229 3456 ma
2252 3400 2469 3459 Sabellii
2487 3404 2767 3478 Libyensis
2788 3416 2841 3461 et
2861 3403 3009 3461 Pauli
3031 3405 3363 3463 Samosateni
3380 3424 3525 3479 ssepe
3544 3423 3740 3477 cogno—

2141 3494 2376 3566 scentes)
2402 3506 2625 3568 repente
2647 3498 3058 3555 damnaverunt.
3091 3500 3391 3570 Socmres,
3417 3502 3510 3557 lib.
3542 3519 3602 3572 ιι,
3622 3519 3735 3574 cap.

2142 3584 2231 3643 24.
2256 3586 2402 3657 Edit.
2434 3590 2627 3647 Christ.
2667 3590 2842 3646 Vales.
2875 3610 2989 3664 cap.
3016 3592 3107 3663 29,
3137 3612 3190 3662 p.
3221 3592 3340 3650 121.

2747 3727 2976 3787 CAPUT
2998 3730 3111 3786 Vll.

2172 3832 2175 3837 '
2224 3821 2387 3879 Fides
2413 3828 2651 3898 exposita
2672 3828 2727 3882 in
2759 3826 2955 3884 Sirmio
2984 3845 3101 3884 cum
3128 3829 3375 3900 capitulis
3399 3831 3669 3904 subjectis.
3702 3830 3709 3835 ’

2212 3938 2342 3996 Post
2385 3942 2498 3996 hzec
2527 3942 2593 3996 de
2624 3940 2729 3999 fide
2775 3944 3176 4014 propositiones
3206 3943 3525 4011 ediderunt,
3578 3962 3739 4001 unam

2141 4032 2343 4100 Graece,
2373 4034 2533 4089 aliam
2560 4035 2763 4101 Latine,
2793 4036 3016 4092 multum
3043 4036 3258 4093 sibimet
3288 4046 3438 4092 textu
3468 4053 3741 4109 sensuque

2142 4126 2457 4182 concordes.
2508 4127 2776 4183 Sozonw.
2801 4172 2815 4199 ,
2866 4129 2956 4185 lib.
2990 4146 3064 4200 ιν,
3111 4147 3225 4202 cap.
3275 4129 3327 4184 5.
3361 4127 3510 4186 Edit.
3544 4130 3739 4187 Christ.

2149 4218 2323 4274 Vales.
2357 4235 2472 4291 cap.
2504 4219 2557 4287 6,
2587 4240 2640 4291 p.
2675 4220 2799 4278 542.
3024 4210 3031 4216 ’

2211 4309 2362 4368 Tunc
2375 4312 2577 4368 etenim
2607 4315 2759 4383 quasi
2786 4314 3007 4386 antiqua
3032 4314 3154 4370 lidei
3169 4314 3421 4386 dogmata
3444 4316 3739 4387 reprehen-

2139 4402 2347 4471 dentes,
2378 4404 2509 4460 alias
2529 4404 2926 4477 propesitiones
2943 4408 3009 4463 de
3028 4406 3133 4463 ﬁde
3151 4416 3463 4462 sanxerunt.
3488 4398 3556 4462 Et
3572 4408 3737 4463 ‘unam

2139 4495 2355 4564 quidem
2384 4496 2566 4553 Attico
2598 4498 2813 4568 eloquio
2844 4498 3053 4554 Marcus
3094 4499 3261 4554 edidit
3290 4501 3592 4567 Arethusaa,
3643 4500 3736 4557 sed

2138 4600 2261 4642 cum
2282 4586 2527 4647 Romana
2551 4588 2728 4659 lingua
2751 4591 3096 4645 concordiam
3119 4606 3226 4646 non
3249 4591 3541 4647 habentem
3566 4607 3734 4662 neque

2136 4696 2403 4744 sermone,
2439 4697 2611 4751 neque
2641 4684 3056 4753 compositione,
3084 4684 3178 4740 sed
3206 4700 3308 4741 nec
3331 4685 3432 4755 ipsi
3461 4684 3733 4741 Graecitati

2136 4775 2565 4830 convenientem.
2609 4773 2780 4830 Unam
2814 4777 2992 4846 itaque
3021 4776 3209 4833 Latine
3238 4792 3267 4833 a
3296 4772 3481 4835 Marco
3512 4794 3732 4851 compo-

2134 4868 2292 4922 sitam
2343 4870 2431 4925 hic
2479 4869 2893 4939 subjungamus;
2943 4872 3235 4927 secundam
3266 4889 3418 4941 vero,
3467 4889 3629 4944 quam
3677 4874 3728 4929 in

2136 4962 2378 5018 Arimino
2418 4973 2606 5034 postea
2636 4965 2977 5033 relegerunt,
3029 4966 3146 5021 loco
3193 4967 3412 5036 proprio
3443 4982 3722 5038 ponemus,

2136 5072 2257 5111 cum
2288 5073 2351 5113 ea
2380 5074 2498 5128 qua:
2522 5058 2592 5112 ibi
2615 5066 2764 5127 gesta
2789 5067 2915 5113 sunt
2943 5058 3232 5114 dixerimus
3258 5077 3269 5112 :
3295 5067 3526 5132 utraque
3550 5072 3721 5115 tamen

2134 5146 2186 5200 in
2217 5147 2558 5204 Crzecitatem
2603 5166 2866 5208 conversa
2896 5160 2999 5208 est.
3030 5151 3241 5210 Marcus
3270 5146 3400 5226 ergo
3431 5156 3539 5213 hoc
3567 5155 3721 5211 modo

2133 5241 2525 5312 expositionem
2555 5242 2621 5298 de
2652 5241 2755 5300 (ide
2780 5244 3020 5300 dictavit.
3176 5238 3179 5241 8

2202 5332 2482 5389 Credimus
2511 5336 2565 5391 in
2596 5352 2761 5392 unum
2798 5330 2968 5393 Deum
2998 5337 3239 5407 Patrem,
3272 5342 3715 5412 omnipotentem,

2130 5432 2434 5480 creatorem
2464 5432 2518 5481 et
2557 5426 2815 5483 factorem
2846 5429 3216 5486 universorum
3237 5472 3252 5497 ,
3303 5446 3369 5486 ex
3397 5440 3507 5503 quo
3548 5432 3715 5488 omnis

2131 5518 2427 5586 paternitas
2457 5517 2511 5573 in
2537 5518 2674 5574 cmlo
2705 5528 2759 5575 et
2788 5520 2840 5575 in
2869 5527 3015 5576 terra
3046 5522 3386 5589 nominatur;
3430 5532 3485 5579 et
3515 5524 3568 5581 in
3596 5524 3710 5579 uni-

2129 5607 2367 5675 genitum
2397 5607 2511 5678 ejus
2552 5609 2742 5665 Filium
2774 5611 3060 5667 Dominum
3087 5619 3327 5669 nostrum
3352 5612 3535 5669 Jesum
3563 5614 3709 5669 Chri-

2128 5705 2291 5769 stum,
2330 5701 2423 5772 qui
2465 5710 2588 5757 ante
2632 5704 2810 5758 omnia
2851 5704 3042 5760 saecula
3086 5720 3153 5761 ex
3191 5703 3350 5761 Patre
3393 5716 3553 5761 natus
3593 5716 3704 5773 est;

2130 5791 2297 5846 Deum
2324 5809 2392 5848 ex
2419 5795 2547 5860 Deo,
2582 5797 2760 5853 lumen
2785 5814 2853 5854 ex
2882 5798 3102 5867 lumine,
3132 5816 3229 5872 per
3248 5814 3406 5871 quem
3428 5801 3565 5856 facta
3587 5808 3706 5856 sunt

2129 5885 2309 5943 omnia
2349 5886 2405 5945 in
2434 5888 2585 5947 caelis
2623 5896 2678 5947 et
2719 5890 2775 5947 in
2814 5900 2975 5961 terra,
3025 5893 3252 5951 visibilis
3279 5900 3335 5952 et
3372 5893 3652 5953 invisibilia
3677 5908 3697 5949 :
