3972 6488
260 389 410 450 989

1371 379 1689 446 HISTORIA
1727 356 2164 445 mmet.
2207 368 2404 446 unita
2440 389 2508 448 v.

3463 383 3572 460 990

269 507 539 565 Verbum
570 505 828 572 existens,
877 515 931 562 et
957 505 1239 578 sapientia,
1289 513 1343 562 et
1368 506 1546 562 lumen
1576 520 1764 562 verum
1783 547 1798 572 ,
1829 511 1883 561 et
1908 506 1965 568 Α
1989 503 2188 560 minem
2204 505 2606 579 luctasse(Gen.
2628 507 2940 584 χηιι,24),
2965 497 3367 584 sedingenitum
3383 514 3574 585 Deum,

267 602 446 668 vita;
498 601 588 672 qui
619 601 921 656 novissimis
950 599 1137 655 diebus
1167 607 1389 670 propter
1438 616 1536 655 nos
1565 599 1890 655 humanatus

265 703 377 748 est
413 710 480 749 ex
520 702 706 748 sancta
739 693 980 763 Virgine,
1013 703 1066 748 et
1096 687 1397 759 eruciflxus,
1442 701 1497 748 et
1525 677 1791 761 mbrtuus,
1836 700 1892 748 et

266 786 561 856 sepultus,
586 795 639 841 et
661 787 950 841 resurrexit
969 803 996 840 a
1014 787 1238 841 mortuis
1262 787 1416 841 tertia
1435 787 1542 855 die,
1571 794 1623 840 et
1647 785 1892 842 ascendit

265 878 335 931 in
368 879 594 947 cmlum,
625 886 682 932 et
710 878 859 933 sedet
891 877 941 932 in
973 877 1191 933 dextera
1219 875 1413 942 Patris,
1447 885 1501 932 et
1529 885 1788 933 venturus
1809 885 1893 934 est

266 971 335 1023 in
379 971 850 1026 consummatione
888 971 1067 1026 surculi
1094 971 1334 1040 judicare
1362 971 1514 1026 vivos
1543 981 1598 1025 et
1627 979 1887 1032 mortuos,

266 1071 338 1114 et
397 1061 628 1116 reddere
677 1061 961 1132 unicuique
1008 1063 1299 1116 secundum
1347 1077 1512 1132 opera
1560 1077 1674 1117 sua.
1725 1061 1892 1131 Cujus

269 1151 584 1220 imperium
623 1153 738 1207 sine
787 1152 891 1207 ﬁne
945 1154 1204 1222 existens,
1259 1153 1311 1208 in
1364 1155 1558 1209 saecula
1610 1162 1893 1224 permanet

267 1235 529 1290 inﬁnita.
563 1237 679 1292 Erit
719 1238 862 1292 enim
908 1238 1100 1292 sedens
1130 1237 1184 1293 in
1213 1237 1403 1293 dextra
1433 1237 1627 1305 Patris,
1664 1255 1771 1294 non
1800 1253 1896 1294 so-

266 1326 407 1381 lum
432 1328 485 1381 in
510 1328 614 1383 hoc
634 1328 853 1396 smculo,
878 1329 972 1384 sed
994 1331 1158 1384 etiam
1175 1331 1228 1384 in
1245 1331 1444 1386 futuro.
1474 1329 1541 1385 Et
1558 1331 1608 1385 in
1632 1329 1893 1402 Spiritum

267 1428 548 1476 sanctum
599 1420 964 1492 Paracletum,
1015 1423 1069 1477 id
1119 1433 1202 1478 est
1250 1426 1675 1490 consolatorem,
1733 1440 1894 1494 quem

269 1512 622 1582 promittens
651 1513 908 1583 apostolis
933 1523 1057 1584 post
1083 1517 1455 1571 ascensionem
1488 1509 1748 1571 ad'cmlos
1773 1531 1895 1572 esse

269 1601 644 1667 mittendum,
669 1611 728 1658 ut
743 1604 966 1659 doceret
986 1613 1040 1660 et
1060 1615 1513 1661 commemoraret
1528 1607 1606 1661 eis
1622 1607 1890 1674 universa,

269 1695 615 1750 transmisit.
667 1693 770 1751 Per
820 1711 981 1767 quem
1026 1698 1190 1752 etiam
1244 1698 1650 1755 sanetiiicantur
1703 1701 1896 1756 anima:

270 1788 634 1845 credentium
663 1789 719 1844 in
749 1806 815 1845 eo
847 1791 1127 1847 veraciter.

362 1900 481 1955 Eos
512 1909 692 1956 autem
723 1902 814 1972 qui
855 1901 1039 1957 dicunt
1068 1917 1135 1958 ex
1161 1919 1268 1958 non
1299 1903 1654 1959 existentibus
1680 1904 1896 1974 Filium,

272 2000 387 2047 aut
435 2009 503 2053 ex
531 1993 697 2048 altera
729 1993 984 2059 essentia,
1025 1999 1080 2048 et
1111 2009 1218 2048 non
1248 2010 1316 2048 ex
1344 1995 1474 2061 Dei;
1507 2003 1594 2061 et,
1629 1998 1754 2064 quia
1781 2005 1898 2052 erat

272 2092 518 2154 tempus
546 2092 640 2139 aut
666 2085 916 2139 saeculum
943 2083 1159 2153 quando
1191 2099 1298 2139 non
1326 2095 1474 2148 erat,
1508 2085 1716 2141 alienos
1747 2088 1898 2144 novit

273 2185 489 2233 sancta
515 2175 753 2232 Ecclesia
783 2177 1073 2232 catholica.
1106 2177 1311 2233 Rursus
1337 2178 1499 2248 igitur
1519 2179 1745 2236 dicimus
1771 2199 1784 2233 :

367 2288 431 2343 1.
459 2287 517 2343 Si
545 2287 665 2358 quis
692 2287 909 2344 Patrem
938 2297 994 2345 et
1021 2288 1216 2344 Filium
1244 2290 1380 2345 duos
1407 2290 1541 2346 deos
1571 2290 1733 2356 dicit,
1765 2306 1896 2346 ana-

273 2380 484 2436 thema
512 2379 600 2434 sit.

356 2471 423 2528 2.
479 2471 543 2527 Et
569 2474 615 2528 si
642 2473 763 2543 quis
804 2473 974 2529 Deum
1003 2472 1274 2530 Christum
1305 2481 1430 2532 ante
1460 2474 1654 2530 siccula
1700 2473 1894 2530 Filium

274 2566 428 2633 Dei,
461 2567 857 2624 ministrantem
882 2567 1028 2622 Patri
1059 2568 1129 2623 ad
1155 2567 1490 2625 creationem
1516 2551 1893 2622 universorum

273 2675 400 2715 non
436 2657 742 2725 conﬁtetur,
775 2659 1062 2714 anathema
1089 2659 1180 2714 sit.

359 2752 422 2806 5.
471 2751 530 2807 Si
560 2753 680 2821 quis
729 2752 1055 2820 ingenitum,
1103 2760 1195 2805 aut
1223 2749 1440 2805 Patrem
1469 2750 1586 2820 ejus
1615 2765 1680 2804 ex
1726 2750 1892 2806 Maria

272 2851 485 2901 natum
505 2841 688 2899 dicere
714 2842 1023 2912 praesumit,
1055 2843 1342 2898 anathema
1372 2843 1462 2896 sit.

357 2937 422 2992 4.
476 2930 532 2991 Si
560 2937 682 3006 quis
725 2933 1027 2992 secundum
1073 2934 1466 3004 pratscientiam
1499 2941 1624 2988 ante
1667 2931 1893 2986 Mariam

271 3033 498 3090 dixerit
541 3031 736 3086 Filium
769 3044 907 3094 esse,
957 3037 1012 3084 et
1054 3044 1162 3084 non
1205 3037 1331 3083 ante
1376 3029 1568 3082 saecula
1621 3042 1686 3081 ex
1734 3024 1895 3081 Patre

277 3133 485 3180 natum
513 3123 655 3194 apud
684 3123 857 3178 Deum
898 3136 1037 3187 esse,
1091 3130 1140 3175 et
1188 3137 1279 3192 per
1319 3121 1487 3191 ipsum
1531 3121 1706 3176 omnia
1752 3121 1893 3190 facta

275 3218 478 3291 (Ioan.
510 3234 557 3284 ι,
593 3218 674 3290 5),
701 3218 988 3272 anathema
1019 3215 1109 3270 sit.

1991 605 2084 651 aut
2115 595 2328 653 Patrem
2358 599 2476 669 ejus
2503 599 2727 670 dixerit,
2759 597 3045 660 anathema
3073 605 3163 663 sit.

2061 685 2148 743 i5.
2173 688 2231 745 Si
2258 691 2377 760 quis
2403 691 2530 746 illud
2559 695 2700 762 quod
2727 696 2984 766 scriptum
3010 691 3093 752 est
3118 717 3129 751 :
3152 697 3580 756 Fluit-Dominus

1992 782 2291 838 a'Domino
2339 769 2492 853 (Cen.
2547 801 2659 851 χιχ,
2707 785 2822 859 9.2),
2876 803 2985 843 non
3025 790 3092 845 de
3137 788 3298 846 Patre
3343 797 3398 847 et
3443 791 3582 846 Filio

1993 877 2326 947 perceperit,
2375 877 2467 933 sed
2515 879 2689 949 ipsum
2733 895 2762 934 a
2802 881 3095 952 semetipso
3141 883 3327 953 pluere
3363 883 3578 950 dixerit,

1995 969 2283 1025 anathema
2314 969 2406 1026 sit.
2457 967 2602 1026 Pl'uit
2628 973 2770 1028 enim
2803 972 3061 1028 Dominus
3088 972 3255 1030 Filius
3284 991 3315 1030 a
3352 974 3582 1030 Ι)οωίηο

1996 1058 2176 1116 Patre.
2929 1060 2934 1066 ’

2065 1151 2152 1206 16.
2187 1153 2244 1208 Si
2266 1153 2394 1231 quis
2423 1156 2646 1211 audiens
2677 1155 2958 1212 Dominum
2999 1152 3238 1223 Patrem,
3270 1164 3365 1212 aut
3387 1155 3584 1212 Filium

1995 1241 2303 1314 Dominum,
2327 1256 2382 1302 et
2403 1247 2687 1303 Dominum
2708 1249 2921 1304 Patrem
2944 1242 2998 1306 et
3014 1249 3225 1314 Filium,
3253 1259 3307 1306 et
3326 1249 3587 1306 Dominus

1997 1351 2028 1392 a
2053 1337 2284 1394 Domino
2299 1339 2501 1404 dicens,
2528 1341 2664 1396 duos
2682 1343 2970 1397 asseruerit
2991 1340 3149 1407 Deos,
3175 1345 3464 1398 anathema
3485 1343 3586 1404 sit;

1999 1433 2105 1487 non
2133 1432 2275 1487 enim
2307 1442 2623 1503 coaptamus
2649 1433 2842 1488 Filium
2871 1433 3044 1502 Patri,
3075 1435 3170 1490 sed
3199 1433 3470 1489 subditum
3492 1448 3592 1488 no-

1999 1522 2194 1578 vimus.
2225 1522 2406 1592 Neque
2428 1524 2569 1577 enim
2594 1522 2872 1578 descendit
2891 1523 2945 1577 in
2967 1538 3162 1593 corpus
3181 1525 3296 1578 sine
3312 1525 3591 1578 voluntate

2000 1613 2196 1684 Pati-is,
2236 1627 2409 1686 neque
2438 1615 2573 1686 pluit
2601 1631 2631 1671 a
2660 1618 2969 1687 semetipso,
3001 1617 3096 1672 sed
3122 1631 3152 1671 a
3182 1617 3432 1684 Domino,
3462 1633 3590 1672 auc-

1999 1709 2272 1763 toritatem
2319 1709 2570 1764 videlicet
2618 1709 2892 1780 pratbente
2947 1707 3127 1764 Patre.
3176 1705 3360 1777 Neque
3387 1709 3526 1762 sedit
3561 1725 3590 1762 a

2001 1801 2203 1856 dextris
2232 1819 2261 1856 a
2290 1801 2603 1872 semetipso,
2635 1801 2733 1857 sed
2763 1799 2937 1868 audit,
2971 1800 3185 1856 dicente
3220 1799 3382 1854 Patre
3412 1817 3425 1853 :
3455 1799 3594 1855 Sede

1928 1905 1977 1968 Β
2003 1909 2035 1946 a
2064 1895 2259 1951 dextris
2285 1900 2411 1951 meis
2441 1897 2611 1969 (Psal.
2645 1913 2753 1963 cxx,
2784 1895 2861 1969 l).

2057 1986 2158 2040 '17.
2193 1987 2247 2042 Si
2269 1989 2387 2057 quis
2409 1987 2641 2056 Patrem,
2675 2004 2730 2045 et
2750 1987 2960 2055 Filium,
2993 1997 3047 2042 et
3062 1985 3321 2057 Spiritum
3343 1991 3592 2040 sanctum

2001 2091 2160 2132 unam
2187 2091 2472 2148 personam
2500 2079 2646 2142 dicit,
2673 2079 2957 2133 anathema
2986 2077 3075 2130 sit.

2071 2167 2174 2246 18..
2216 2171 2271 2225 Si
2301 2172 2418 2239 quis
2448 2171 2708 2241 Spiritum
2739 2180 2983 2226 sanctum
3015 2167 3352 2224 Paracletum
3389 2167 3577 2223 dicens

1999 2257 2290 2330 ingenitum
2318 2265 2510 2320 asserit
2538 2263 2729 2330 Deum,
2763 2264 3048 2318 anathema
3078 2262 3168 2315 sit.

2003 2359 2010 2364 ‘
2071 2352 2158 2407 l9.
2189 2351 2247 2409 Si
2275 2356 2413 2424 quis,
2447 2356 2606 2410 sicuti
2637 2355 2821 2410 docuit
2849 2369 2970 2422 nos,
2992 2348 3110 2407 non
3139 2352 3300 2406 alium
3323 2351 3463 2405 dicit
3489 2347 3592 2403 Pa-

1998 2444 2260 2502 racletum
2298 2457 2492 2518 praeter
2521 2447 2747 2513 Filium;
2800 2447 2874 2500 ait
2903 2447 3045 2500 enim
3081 2463 3093 2498 :
3131 2444 3200 2498 Et
3227 2441 3388 2498 alium
3422 2442 3593 2496 Pura-

1996 2533 2182 2591 cletum
2205 2539 2371 2592 mittet
2395 2537 2536 2592 vobis
2563 2537 2738 2606 Pater,
2771 2555 2918 2611 quem
2945 2553 3040 2611 ego
3062 2535 3254 2609 rogabo
3279 2534 3459 2609 (Joan.
3482 2548 3590 2600 xw,

2000 2627 2110 2699 16),
2144 2629 2430 2683 anathema
2459 2629 2545 2684 sit.
3231 2629 3234 2632 ’

2067 2721 2230 2791 262
2258 2719 2349 2774 ‘20.
2381 2719 2436 2773 Si
2465 2720 2584 2788 quis
2613 2717 2872 2788 Spiritum
2902 2719 3034 2774 dicit
3061 2727 3270 2788 partem
3301 2716 3475 2772 Patris
3503 2726 3596 2772 aut

1994 2810 2150 2880 Filii',
2182 2813 2469 2866 anathema
2500 2810 2588 2866 sit.

2052 2905 2156 2960 '21.
2190 2904 2246 2959 Si
2271 2904 2392 2974 quis
2414 2903 2628 2958 Patrem
2651 2911 2709 2959 et
2728 2903 2944 2972 Filium,
2971 2911 3026 2958 et
3045 2902 3302 2974 Spiritum
3321 2909 3588 2973 sanctum,

1997 3005 2107 3052 tres
2136 2995 2263 3051 dicit
2292 2995 2452 3060 Deos,
2485 2995 2768 3049 anathema
2799 2994 2888 3048 sit.

2069 3092 2156 3146 2‘2.
2183 3091 2238 3148 Si
2261 3092 2380 3161 quis
2401 3091 2625 3146 consilio
2647 3091 2743 3145 Dei
2766 3098 3021 3159 tanquam
3045 3105 3206 3144 unam
3226 3097 3592 3145 creaturarum

1996 3185 2198 3243 factum
2221 3186 2415 3241 asserit
2444 3183 2636 3239 Filium
2667 3183 2796 3247 Dei,
2830 3183 3115 3237 anathema
3145 3182 3237 3236 sit.

358 3271 675 3380 Steti;
707 3271 1078 3363 substantiam
1122 3303 1220 3360 Dei
1249 3302 1460 3359 dilatari
1504 3313 1597 3359 aut
1642 3308 1892 3364 contrahi
1919 3299 1966 3363 C
2067 3278 2158 3380 εἷ’
2212 3277 2266 3333 Si
2299 3279 2418 3380 (“iis
2466 3277 2686 3380 "019m?
2736 3275 2896 3380 ῗθίτθ
2923 3283 3108 3380 mium
3139 3273 3349 3380 Filia":
3375 3271 3590 3380 Queri"

274 3400 520 3467 di‘xerit,
553 3399 840 3454 anathema
879 3399 968 3453 sit.
1599 3469 1622 3475 η

359 3492 420 3546 6.
452 3491 514 3547 Si
533 3493 654 3562 quis
683 3491 962 3546 dilatatam
993 3488 1345 3544 substantiam
1368 3486 1462 3542 Dei
1485 3486 1676 3543 Filium
1698 3489 1891 3546 dixerit

273 3586 490 3651 facere,
517 3593 611 3640 aut
630 3585 1000 3643 dilatationem
1022 3582 1138 3652 ejus
1159 3581 1472 3635 substantia:
1494 3581 1687 3642 Filium
1709 3584 1887 3639 nomi-

279 3678 534 3743 naverit,
565 3677 853 3732 anathema
873 3675 962 3729 sit.

358 3771 412 3825 7.
475 3769 533 3824 Si
581 3770 702 3838 quis
753 3768 1095 3836 aiiectivum,
1156 3774 1250 3822 aut
1298 3766 1618 3838 prolativum
1665 3767 1886 3822 verbum

278 3861 488 3918 dixerit
515 3859 611 3914 Dei
641 3858 861 3927 Filium,
893 3859 1178 3914 anathema
1205 3857 1294 3914 sit.

355 3951 413 4006 8.
447 3949 508 4006 Si
537 3950 654 4021 quis
683 3950 958 4004 hominem
999 3949 1176 4004 solum
1203 3948 1399 4004 dixerit
1425 3947 1648 4014 Filium,
1697 3949 1790 4020 qui
1820 3965 1887 4005 ex

281 4045 458 4101 Maria
483 4052 586 4110 est,
616 4044 902 4098 anathema
925 4045 1014 4098 sit.
1180 4089 1183 4092 .
1765 4093 1768 4095 λ

356 4135 411 4188 9.
437 4132 500 4189 Si
515 4132 636 4204 quis
655 4132 822 4188 Deum
843 4142 897 4190 et
919 4132 1196 4189 hominem
1216 4148 1284 4188 ex
1304 4133 1470 4188 Maria
1488 4134 1693 4200 dicens,
1718 4135 1890 4202 Deum

283 4225 590 4297 ingenitum
620 4223 870 4280 eumdem
897 4223 1166 4291 intelligit,
1199 4222 1487 4277 anathema
1513 4224 1600 4277 sit.

359 4337 449 4391 ii).
501 4337 559 4390 Si
589 4335 708 4403 quis
747 4334 879 4389 illud
917 4334 1064 4403 quod
1107 4335 1369 4404 scriptum
1408 4343 1492 4390 est
1535 4351 1548 4388 :
1586 4332 1702 4405 Ego
1751 4333 1891 4390 Deus

285 4432 509 4503 primus,
538 4434 588 4479 et
611 4441 707 4495 ego
734 4434 932 4496 postea,
962 4433 1012 4478 et
1024 4434 1214 4494 printer
1235 4442 1316 4480 me
1336 4442 1442 4481 non
1464 4433 1542 4482 est
1566 4425 1708 4481 Deus
1733 4425 1890 4497 (Isai.

285 4541 434 4592 mv,
481 4522 560 4595 6),
591 4535 713 4577 cum
740 4521 796 4576 in
835 4520 1257 4576 destructionem
1290 4519 1562 4576 idolorum
1587 4528 1643 4576 et
1669 4521 1890 4578 deorum

285 4635 400 4676 non
427 4614 776 4672 existentium
805 4613 1008 4669 dictum
1035 4613 1135 4679 sit,
1176 4612 1244 4668 ad
1266 4611 1691 4669 destructionem
1722 4614 1892 4684 magis

288 4709 550 4804 u|nigeuiti
577 4716 704 4765 ante
727 4707 928 4766 smeula
949 4705 1066 4775 Dei,
1086 4704 1309 4763 Judaiee
1333 4706 1584 4778 percipit,
1602 4705 1889 4763 anathema
1923 4689 1972 4749 Ῑ)

289 4805 384 4860 sit.

365 4898 454 4953 Η.
477 4895 537 4952 Si
563 4895 686 4966 quis
711 4892 952 4961 audiens,
993 4891 1218 4949 Verbum
1245 4909 1368 4950 caro
1399 4894 1594 4964 factum
1613 4901 1723 4959 est,
1757 4892 1890 4950 Ver-

288 4991 419 5048 bum
440 4991 495 5046 in
523 5003 740 5046 carnem
765 4994 1029 5042 mutatum
1058 4986 1360 5058 putaverit,
1410 4995 1506 5042 aut
1531 4987 1890 5044 conversione

291 5082 430 5139 facta
456 5081 758 5152 suscepisse
782 5094 1003 5137 carnem
1020 5120 1037 5146 ,
1067 5079 1359 5135 anathema
1379 5078 1470 5134 sit.

363 5198 448 5253 12.
503 5196 561 5253 Si
589 5197 708 5268 quis
734 5197 1065 5266 unigenitum
1094 5195 1291 5250 Filium
1319 5195 1416 5251 Dei
1444 5195 1758 5251 cruciﬁxum
1788 5179 1886 5252 an:

294 5289 466 5360 diens,
509 5291 932 5358 corruptionem,
964 5295 1057 5342 aut
1083 5288 1422 5356 passionem,
1456 5295 1548 5342 aut
1573 5289 1886 5344 conversio-

297 5397 441 5450 nem,
471 5389 565 5436 aut
583 5381 968 5446 mutationem,
1002 5387 1095 5435 aut
1117 5381 1545 5451 peremptionem
1566 5383 1888 5439 sustinuisse

295 5471 450 5539 dicit,
482 5471 767 5526 anathema
797 5471 884 5524 sit.

367 5574 448 5631 13.
485 5573 540 5631 Si
567 5575 686 5644 quis
705 5573 848 5646 quod
871 5572 1131 5643 scriptum
1154 5581 1239 5628 est
1264 5591 1275 5625 :
1304 5570 1586 5628 Faciamus
1623 5573 1882 5629 hominem

300 5659 446 5737 (Gen.
494 5682 543 5730 ι,
575 5665 691 5736 26),
743 5680 854 5721 non
904 5662 1117 5719 Patrem
1169 5663 1237 5718 ad
1289 5663 1481 5719 Filium
1534 5663 1734 5731 dicere,
1791 5665 1886 5721 sed

301 5754 464 5826 ipsum
495 5755 562 5811 ad
588 5757 938 5829 semetipsum
966 5757 1158 5812 asserit
1185 5755 1383 5812 dixisse
1413 5756 1612 5826 Deum,
1656 5758 1886 5813 anathe-

299 5862 380 5904 ma
406 5849 496 5904 sit.

364 5937 446 5995 14.
497 5938 556 5998 Si
582 5940 702 6013 quis
729 5947 918 6000 contra
945 5939 1112 6002 Jacob
1137 5958 1247 6003 non
1274 5941 1467 6004 Filium
1497 5950 1753 6018 tanquam
1775 5944 1884 6006 ho-

1999 3374 2305 3428 anathema.
2341 3371 2454 3428 Non
2483 3371 2624 3426 enim
2651 3369 2848 3426 invitus
2876 3380 2931 3426 ct
2956 3372 3064 3426 vim
3089 3379 3278 3441 passes
3305 3365 3470 3422 Pater
3496 3381 3594 3420 ne-

1995 3465 2248 3520 cessitate
2278 3463 2536 3530 naturali,
2570 3465 2722 3532 quasi
2754 3463 2964 3529 nolens,
3019 3461 3205 3532 genuit
3233 3458 3458 3526 Filium;
3500 3457 3596 3514 sed

1994 3556 2162 3618 illico,
2193 3564 2251 3610 ut
2280 3555 2480 3620 voluit,
2508 3555 2672 3610 etiam
2701 3553 2820 3611 sine
2843 3563 3088 3626 tempore
3115 3561 3170 3609 et
3196 3553 3317 3610 sine
3341 3551 3596 3624 passione

1993 3646 2377 3716 exsemetipso
2407 3647 2588 3715 genuit
2613 3661 2754 3701 eum.

2053 3739 2154 3798 .24.
2185 3739 2244 3796 Si
2274 3740 2393 3810 quis
2417 3741 2710 3810 ingenitum
2737 3747 2792 3795 et
2819 3739 2935 3795 sine
2957 3738 3226 3809 principio
3250 3736 3380 3793 dicit
3401 3735 3595 3791 Filium

1994 3835 2254 3899 tanquam
2281 3830 2414 3885 duos
2438 3829 2553 3884 sine
2583 3829 2870 3900 principio,
2905 3834 2961 3884 et
2987 3827 3095 3881 duo
3123 3826 3358 3894 ingenita
3387 3824 3593 3892 dicens,

1993 3926 2049 3974 et
2067 3918 2200 3974 duos
2223 3919 2421 3975 faciens
2445 3919 2603 3983 Deos,
2637 3918 2921 3970 anathema
2944 3916 3033 3969 sit.
3063 3912 3244 3982 Caput
3271 3912 3412 3966 enim
3433 3919 3519 3966 est
3540 3918 3596 3966 et

1992 4011 2311 4079 principium
2340 4011 2580 4065 omnium
2604 4008 2786 4072 Filius,
2818 4012 2982 4076 caput
3003 4011 3183 4059 autem
3202 4001 3404 4058 Christi
3427 4002 3592 4059 Deus.

1993 4100 2084 4157 Sic
2112 4104 2254 4158 enim
2277 4103 2342 4155 ad
2368 4117 2529 4155 unum
2561 4102 2797 4154 omnium
2822 4097 3168 4168 principium,
3199 4095 3343 4164 quod
3373 4104 3457 4150 est
3477 4095 3595 4150 sine

1993 4192 2280 4260 principio,
2335 4206 2432 4258 per
2461 4189 2651 4244 Filium
2681 4190 2771 4260 pie
2799 4188 2982 4244 omnia
3013 4185 3337 4241 referuntur.
3392 4185 3595 4242 Rursus

1995 4291 2174 4337 autem
2227 4283 2496 4338 subtiliter
2550 4283 2896 4353 inspicientes
2934 4280 3297 4336 Christianum
3350 4293 3590 4346 sensum,

1995 4374 2222 4431 dicimus
2247 4394 2261 4430 :

2065 4466 2157 4522 25.
2192 4467 2246 4522 Si
2268 4467 2388 4536 quis
2409 4467 2680 4524 Christum
2703 4467 2871 4522 Deum
2891 4467 3088 4523 Filium
3111 4467 3205 4522 Dei
3231 4475 3352 4522 ante
3373 4468 3589 4535 saecula,

1996 4559 2389 4614 ministrantem
2406 4558 2551 4613 Patri
2575 4560 2640 4613 ad
2660 4574 2876 4614 omnem
2892 4559 3222 4614 creationem
3248 4573 3353 4612 non
3375 4558 3589 4625 dixerit,

1997 4650 2091 4706 sed
2117 4666 2185 4706 ex
2216 4665 2325 4721 quo
2354 4667 2417 4706 ex
2450 4651 2616 4705 Maria
2641 4659 2800 4705 natus
2825 4659 2938 4718 est,
2984 4667 3055 4706 ex
3085 4659 3212 4707 tunc
3239 4651 3371 4706 dicit
3401 4651 3592 4706 Filium

1999 4752 2053 4800 et
2079 4742 2351 4798 Christum
2379 4758 2498 4798 esse
2525 4751 2809 4810 vocatum,
2843 4751 2898 4798 et
2925 4744 3133 4797 initium
3163 4743 3488 4813 percepisse,
3533 4749 3593 4798 ut

1999 4836 2140 4892 Deus
2158 4844 2321 4902 esset,
2353 4834 2638 4889 anathema
2662 4835 2749 4899 sit,
2779 4835 2932 4890 sicuti
2955 4834 3361 4888 Samosatenus.
3389 4831 3592 4886 Socru-

1998 4944 2122 4998 TBS,
2154 4926 2243 4983 lib.
2294 4943 2364 4994 tt,
2413 4937 2528 4998 cap.
2570 4923 2661 4980 95.
2708 4924 2855 4980 Edit.
2887 4925 3083 4980 Christ.
3142 4923 3316 4978 Vates.
3350 4938 3466 4992 cap.
3499 4921 3587 4990 ὅθ,

1997 5038 2049 5091 ρ.
2085 5018 2209 5074 121.

2597 5129 2824 5188 CAPUT
2863 5129 2995 5184 Vlll.

2003 5225 2122 5279 Alia
2143 5226 2274 5297 ﬁdes
2310 5225 2544 5295 exposita
2578 5225 2759 5297 Sirmii
2790 5221 2994 5297 Latine,
3029 5235 3297 5297 quantitas
3318 5213 3590 5297 _e:t_:‘Gra!co

2181 5290 2575 5358 transtulimus;
2619 5304 2668 5349 et
2695 5296 2762 5347 de
2792 5290 3142 5362 disputatione
3173 5290 3405 5345 Phott'm'.

2065 5389 2330 5456 Quoniam
2363 5387 2565 5443 deiide
2585 5385 2875 5458 quemdam
2903 5383 3104 5454 placuit
3136 5380 3250 5436 fieri
3279 5387 3584 5445 tractatum,

1995 5483 2178 5538 omnia
2209 5490 2366 5536 caute
2417 5480 2639 5551 quaesita
2686 5485 2812 5532 sunt
2871 5484 2926 5530 et
2967 5475 3210 5544 exposita
3261 5471 3441 5528 Sirmii
3488 5471 3588 5526 sub

1994 5577 2284 5646 prmsentia
2313 5573 2573 5635 Valentis,
2621 5579 2676 5624 et
2718 5568 2955 5632 Ursacii,
3008 5576 3172 5635 atque
3195 5566 3479 5632 Germani,
3530 5574 3588 5623 et

1995 5672 2338 5718 cmtcrorum.
2365 5651 2591 5716 Constat
2621 5673 2785 5714 unum
2814 5657 2982 5713 Deum
3013 5671 3133 5712 esse
3163 5656 3379 5713 Patrem
3406 5656 3584 5712 omni—

1993 5767 2293 5829 potentem,
2327 5757 2467 5810 sicut
2495 5755 2730 5809 etiamin
2757 5753 2904 5808 omni
2929 5754 3060 5807 orbe
3083 5760 3348 5807 terrarum
3369 5767 3582 5806 annun-

1985 5853 2174 5906 tiatur.
2207 5850 2274 5903 Et
2304 5863 2469 5903 unum
2501 5847 2832 5917 unigenitum
2861 5845 3052 5900 Filium
3076 5846 3194 5916 ejus
3213 5843 3394 5901 Iesum
3419 5842 3582 5899 Chri-

1985 5952 2132 6012 stum
2158 5942 2447 6002 Dominum
2469 5949 2526 6001 et
2546 5941 2734 6014 Deum,
2765 5939 3215 6015 Salvatoremque
3238 5944 3485 6000 nostrum
3509 5951 3582 5997 ex
