3972 6452
448 325 546 382 991
1681 324 1754 382 Ι.
1792 317 2013 379 AUREI.

2120 314 2506 379 CASSIODORI
3624 328 3735 386 Μ

441 461 510 505 eo
537 453 665 503 ante
690 442 884 502 saecula
909 440 1181 513 genitum;
1210 440 1347 497 duos
1371 449 1552 497 autem
1571 440 1714 499 Deos
1734 458 1843 499 non
1864 456 2027 512 opor-
2052 438 2105 500 Δ
2130 434 2415 493 damnatus
2439 443 2543 494 est.
2574 434 2644 492 Et
2666 436 2721 493 in
2745 435 2869 507 fuga
2886 437 3209 510 consistens,
3238 440 3310 499 de
3332 447 3533 499 caetero
3560 440 3735 501 libros

443 546 561 594 tere
605 536 731 603 dici,
790 534 1044 604 quoniam
1081 541 1139 589 et
1177 532 1293 603 ipse
1338 532 1597 589 Dominus
1643 534 1719 590 ait
1760 552 1774 588 :
1818 533 1914 589 Ibo
1960 535 2031 589 ad
2136 534 2366 599 utraque
2404 527 2585 598 lingua
2624 528 2970 599 conficiebat,
3019 534 3275 603 quoniam
3316 548 3497 605 neque
3538 532 3733 593 Latino

442 630 657 684 Patrem
684 642 881 693 meum,
938 634 989 680 et
1015 624 1085 680 ad
1110 624 1326 680 Patrem
1354 635 1577 681 vestrum
1595 667 1612 694 ,
1660 625 1828 681 Deum
1859 643 2029 682 meum

436 727 487 774 et
525 718 692 774 Deum
744 726 971 773 uestrum
1019 716 1228 787 (Joan.
1288 732 1402 786 xx,
1460 716 1584 786 l7).
1638 718 1932 790 Propterea
1976 726 2034 776 et

438 809 679 865 omnium
720 808 863 865 Deus
892 818 1005 877 est,
1054 807 1210 865 sicuti
1256 808 1419 863 etiam
1466 808 1755 879 Apostolus
1799 809 2026 868 docuit:

432 900 738 957 Judworum
779 900 919 956 Deus
949 917 1053 957 non
1098 901 1294 967 solum,
1345 918 1519 955 nonne
1558 911 1607 957 et
1656 900 1953 959 ercorum
1980 912 2033 960 et

434 994 750 1067 gentilium?
803 992 1011 1067 Utique.
1071 992 1333 1057 Quoniam
1362 994 1684 1050 circumcisio
1714 1012 1780 1049 ea:
1806 996 1932 1066 ﬁde,
1980 1004 2031 1052 et

435 1087 748 1157 prwputium
776 1102 867 1155 per
893 1084 1051 1155 ﬁdem
1081 1082 1256 1156 (Rom.
1290 1100 1367 1153 ιιι,
1423 1084 1514 1154 29,
1562 1085 1685 1157 30);
1740 1095 1797 1143 et
1834 1097 2028 1145 caetera

437 1177 655 1249 quidem
684 1178 862 1234 omnia
892 1186 1214 1248 consonant,
1254 1185 1311 1233 et
1338 1178 1484 1234 nulla
1508 1194 1793 1237 remanere
1819 1182 2033 1238 videtur

436 1270 725 1328 discordia.
774 1274 907 1341 Quia
949 1289 1077 1330 vero
1124 1274 1324 1330 multos
1364 1285 1547 1331 movet
1583 1291 1765 1333 sermo
1808 1278 2032 1335 Latinus

434 1365 768 1434 substantiae,
817 1381 937 1436 quae
958 1366 1144 1423 Graeca
1170 1369 1349 1438 lingua
1372 1369 1572 1426 dicitur
1593 1374 1759 1439 οὐσία,
1801 1381 1861 1427 ut
1879 1388 2031 1429 scru-

435 1455 778 1538 pulosissime
814 1467 1172 1529 cognoscatur
1211 1460 1497 1531 ὁμοούσιον,
1548 1462 1652 1518 hoc
1680 1471 1763 1518 est
1789 1464 2030 1533 ejusdem

433 1547 765 1615 substantiae,
813 1559 906 1605 aut
934 1551 1243 1622 ὀμοιούσιον,
1288 1553 1341 1607 id
1371 1562 1454 1609 est
1481 1554 1669 1611 similis
1693 1557 2026 1630 substantiae,

433 1652 541 1694 non
566 1648 780 1710 oportet
806 1642 999 1697 horum
1028 1658 1338 1699 sermonum
1361 1644 1647 1715 quamdam
1670 1649 1892 1704 omnino
1914 1649 2028 1705 fieri

433 1732 798 1799 mentionem,
842 1748 1019 1803 neque
1056 1734 1125 1789 de
1165 1735 1246 1791 bis
1276 1737 1472 1807 exponi
1512 1738 1653 1808 apud
1683 1738 1977 1796 Ecclesiam
2009 1760 2023 1795 :

2133 635 2387 677 sermone
2428 620 2717 678 videbatur
2745 622 2980 693 ignarus.
3030 623 3261 698 Scripsit
3296 642 3515 701 quoque
3540 638 3732 687 contra

2134 726 2325 769 omnes
2367 712 2619 781 btereses,
2672 714 2948 785 praprium
2990 718 3211 773 studens
3248 717 3443 788 dogma
3490 717 3729 777 ﬁrmare.

2134 802 2203 859 Et
2223 804 2291 861 de
2318 802 2552 860 Photino
2572 805 2787 875 quidem
2811 805 2928 862 haec
2953 806 3093 863 dicta
3116 806 3406 865 sufﬁciant.
3436 808 3731 867 Sciendum

2135 908 2316 954 tamen
2343 900 2599 971 quoniam
2622 897 2820 955 Sirmio
2848 901 3233 958 convenientes
3255 903 3519 973 episcopi,
3553 905 3730 975 poeni-

2134 992 2301 1047 tentia
2331 990 2479 1047 ducti
2525 999 2651 1047 sunt
2694 992 2747 1046 in
2794 992 3132 1063 expositione
3170 993 3293 1049 fidei
3323 993 3518 1048 Latina
3549 995 3730 1063 lingua

2132 1084 2374 1155 prolatas.
2408 1082 2538 1141 Post
2558 1084 2849 1142 editionem
2873 1101 3106 1156 namque
3128 1086 3230 1142 sibi
3252 1102 3374 1141 eam
3394 1089 3731 1144 contrariam

2127 1174 2459 1245 judicabant.
2512 1176 2683 1244 Quam
2713 1178 3034 1234 studuerunt
3061 1180 3129 1234 ab
3169 1179 3441 1250 episc0pis
3484 1182 3580 1250 qui
3611 1196 3729 1238 eam

2127 1266 2240 1337 jam
2289 1268 2721 1339 subscripserant
2765 1270 2948 1337 reddi,
2997 1270 3254 1341 quoniam
3298 1271 3577 1327 celabatur
3608 1274 3726 1347 [ω.

2136 1362 2447 1430 Santheod.,
2471 1363 2866 1437 celebrabatur]
2888 1381 2917 1419 a
2939 1365 3200 1435 plurimis.
3225 1366 3527 1437 Imperator
3546 1376 3729 1424 autem

2132 1455 2320 1511 edictis
2348 1456 2514 1525 quzeri
2546 1458 2800 1528 prmcepit
2826 1457 3123 1513 editionem
3152 1459 3354 1529 ipsam,
3403 1460 3727 1529 supplicium

2132 1546 2365 1601 minatus
2394 1548 2438 1602 si
2466 1548 2586 1617 quis
2607 1564 2726 1603 eam
2749 1549 2954 1609 celasse
2974 1548 3531 1620 comperiretur.'Sed
3552 1568 3727 1623 neque

2134 1648 2307 1697 terror
2331 1642 2609 1697 destruere
2635 1644 2809 1713 potuit
2835 1642 2982 1714 quod
3004 1643 3170 1699 semel
3193 1642 3370 1699 fuerat
3399 1645 3722 1714 institutum,

2133 1753 2199 1793 eo
2227 1738 2372 1808 quod
2416 1737 2557 1809 apud
2606 1739 2807 1794 multos
2843 1738 3153 1795 haberetur.
3203 1737 3271 1792 Et
3300 1737 3371 1793 de
3400 1738 3486 1793 his
3514 1739 3720 1809 quidem

430 1832 650 1894 propter
686 1826 825 1881 hanc
868 1842 1090 1883 causam
1132 1843 1197 1884 ac
1232 1830 1529 1898 rationem,
1582 1832 1709 1900 quia
1738 1833 1793 1888 in
1821 1835 2023 1892 sanctis
2055 1830 2103 1889 B
2130 1829 2231 1883 ista
2256 1830 2455 1887 dixisse
2484 1829 2737 1887 sufﬁciat.
2770 1828 3068 1887 Securus.
3101 1830 3193 1885 lib.
3225 1846 3292 1896 ll,
3326 1846 3444 1901 cap.
3477 1828 3569 1899 εδ,
3599 1831 3718 1884 edit.

428 1913 719 1987 Scripturis
746 1918 875 1973 nihil
897 1919 1006 1975 tale
1035 1920 1401 1991 conscriptum
1425 1930 1527 1986 est,
1561 1925 1886 1993 etquoniam
1910 1926 2027 1983 haec

426 2006 566 2061 ultra
596 2008 884 2063 humanam
913 2012 1189 2066 scientiam
1216 2020 1273 2067 et
1300 2012 1629 2069 intellectum
1656 2023 1801 2081 sunt,
1819 2024 1875 2071 et
1899 2018 2026 2086 quia

426 2099 604 2154 nullus
631 2109 809 2170 potest
830 2102 1235 2171 generationem
1264 2103 1384 2158 Filii
1415 2120 1654 2169 narrare,
1689 2107 1827 2162 sicut
1849 2109 2024 2180 scrip-

425 2197 541 2245 tum
571 2199 654 2247 est
687 2212 701 2247 ;
731 2192 1127 2250 Generationem
1152 2198 1263 2269 ejus
1289 2199 1401 2268 quis
1424 2197 1692 2252 enarrabit
1718 2199 1873 2270 (Isai.
1908 2218 2023 2271 Lm,

426 2280 483 2352 8)
500 2278 526 2337 ἲ
547 2282 662 2340 Hoc
675 2286 817 2339 enim
831 2285 1130 2352 sciendum,
1153 2287 1326 2343 solum
1344 2286 1557 2343 Patrem
1581 2304 1741 2345 nosse
1759 2292 2023 2359 quemad-

425 2373 645 2429 modum
672 2374 865 2431 Filium
884 2379 1185 2446 generavit,
1212 2388 1267 2433 et
1288 2396 1472 2435 rursus
1494 2380 1688 2437 Filium
1707 2423 1721 2449 ,
1746 2384 2019 2452 quomodo

426 2465 544 2536 ipse
571 2466 638 2522 de
666 2466 827 2525 Patre
854 2471 927 2525 sit
951 2471 1183 2540 genitus.
1218 2471 1361 2528 Nulli
1388 2488 1520 2529 vero
1548 2473 1769 2529 dubium
1794 2485 1876 2532 est
1902 2492 2021 2532 ma-

420 2556 597 2627 jorem
626 2573 748 2616 esse
778 2560 993 2617 Patrem
1019 2562 1247 2627 honore,
1296 2571 1353 2619 et
1380 2564 1658 2635 dignitate,
1700 2575 1864 2639 atque
1887 2569 2023 2625 divi-

425 2652 613 2719 nitate,
642 2661 697 2708 et
729 2654 848 2724 ipso
880 2656 1100 2711 nomine
1127 2664 1354 2727 paterno
1384 2672 1505 2713 esse
1535 2659 1801 2728 potiorem
1820 2703 1836 2731 ,
1870 2662 2024 2718 testi-

424 2743 617 2801 ficante
645 2744 781 2801 Filio
810 2747 926 2817 ipso
950 2765 963 2801 :
990 2745 1089 2812 Qui
1120 2765 1219 2815 me,
1248 2748 1439 2819 inquit,
1470 2751 1610 2806 misit
1639 2750 1820 2819 Pater,
1851 2756 2025 2826 major

424 2854 505 2893 me
528 2848 606 2894 est
636 2840 817 2910 (Joan.
848 2857 959 2909 xxv,
989 2841 1107 2913 28).
1137 2842 1203 2896 Et
1225 2842 1329 2900 hoc
1351 2859 1472 2900 esse
1495 2846 1820 2903 catholicum
1844 2848 2022 2905 nullus

424 2928 656 3002 ignorat,
684 2932 817 2990 duas
845 2949 1105 3004 personas
1128 2920 1249 2991 esse
1270 2934 1446 2991 Patris
1468 2945 1523 2991 et
1543 2936 1695 3003 Filii;
1727 2946 1784 2994 et
1804 2937 2020 2996 Patrem

423 3020 638 3091 quidem
659 3024 951 3094 majorem,
980 3024 1175 3081 Filium
1207 3041 1335 3081 vero
1358 3025 1660 3095 subjectum
1690 3043 1812 3083 cum
1841 3028 2019 3083 omni-

420 3111 522 3168 bus
548 3128 670 3184 quas
698 3116 749 3172 ei
778 3115 940 3173 Pater
967 3118 1201 3189 subjecit
1227 3117 1378 3188 ejus;
1410 3117 1625 3174 Patrem
1650 3135 1780 3176 vero
1810 3121 2019 3178 initium

2130 1924 2323 1981 Christ.

2748 2059 2977 2116 CAPUT
3016 2060 3109 2115 IX.

2636 2172 2715 2228 De
2748 2170 2875 2228 Osio
2908 2172 2960 2225 Η
2964 2175 3170 2243 ispano.

2200 2284 2335 2353 Quia
2356 2300 2485 2341 vero
2508 2292 2564 2341 et
2583 2284 2650 2341 de
2670 2284 2797 2342 Osio
2818 2284 3077 2355 Hispano,
3107 2285 3274 2339 invito
3302 2284 3429 2341 illuc
3450 2283 3720 2351 veniente,

2126 2378 2351 2434 fecimus
2379 2378 2709 2433 mentionem
2726 2420 2741 2446 ,
2790 2377 3026 2433 breviter
3053 2376 3219 2431 etiam
3246 2376 3315 2431 de
3342 2391 3410 2432 eo
3438 2376 3721 2432 dicendum

2126 2478 2227 2526 est.
2274 2468 2412 2525 Ante
2439 2468 2715 2539 paululum
2744 2473 2956 2538 tempus
2986 2468 3207 2541 iste.vir
3238 2468 3509 2523 molimine
3554 2467 3717 2523 Aria-

2126 2578 2317 2617 norum
2365 2560 2542 2617 fuerat
2593 2561 2789 2617 missus
2844 2559 3055 2615 exsilio.
3102 2558 3266 2615 Tunc
3316 2567 3483 2614 autem
3530 2559 3713 2615 smdio

2126 2669 2313 2711 eorum
2343 2653 2435 2725 qui
2480 2652 2677 2709 Sirmio
2724 2658 3095 2709 convenerunt
3127 2667 3251 2707 eum
3281 2652 3526 2707 evocavit
3549 2652 3722 2723 impe-

2125 2756 2293 2814 rator,
2335 2746 2520 2803 volens
2559 2761 2683 2803 eum
2713 2755 2809 2801 aut
2832 2747 3085 2802 suasione
3113 2754 3207 2801 aut
3232 2745 3560 2800 necessitate
3587 2762 3717 2801 con-

2125 2841 2350 2899 cordare
2379 2840 2751 2911 praesentibus.
2785 2839 2901 2896 lloc
2921 2840 3065 2896 enim
3091 2838 3253 2905 facto,
3285 2839 3581 2893 maximum
3604 2839 3723 2894 fidei

2126 2947 2315 2988 eorum
2331 2931 2619 3002 putabatur
2636 2946 2756 2987 esse
2773 2931 3159 2987 testimonium.
3186 2930 3555 3001 Quapropter,
3572 2930 3723 2987 sicuti

2125 3021 2271 3088 dixi,
2318 3038 2384 3078 ex
2420 3023 2747 3078 necessitate
2788 3023 2958 3077 venit.
3006 3020 3072 3076 Et
3117 3021 3244 3077 dum
3290 3025 3369 3078 eis
3418 3024 3724 3079 consentire

2127 3117 2286 3188 263
2314 3125 2624 3189 respueret,
2659 3124 2926 3172 tormenta
2956 3116 3252 3187 longzevus,
3286 3119 3583 3187 plagasque
3608 3134 3724 3188 per-

420 3222 531 3263 non
559 3207 781 3277 habere,
833 3219 890 3268 et
918 3211 1273 3280 invisibilem,
1318 3220 1374 3269 et
1400 3214 1792 3283 immortalem,
1832 3225 1890 3271 et
1917 3217 2021 3271 im-
2053 3228 2097 3292 C
2128 3230 2318 3287 pessus
2341 3223 2454 3280 est;
2486 3214 2626 3269 unde
2656 3216 2817 3269 etiam
2844 3215 3165 3270 necessitate
3186 3215 3722 3284 vehementiexposi-

419 3299 729 3371 passibilem
757 3316 916 3371 esse;
947 3302 1142 3361 Filium
1172 3319 1303 3361 vero
1328 3312 1512 3360 natum
1540 3320 1608 3361 ex
1638 3303 1816 3372 Patre,
1849 3306 2019 3364 Deum

419 3403 491 3446 ex
510 3390 646 3460 Deo,
674 3391 854 3449 lumen
875 3408 945 3449 ex
964 3394 1187 3463 lumine,
1220 3403 1276 3451 et
1296 3394 1457 3467 hujus
1478 3396 1836 3466 nativitatem,
1859 3399 2018 3456 sicuti

416 3482 736 3553 praedictum
779 3495 891 3555 est,
940 3489 1146 3545 nullum
1188 3505 1373 3559 nosse,
1427 3490 1530 3545 nisi
1565 3491 1741 3547 solum
1769 3491 2014 3549 Patrem.

418 3570 597 3643 Ipsum
624 3590 756 3631 vero
784 3576 979 3635 Filium
1008 3580 1295 3637 Dominum
1323 3590 1380 3639 et
1401 3582 1571 3638 Deum
1600 3592 1867 3651 nostrum,
1894 3600 2017 3641 car-

418 3683 544 3724 nem
571 3685 669 3725 seu
697 3686 912 3743 corpus,
944 3673 1049 3729 hoc
1078 3684 1161 3731 est
1178 3675 1453 3732 hominem
1476 3679 1850 3749 assumpsisse,
1877 3678 2017 3735 sicut

413 3767 472 3818 et
490 3762 712 3833 angelus
731 3765 1088 3833 annuntiavit,
1118 3775 1176 3823 et
1199 3783 1389 3825 omnes
1414 3768 1701 3840 Scriptum
1721 3771 1937 3839 docent,
1959 3778 2019 3829 et

412 3853 649 3910 maxime
694 3855 812 3926 ipse
849 3854 1144 3927 Apostolus
1187 3857 1377 3914 doctor
1422 3860 1705 3927 gentium:
1734 3860 2010 3918 hominem

410 3948 703 4018 assumpsit
712 3946 959 4005 Christus
980 3964 1049 4005 ex
1068 3949 1236 4005 Maria
1257 3948 1492 4020 Virgine,
1519 3966 1616 4022 per
1634 3966 1794 4021 quem
1820 3968 2013 4024 passus

409 4044 513 4094 est.
558 4039 709 4109 Apex
740 4048 920 4096 autem
952 4042 1120 4097 totius
1148 4041 1272 4097 fidei
1311 4050 1367 4097 et
1394 4041 1788 4099 firmamentum
1816 4052 1918 4110 est,
1949 4053 2008 4100 ut

408 4127 642 4186 Trinitas
687 4140 932 4188 servetur
971 4148 1207 4205 semper,
1251 4134 1391 4190 sicut
1432 4134 1485 4189 in
1520 4134 1819 4205 Evangelia
1868 4135 2006 4207 legi-

404 4232 525 4277 mus
556 4240 569 4276 :
602 4221 801 4278 Euntes
825 4224 1001 4279 docete
1028 4242 1206 4281 omnes
1231 4236 1428 4299 gentes,
1477 4226 1802 4298 baptizantes
1832 4245 1920 4283 eos
1948 4230 2005 4285 in

404 4315 612 4368 nomine
656 4314 854 4383 Patris,
902 4326 952 4371 et
990 4316 1149 4383 Filii,
1199 4328 1251 4373 et
1298 4317 1529 4389 Spiritus
1575 4319 1743 4374 sancti
1782 4317 2000 4391 (Matth.

408 4421 600 4471 xxvm,
636 4405 749 4476 l9).
778 4406 992 4477 Integer
1020 4419 1202 4467 autem
1228 4418 1389 4479 atque
1414 4407 1683 4481 perfectus
1707 4417 1789 4466 est
1814 4426 1999 4468 nume-

403 4512 496 4553 rus
540 4496 839 4558 Trinitatis.
884 4500 1199 4559 Paracletus
1228 4517 1358 4559 vero
1399 4502 1632 4574 Spiritus
1660 4512 1878 4559 sanctus
1905 4520 2002 4577 per

2126 3306 2363 3362 tionibus
2392 3315 2517 3361 tunc
2538 3306 2695 3362 editis
2717 3306 2993 3361 consensit
3016 3314 3178 3376 atque
3203 3307 3541 3377 subscripsit.
3575 3306 3723 3361 Hunc

2122 3413 2252 3467 ergo
2297 3398 2585 3453 terminum
2628 3398 2934 3455 habuerunt
2979 3412 3101 3467 quae
3152 3406 3278 3453 tunc
3326 3399 3531 3453 Sirmio
3577 3406 3719 3467 gesta

2122 3499 2446 3549 noscuntur.
2480 3490 2781 3562 Imperator
2823 3499 3003 3547 autem
3029 3490 3378 3547 Constantius
3409 3492 3720 3547 morabatur

2120 3583 2175 3640 in
2204 3584 2423 3649 Sirmio,
2469 3593 2525 3641 et
2549 3584 2707 3652 belli,
2752 3584 2897 3656 quod
2923 3585 3216 3656 gerebatur
3242 3593 3436 3641 contra
3464 3585 3718 3654 Magnen-

2119 3679 2289 3743 tium,
2331 3678 2683 3749 exspectabat
2712 3687 2988 3734 eventum.
3021 3677 3319 3744 Socna'rzs,
3349 3677 3439 3734 lib.
3488 3694 3552 3745 tt,
3601 3693 3713 3746 cap.

2118 3771 2205 3827 ἥ.
2236 3770 2386 3829 Edit.
2412 3770 2605 3827 Christ.
2646 3770 2821 3827 Vales.
2854 3788 2971 3843 cap.
3004 3772 3091 3839 5i,
3121 3790 3173 3843 p.
3207 3770 3330 3827 126.

2756 3901 2985 3959 CAPUT
3023 3902 3089 3958 Χ.

2200 4016 2279 4074 De
2307 4015 2612 4090 Magnentio
2632 4024 2857 4089 tyranno
2886 4026 2937 4072 et
2976 4017 3040 4072 de
3075 4016 3354 4089 tyrannide
3384 4016 3622 4087 Sgloani.

2181 4130 2393 4191 Interea
2413 4130 2751 4202 Magnentius
2766 4131 2833 4186 ad
2846 4132 3113 4187 seniorem
3132 4132 3450 4202 perveniens
3468 4130 3708 4200 Romam,

2111 4227 2314 4283 multos
2334 4227 2567 4297 peremit
2585 4234 2895 4281 senatorum
2907 4239 2971 4280 ac
2998 4224 3200 4296 populi.
3227 4222 3291 4278 Et
3307 4238 3609 4292 agnoscens
3635 4224 3712 4277 vi-

2110 4319 2264 4377 cinos
2285 4333 2406 4375 esse
2444 4326 2633 4375 contra
2690 4332 2750 4373 se
2773 4316 3074 4373 Constantii
3117 4318 3336 4383 milites,
3361 4317 3619 4373 abscessit
3648 4313 3714 4369 ad

2108 4410 2307 4469 Gallias
2330 4412 2499 4483 partis
2523 4412 2894 4468 occidentalis.
2923 4411 3169 4481 Cumque
3222 4411 3335 4467 illic
3386 4410 3588 4466 bellum
3612 4423 3712 4465 sat.

2104 4503 2228 4575 pius
2252 4504 2394 4560 inter
2420 4504 2712 4560 alterutros
2738 4512 3076 4569 exercerent,
3107 4503 3268 4559 modo
3310 4503 3422 4570 isti,
3453 4502 3618 4558 modo
3638 4500 3712 4557 illi

403 4587 596 4643 Filium
639 4590 852 4658 missus,
903 4593 1051 4649 venit
1098 4594 1393 4650 secundum
1441 4595 1886 4664 promissionem,
1938 4603 2000 4653 ut
2028 4597 2341 4697 l)victores
2361 4612 2482 4653 esse
2510 4597 2852 4655 videbantur.
2886 4596 3189 4653 Novissime
3239 4604 3420 4651 autem
3472 4594 3711 4649 devictus

402 4681 677 4751 apostolos
699 4689 754 4737 et
778 4698 967 4740 omnes
987 4686 1271 4743 credentes
1307 4688 1691 4744 sanctiﬁcaret.
1722 4688 1816 4744 His
1837 4690 1999 4759 igitur

401 4772 893 4842 cxplanationibus,
918 4775 1079 4829 etiam
1104 4784 1228 4846 post
1247 4776 1647 4832 damnationem
1663 4816 1678 4843 ,
1709 4777 1996 4835 Photinum

399 4866 706 4922 consentire
734 4873 790 4923 et
818 4866 1158 4923 subscribere
1179 4867 1509 4935 suadebant,
1538 4871 1917 4940 promittentes
1945 4871 1998 4929 ei

398 4957 626 5015 reddere
652 4960 1045 5032 episc0patum,
1075 4959 1120 5015 si
1149 4974 1250 5030 per
1270 4960 1643 5029 paenitentiam
1671 4963 1992 5019 anathema-

402 5054 593 5111 tizaret
637 5054 831 5127 dogma
859 5055 1006 5125 quod
1036 5055 1152 5127 ipse
1180 5066 1554 5126 compererat,
1606 5066 1662 5115 et
1705 5059 1761 5115 in
1801 5075 1991 5117 eorum

402 5150 671 5207 sententia
703 5159 1048 5208 consonaret.
1080 5150 1176 5206 llle
1203 5166 1332 5207 vero
1375 5166 1564 5208 eorum
1592 5152 1810 5225 quidem
1858 5169 1988 5225 pro-

396 5244 631 5313 positum
662 5257 773 5298 non
800 5244 1066 5314 suscepit;
1118 5241 1215 5299 sed
1243 5244 1561 5315 provocavit
1587 5259 1683 5301 eos
1711 5244 1778 5299 ad
1806 5244 1994 5316 dispu-

398 5335 643 5391 tandum.
660 5334 1003 5408 Quapropter
1017 5336 1239 5393 definito
1253 5335 1339 5391 die
1354 5336 1698 5407 imperatoris
1715 5337 1994 5392 voluntate

396 5435 769 5483 convenerunt
804 5418 1105 5498 Aprazsentes
1150 5426 1391 5498 episcopi
1433 5438 1491 5482 et
1526 5436 1839 5482 senatorum
1884 5441 1993 5483 non

394 5517 575 5587 pauci,
600 5531 738 5587 quos
766 5524 1100 5590 praeceperat
1127 5516 1320 5573 adesse
1344 5516 1695 5588 disputationi
1723 5516 1987 5589 princeps.

392 5609 541 5667 [nter
577 5628 715 5681 quos
752 5612 952 5668 restitit
990 5611 1220 5668 Pbotino
1267 5610 1521 5679 Sabinus,
1572 5609 1827 5667 Ecclesia:
1870 5618 1997 5669 tunc

397 5702 623 5774 Ancyra:
655 5704 871 5775 praesul,
918 5704 1299 5775 exceptoribus
1340 5718 1501 5759 voces
1528 5718 1719 5760 eorum
1747 5703 1992 5759 conscri-

403 5796 676 5855 bentibus.
702 5799 1004 5870 Magnaque
1019 5800 1317 5855 certamina
1332 5814 1640 5855 sermonum
1654 5799 1794 5855 inter
1805 5807 1996 5855 utram-

396 5902 509 5959 que
563 5897 775 5965 partem
828 5890 971 5950 facta
1024 5898 1344 5961 noscuntur,
1406 5890 1686 5963 victusque
1735 5891 1997 5951 Photinus

2106 4691 2462 4762 Magnentius,
2485 4693 2617 4761 fugit
2639 4693 2693 4748 in
2714 4691 2950 4757 Mirsam,
2968 4690 3112 4763 quod
3133 4698 3217 4746 est
3235 4687 3423 4745 Gallia:
3442 4697 3707 4752 castrum;

2106 4783 2402 4854 vidensque
2432 4798 2560 4840 suos
2588 4783 2787 4837 milites
2828 4782 2983 4852 quasi
3029 4781 3096 4836 de
3136 4779 3441 4852 perditione
3487 4778 3706 4843 tristes,

2104 4882 2256 4932 stans
2278 4857 2507 4931 celsiore
2532 4876 2673 4941 loco,
2701 4890 2797 4930 eos
2820 4874 3093 4929 nitebatur
3110 4871 3456 4928 allocutionis
3476 4884 3704 4927 consue—

2103 4966 2291 5021 tudine
2317 4964 2643 5021 confortare.
2669 4963 2823 5021 Tunc
2848 4964 2926 5019 illi
2948 4964 3187 5019 favorem
3200 4962 3419 5018 solitum
3448 4961 3704 5032 Magnen-

2104 5062 2181 5117 tio
2211 5061 2467 5117 exhibere
2510 5059 2819 5130 praeparati,
2878 5073 2911 5113 e
2938 5058 3153 5113 diverso
3188 5056 3455 5122 nolentes,
3508 5055 3704 5112 clama-

2097 5163 2293 5210 verunt
2319 5168 2509 5211 omnes
2533 5171 2547 5205 :
2571 5150 2853 5209 Constanti
2876 5150 3134 5219 Auguste,
3166 5156 3223 5203 tu
3246 5148 3447 5204 vincas.
3474 5145 3590 5202 Hoc
3610 5162 3703 5201 au-

2097 5247 2308 5315 gurium
2335 5244 2671 5315 Magnentius
2691 5242 2856 5297 traxit
2882 5240 2949 5295 ad
2974 5240 3619 5309 semetipsum,tanquam
3649 5236 3696 5291 ei

2096 5353 2205 5392 non
2235 5337 2490 5392 divinitus
2519 5334 2910 5392 concederetur
2960 5331 3266 5403 imperium.
3317 5329 3386 5385 Et
3416 5337 3700 5403 propterea

2096 5428 2407 5497 relinquens
2435 5434 2673 5481 castrum
2703 5423 2771 5479 ad
2802 5421 3059 5478 ulteriora
3105 5418 3382 5475 tendebat.
3415 5417 3699 5489 Sequenti-

2100 5519 2201 5575 bus
2226 5528 2407 5575 autem
2432 5515 2734 5574 Constantii
2749 5514 3027 5581 militibus,
3056 5513 3195 5569 circa
3221 5510 3508 5568 Seleucum
3545 5524 3697 5565 mon-

2099 5620 2209 5669 tem
2230 5611 2372 5669 facta
2398 5611 2799 5683 congressione,
2827 5609 2975 5665 solus
2998 5607 3204 5679 fugiens
3230 5605 3377 5661 venit
3406 5606 3469 5660 in‘
3492 5602 3699 5674 Lugdu-

2098 5719 2320 5761 nensem
2378 5703 2600 5769 urbem;
2656 5700 3100 5771 comperiensque
3152 5712 3304 5752 suam
3356 5705 3585 5751 matrem
3643 5697 3699 5747 et

2100 5796 2340 5863 fratrem,
2366 5810 2527 5865 quem
2556 5793 2826 5850 Caesarem
2840 5792 3210 5854 constituerat,
3234 5786 3567 5853 interfectos,
3599 5797 3696 5839 no-

2066 5888 2319 5977 »vissime
2340 5886 2611 5949 interfecit
2636 5894 2694 5947 et
2719 5884 3088 5957 semetipsum,
3118 5880 3404 5950 consulatu
3428 5878 3690 5937 Constan-
