3964 6348
179 1444 195 1481 ι

174 1486 200 1561 ι

183 1590 201 1665 l

230 336 332 398 993

1306 332 1625 393 HISTORIA
1664 333 2104 393 TRIPARTITA.
2146 336 2352 396 LIBER
2389 341 2456 398 ν.

3410 356 3518 417 994

229 449 286 506 ui
312 452 489 512 sexto,
520 453 575 501 et
615 444 923 502 Constantis
971 443 1109 501 Galli
1156 447 1396 503 sec‘undo
1456 448 1547 521 (Id
1574 456 1670 515 est,
1720 464 1812 502 an.
1841 450 1894 511 Α
1920 446 2065 504 ditus
2092 449 2236 505 enim
2264 452 2673 524 aliquantulum,
2716 457 3094 519 Alexandriam
3134 479 3383 524 reversus
3409 478 3515 527 est.

229 540 380 598 Dom.
413 537 565 609 353),
588 538 809 608 Augusti
830 537 916 593 die
936 539 1122 608 quinto
1139 538 1369 595 decimo.
1395 537 1509 595 Non
1534 547 1658 610 post
1686 538 1824 595 mul-

228 642 339 690 tum
365 647 497 689 vero
524 639 755 703 tempus,
788 630 949 687 etiam
978 631 1284 703 Decentius,
1312 632 1448 688 alter
1475 632 1592 703 ejus
1634 631 1823 696 frater,

232 723 578 793 semetipsum
608 721 980 793 strangulavit.
1010 720 1117 777 Sed
1144 737 1319 791 neque
1347 722 1426 779 sic
1440 721 1583 778 circa
1603 736 1823 790 rempu-

228 812 422 870 blicam
445 812 599 882 quies
628 811 792 867 venit.
818 812 948 867 Nam
972 818 1093 884 post
1134 812 1404 883 paululum
1455 811 1595 883 apud
1623 810 1823 869 Gallias

227 903 602 962 Occidentales
629 904 890 976 Sylvanus
920 904 1136 974 quidam
1167 911 1427 975 tyrannus
1464 912 1550 959 est
1576 910 1818 969 exortus,

227 1015 387 1071 quem
410 999 573 1056 duces
597 998 897 1054 Constantii
926 999 1185 1054 velociter
1230 1004 1596 1069 peremerunt.
1618 995 1824 1052 Socru-

226 1108 345 1153 us.
376 1092 468 1148 lib.
526 1108 583 1161 ιι,
609 1108 726 1165 cap.
782 1089 872 1145 27.
921 1088 1071 1146 Edit.
1089 1090 1280 1146 Christ.
1346 1088 1523 1145 Vales.
1550 1106 1668 1160 cap.
1727 1086 1819 1153 52,

227 1202 281 1259 p.
315 1184 436 1240 127.

869 1314 1095 1372 CAPUT
1124 1314 1215 1369 XI.

226 1411 309 1469 De
335 1412 669 1469 resultatione
686 1410 1009 1476 Judaei-um,
1037 1418 1087 1464 et
1112 1410 1176 1463 de
1221 1407 1499 1479 tyrannide
1527 1404 1667 1462 Galli
1703 1404 1821 1464 Cc-

657 1482 794 1537 saris
814 1490 966 1553 atque
986 1482 1351 1552 peremptione.

296 1577 469 1636 Porro
488 1575 656 1633 Judaei
683 1576 735 1630 in
764 1574 1097 1631 Diocaesarea
1145 1572 1441 1627 Palaestinae
1489 1569 1821 1638 resistentes,

223 1670 402 1726 vicina
429 1669 549 1726 loca
580 1666 893 1730 turbabant;
927 1673 983 1719 et
1026 1673 1298 1720 sumentes
1343 1676 1512 1730 arma,
1545 1661 1826 1718 tentabant

223 1760 491 1816 resultare
519 1757 794 1814 Romanis.
820 1755 1074 1811 Posthaae
1095 1756 1275 1824 itaque
1287 1754 1472 1810 Gallus
1494 1752 1673 1809 Caesar
1700 1768 1823 1809 cum

1926 536 1997 592 Et
2024 539 2246 598 veniens
2270 540 2323 596 in
2351 542 2691 601 Antiochiam
2714 547 2900 619 Syriae,
2932 554 3072 609 unde
3092 556 3348 614 oriundus
3374 568 3514 625 erat,

1927 644 1960 684 a
1985 627 2215 687 Leontio
2244 640 2371 697 tunc
2397 632 2746 693 Antiocheam
2784 641 2928 698 urbis
2976 645 3233 718 pontiﬁce
3257 648 3519 710 diaconus

1928 721 2227 779 ordinatur.
2251 722 2404 779 Tunc
2432 738 2560 795 ergo
2581 729 2857 786 venientes
2901 734 2969 790 ad
3004 752 3085 806 se,
3138 738 3519 810 disputationi-

1926 811 2029 905 bus
2057 815 2365 885 sophisticis
2385 817 2654 874 eludebat.
2680 820 2794 878 Hoc
2826 824 2967 879 enim
3005 826 3236 886 faciebat
3286 848 3521 905 sequens

1924 902 2239 976 Categorias
2278 907 2601 975 Aristotelis,
2652 912 2929 984 disputans
2977 926 3034 972 et
3085 920 3328 989 quazdam
3366 902 3521 981 com-

1926 1005 2105 1052 menta
2126 998 2474 1067 concinnans,
2502 1016 2614 1072 quae
2642 1020 2750 1061 non
2780 1007 3062 1076 sentiebat,
3088 1026 3264 1083 neque
3289 1016 3356 1071 ab
3392 1032 3519 1073 eru-

1923 1086 2049 1144 ditis
2075 1088 2432 1147 intentionem
2459 1093 2766 1153 Aristotelis
2797 1110 3110 1170 agnoverat.
3166 1103 3260 1159 Ille
3290 1122 3522 1179 namque

1922 1187 2148 1251 propter
2174 1182 2447 1253 sophistas
2467 1192 2595 1242 tunc
2613 1186 2921 1249 deridentes
2949 1192 3365 1266 philosophiam,
3411 1198 3517 1257 hoc

1925 1283 2064 1360 opus
2125 1270 2415 1342 juvenibus
2462 1279 2866 1339 exercitationis
2927 1288 3091 1342 causa
3152 1290 3521 1360 conseribens,

1924 1358 2266 1451 dialecticam
2284 1365 2540 1436 sophistis
2564 1382 2664 1439 per
2690 1369 2995 1441 hujusmodi
3023 1378 3399 1435 contentiones
3426 1358 3523 1451 ορξ-

1924 1451 2127 1523 posuit.
2149 1450 2570 1527 Contemplativi
2597 1467 2779 1516 autem
2800 1462 3124 1534 philosophi,
3150 1466 3317 1525 libros
3341 1450 3523 1526 Plato-
3572 1462 3590 1486 ’

1925 1543 2010 1598 nis
2031 1551 2089 1599 et
2107 1542 2305 1601 Plotini
2332 1547 2689 1618 declarantes,
2718 1566 2785 1608 ea
2822 1569 2942 1624 quae
2996 1556 3286 1615 artificiose
3314 1560 3383 1616 ab
3404 1560 3526 1616 Ari-

1925 1637 2120 1693 stotele
2142 1648 2270 1694 sunt
2297 1642 2606 1713 conscripta
2624 1644 2976 1713 redarguunt.
3007 1646 3116 1704 Sed
3152 1649 3339 1707 Aetius
3391 1666 3526 1708 con-
3592 1666 3595 1669 '

1925 1729 2297 1798 templativum
2326 1730 2609 1791 doctorem
2636 1749 2744 1791 non
2767 1737 2994 1807 habens,
3019 1739 3075 1794 in
3105 1743 3523 1799 commentatio-

223 1849 526 1907 Antiochiae
553 1849 791 1919 degeret,
814 1846 1057 1902 exercitu
1082 1820 1350 1902 destinato
1389 1859 1485 1901 eos
1512 1844 1817 1914 apprehen-

1933 1820 2079 1878 nibus
2104 1823 2411 1919 sophisticis
2449 1826 2778 1897 perduravit.
2807 1828 3169 1897 Quamobrem
3195 1849 3297 1890 nec
3325 1833 3528 1890 intelli-

222 1942 326 2012 dit,
372 1941 751 2012 civitatemque
797 1939 1046 1995 vastavit.
1086 1936 1328 2006 Cumque
1373 1935 1646 1992 videretur
1719 1934 1823 1991 sibi

222 2049 486 2105 prospere
508 2032 754 2104 gessisse,
780 2030 1092 2087 felicitatem
1114 2045 1220 2084 non
1250 2026 1448 2095 ferens,
1481 2027 1708 2085 accessit
1756 2026 1825 2083 ad

224 2124 587 2198 tyrannidem.
619 2121 683 2177 Et
712 2139 820 2178 non
848 2122 1121 2178 insinuans
1142 2121 1451 2193 imperatori
1470 2136 1622 2176 suam
1650 2120 1827 2175 inten-

222 2219 453 2282 tionem,
483 2226 808 2287 quaastorem
827 2214 1091 2271 vocabulo
1112 2213 1382 2283 Magnum,
1400 2213 1827 2269 etDomitianum

222 2312 544 2383 praefectum
571 2307 806 2364 Orientis
835 2307 1050 2364 occidit.
1074 2305 1154 2362 Ob
1203 2322 1365 2378 quam
1387 2321 1501 2361 rem
1558 2304 1829 2360 Constan-

223 2405 340 2460 tius
360 2404 685 2474 indignatus,
716 2401 1127 2475 ev_ocaviteum.
1158 2399 1260 2467 Qui
1313 2415 1435 2456 cum
1480 2406 1831 2455 contemnere

224 2512 343 2553 non
366 2496 588 2561 valeret,
621 2495 877 2565 pergebat
904 2492 975 2548 ad
1004 2492 1321 2564 principem.
1349 2490 1596 2562 Cumque
1639 2498 1830 2548 contra

224 2586 459 2643 insulam
485 2586 872 2643 Flaconensem
892 2585 1148 2652 venisset,
1180 2599 1304 2640 eum
1342 2584 1450 2639 illic
1481 2582 1832 2640 Constantius

226 2679 490 2751 prmeepit
514 2678 768 2734 interimi.
819 2682 1122 2746 Socnarss,
1163 2676 1257 2733 lib.
1285 2690 1344 2744 ιι,
1398 2692 1516 2748 cap.
1549 2673 1640 2737 27.
1679 2673 1829 2731 Edit.

231 2768 431 2827 Christ.
454 2770 629 2827 Vales.
662 2785 777 2841 cap.
802 2768 892 2833 33,
916 2786 969 2840 p.
994 2766 1121 2823 I28.

850 2900 1084 2958 CAPUT
1121 2900 1237 2958 XII.

306 2998 387 3055 De
413 2998 631 3054 Iuliano
654 2995 879 3062 Caesare,
909 3005 959 3121 ει
997 2994 1135 3075 quod
1176 2994 1321 3050 Iulio
1351 2993 1653 3051 successerit
1676 2991 1763 3049 Li-

941 3083 1099 3120 enus.

941 3083 1099 3120 ενιιιε.

1923 1930 2053 1987 gere
2071 1917 2246 1987 potuit
2268 1919 2543 1988 quomodo
2567 1920 2638 1976 sit
2663 1919 2899 1992 ingenita
2923 1925 3218 1992 generatio,
3252 1932 3310 1982 et
3330 1940 3526 1997 quem-

1925 2010 2216 2067 admodum
2258 2012 2404 2083 quod
2442 2014 2682 2070 nascitur
2734 2023 3059 2072 coaeternum
3104 2019 3177 2073 sit
3220 2018 3525 2090 generanti.

1927 2101 2124 2159 Parum
2152 2117 2280 2173 ergo
2308 2104 2544 2162 imbutus
2571 2114 2691 2162 erat
2718 2107 2924 2175 Aetius,
2951 2118 3008 2165 et
3051 2109 3354 2167 divinarum
3382 2112 3527 2169 litte-

1926 2209 2109 2251 rarum
2135 2196 2373 2266 ignarus,
2428 2199 2804 2257 tantummodo
2825 2200 2881 2256 in
2907 2203 3345 2260 contentionibus
3392 2218 3530 2275 prte-

1930 2296 2171 2357 paratus,
2205 2288 2349 2359 quod
2372 2289 2537 2344 etiam
2558 2290 2783 2360 quilibet
2809 2293 3041 2349 rusticus
3093 2292 3273 2351 facere
3326 2304 3523 2365 potest.

1929 2378 2000 2435 Et
2021 2379 2148 2435 dum
2178 2394 2281 2437 nec
2300 2389 2532 2449 veteres,
2555 2382 2650 2453 qui
2688 2382 2903 2455 eloquia
2956 2383 3264 2442 Christiana
3312 2384 3529 2443 fuerant

1929 2470 2289 2542 interpretati,
2317 2472 2556 2543 legisset,
2595 2475 2871 2532 asserebat
2896 2490 2957 2533 se
3000 2477 3231 2533 multum
3294 2478 3531 2547 gaudere

1930 2562 2082 2619 libris
2109 2562 2403 2621 Clementis
2429 2572 2486 2620 et
2504 2564 2761 2632 Africani,
2784 2582 2887 2624 nec
2936 2583 3046 2624 non
3098 2567 3363 2638 Origenis,
3406 2584 3531 2625 cum

1932 2657 2121 2726 utique
2134 2656 2337 2712 fuerint
2363 2658 2441 2713 illi
2466 2659 2566 2714 viri
2587 2660 2754 2716 totius
2780 2662 3058 2733 sapientia:
3084 2663 3373 2719 virtutibus
3401 2678 3529 2721 eru-

1933 2744 2052 2801 diti.
2075 2745 2230 2803 Fecit
2257 2746 2420 2816 igitur
2443 2749 2490 2804 is
2525 2750 2782 2821 epistolas
2831 2752 2899 2807 ad
2954 2752 3334 2824 imperatorem
3386 2753 3531 2810 Con-

1933 2837 2214 2904 stantium,
2245 2837 2409 2910 265.
2436 2846 2491 2894 et
2520 2839 2588 2894 ad
2631 2841 2766 2896 alios
2814 2842 3099 2911 quosdam,
3153 2845 3532 2900 contentiones

1854 2962 1860 2971 η
1934 2926 2225 2983 involvens
2264 2936 2320 2983 et
2345 2928 2590 2998 quzedam
2629 2943 2936 2987 commenta
2977 2932 3287 2990 conﬁciens.
3329 2933 3533 3001 Quam-

1936 3017 2123 3074 obrem
2171 3018 2336 3074 etiam
2388 3019 2519 3076 Sine
2559 3020 2670 3078 Deo
2691 3023 3005 3081 vocabatur.
3047 3024 3115 3081 Et
3159 3024 3287 3082 licet
3338 3026 3527 3081 eadem

1936 3122 2057 3178 qua:
2076 3107 2235 3164 Arius
2260 3109 2579 3178 vindicaret,
2612 3120 2792 3168 tamen
2840 3129 2872 3168 a
2912 3115 3023 3171 suis
3064 3130 3176 3171 non
3227 3114 3530 3171 valentibus

307 3180 439 3237 Post
463 3180 740 3252 paululum
758 3194 890 3236 vero
916 3187 1126 3249 tempus
1164 3177 1513 3232 Constantius
1556 3176 1828 3234 lulianum

1933 3176 2239 3271 intelligere
2259 3176 2637 3275 perplexiones
2656 3207 3088 3278 syllogismorum
3118 3209 3256 3279 ejus,
3278 3225 3401 3265 cum
3439 3224 3532 3265 ea-

227 3271 372 3327 Galli
395 3272 613 3328 fratrem
642 3271 910 3327 Caesarem
963 3270 1318 3338 constituens,
1346 3278 1533 3324 contra
1572 3269 1831 3325 barbaros

227 3361 430 3418 direxit
458 3364 513 3417 in
537 3361 758 3417 Gallias.
789 3359 975 3416 Gallus
993 3376 1146 3426 vero,
1192 3362 1284 3432 qui
1309 3368 1364 3415 et
1420 3359 1685 3415 Constans
1704 3375 1829 3432 sep-

228 3453 367 3510 timo
379 3452 677 3509 Constantii
691 3453 976 3509 consulatu
998 3452 1148 3507 etsui
1171 3452 1329 3507 tertio
1353 3452 1478 3522 (An.
1495 3450 1652 3505 Dom.
1674 3449 1829 3522 554),

227 3546 307 3602 ita
336 3547 638 3617 perimitur.
666 3543 908 3601 Julianus
938 3546 1184 3614 sequenti
1224 3544 1509 3600 consulatu
1535 3543 1831 3599 Arbitionis

227 3647 287 3693 et
314 3636 511 3693 Iuliani
535 3638 743 3712 [legeex
770 3635 919 3691 Cass.
940 3635 1156 3703 Chron.,
1182 3635 1452 3708 Lolliaui],
1486 3635 1832 3691 constituitur

226 3729 433 3797 Caesar,
466 3731 555 3785 die
604 3731 834 3801 septimo
886 3729 1099 3784 mensis.
1140 3728 1477 3783 Novembris.
1530 3728 1829 3791 Socanss,

227 3822 323 3877 lib.
351 3838 410 3887 ιι,
440 3839 557 3893 cap.
588 3822 680 3876 27.
714 3821 859 3876 Edit.
887 3820 1079 3876 Christ.
1126 3819 1297 3875 Vales.
1348 3838 1463 3892 cap.
1502 3819 1589 3886 54,
1620 3838 1674 3890 ρ.
1705 3818 1828 3874 128.

302 3915 542 3971 Sublatis
572 3917 753 3987 itaque
779 3915 1041 3987 tyrannis,
1071 3915 1310 3983 requiem
1328 3914 1592 3969 malorum
1616 3912 1834 3969 videba-

226 4016 323 4066 tur
343 4009 546 4065 habere
574 4009 954 4075 Constantius;
986 4017 1047 4083 et
1068 4008 1321 4063 deserens
1342 4006 1616 4072 Sirmium,
1644 4006 1833 4062 venie-

222 4101 326 4158 bat
356 4102 425 4157 ad
450 4103 719 4158 seniorem
749 4102 1000 4171 Romam,
1045 4101 1155 4156 illic
1194 4100 1381 4156 volens
1404 4101 1734 4170 triumphum
1764 4099 1833 4156 de

223 4194 530 4266 tyrannicis
551 4208 808 4249 exercere
858 4192 1141 4247 manubiis.
1172 4188 1412 4246 Credens
1439 4198 1618 4244 autem
1648 4204 1714 4244 ea
1734 4204 1831 4245 oc-

224 4286 456 4342 casione
482 4301 641 4359 posse
669 4285 947 4352 utriusque
974 4283 1143 4354 partis
1170 4282 1456 4351 episcopos
1484 4281 1539 4334 in
1580 4280 1836 4349 dogmate

224 4377 587 4440 concordare,
622 4390 807 4429 rursus
834 4372 1100 4443 synodum
1153 4372 1208 4427 in
1252 4371 1404 4426 Italia
1451 4369 1834 4427 celebrandam

172 4484 175 4485 '
227 4481 357 4523 esse
386 4466 683 4523 constituit.
718 4465 926 4520 Interea
947 4462 1117 4518 Julius
1160 4477 1318 4533 papa,
1354 4477 1475 4518 eum
1523 4460 1832 4531 quindecim

1933 3292 2057 3348 dem
2083 3308 2203 3363 qua:
2226 3293 2319 3349 ille
2341 3302 2576 3365 saperet,
2606 3297 2895 3364 putabatur
2935 3298 3242 3354 hasrcticus.
3299 3296 3365 3353 Et
3405 3314 3532 3369 pro-

1933 3392 2120 3456 pterea
2147 3400 2336 3440 eorum
2360 3386 2544 3456 pulsus
2572 3385 2811 3443 Ecclesia
2861 3389 3202 3456 credebatur,
3260 3405 3382 3445 eum
3417 3390 3533 3460 ipse

1933 3478 2039 3533 illis
2069 3479 2249 3549 potius
2274 3480 2675 3536 communicare
2695 3482 2976 3538 noluisset.
2999 3482 3269 3539 Hactenus
3301 3483 3443 3538 enim
3466 3498 3534 3537 ex

1934 3569 2040 3625 illis
2067 3570 2304 3639 suntqui
2333 3577 2463 3625 tunc
2480 3571 2698 3641 quidem
2744 3572 2977 3643 Aetiani,
3026 3589 3169 3630 nunc
3216 3582 3396 3629 autem
3428 3571 3537 3628 Eu-

1934 3663 2176 3720 nomiani
2203 3672 2483 3719 vocantur.
2516 3664 2826 3721 Posteriore
2862 3682 3094 3737 namque
3141 3675 3387 3739 tempore
3424 3665 3535 3721 Eu-

1938 3756 2155 3812 nomius
2177 3757 2419 3812 notarius
2442 3757 2578 3826 ejus,
2604 3758 2847 3814 eruditus
2870 3759 2937 3814 ab
2966 3774 3052 3823 eo,
3071 3760 3361 3815 editionem
3417 3757 3535 3827 ejus

1936 3848 2246 3905 luereticam
2275 3850 2589 3920 divulgavit.
2622 3850 2728 3907 Sed
2758 3852 2826 3906 de
2855 3851 3121 3908 Eunomio
3168 3853 3301 3907 locis
3328 3865 3527 3906 conve-

1935 3942 2208 3997 nientibus
2235 3943 2667 4011 explanabimus.
2690 3942 2990 4012 Securus,
3030 3943 3122 4001 lib.
3153 3960 3213 4015 ιι,
3265 3960 3384 4016 cap.
3438 3942 3529 4001 28.

1938 4031 2082 4092 Edit.
2107 4033 2301 4091 Christ.
2323 4034 2499 4091 Vales.
2529 4052 2646 4108 cap.
2674 4036 2764 4103 35,
2792 4055 2847 4107 p.
2877 4034 2999 4092 129.

2539 4167 2768 4226 CAPUT
2786 4166 2922 4227 XIV.

2401 4279 2483 4337 De
2510 4279 2746 4338 Inimicis
2769 4282 3070 4339 Athanasii.

2007 4391 2215 4448 Inimici
2242 4391 2460 4464 quidem
2490 4392 2634 4460 ﬁdei,
2666 4401 2918 4464 putantes
2940 4409 3001 4451 se
3029 4403 3242 4467 tempus
3258 4394 3534 4455 invenisse

1937 4494 2127 4543 contra
2148 4485 2459 4542 defensores
2487 4485 2621 4556 ejus,
2667 4487 2824 4543 valde
2860 4487 2999 4559 apud
3042 4488 3343 4561 principem
3380 4489 3535 4548 labo-

226 4558 392 4614 annis
421 4557 720 4613 Romanam
743 4556 973 4611 rexisse‘
991 4552 1572 4652 Είῖξῖιθδίίλωνωοξίξῗίί*
1598 4552 1833 4652 (ἷξξδυθ
1862 4591 1913 4652 1)
1937 4578 2131 4634 rabant
2155 4586 2217 4634 ut
2241 4577 2310 4634 de
2332 4552 2611 4634 Eeclesiisv
2635 4552 2964 4648 pellerentur
3017 4552 3207 4637 omnes
3219 4552 3329 4651 'qui
3359 4580 3427 4636 ab
3455 4580 3535 4637 eis

225 4649 399 4704 cessit
419 4646 681 4703 Liberius.
715 4646 1013 4714 Scaeam,
1042 4644 1134 4701 lib.
1154 4660 1226 4712 tv,
1248 4661 1364 4715 cap.
1400 4644 1450 4698 7.
1468 4641 1614 4699 Edit.
1632 4643 1823 4699 Christ.

235 4739 419 4795 Vales.
448 4757 564 4811 cap.
595 4738 651 4806 8,
678 4756 734 4810 p.
765 4736 891 4792 545.

838 4846 1068 4903 CAPUT
1096 4846 1233 4904 XIII.

776 4941 854 4997 De
881 4944 1026 4997 Aetio
1051 4944 1313 4998 hwretico.

303 5034 472 5105 Igitur
499 5035 554 5090 in
574 5016 859 5091 Antiochia
881 5033 1051 5107 Syriae
1075 5035 1212 5090 alter
1227 5033 1610 5091 bmresiarcbus
1657 5047 1831 5089 emero

229 5127 308 5185 sit
332 5126 537 5195 Aetius,
570 5135 931 5197 cognomento
959 5127 1091 5184 Sine
1144 5127 1258 5184 Deo
1287 5127 1411 5200 (An.
1462 5125 1617 5182 Dom.
1675 5124 1828 5199 356).

230 5220 286 5277 Is
314 5221 460 5277 enim
489 5222 682 5277 eadem
706 5236 826 5293 quae
846 5220 1004 5276 Arius
1052 5220 1335 5291 sapiebat;
1366 5219 1463 5275 sed
1499 5220 1567 5274 ab
1616 5218 1831 5274 Arianis

232 5327 298 5371 se
322 5312 664 5384 segregabat,
692 5328 760 5368 eo
780 5310 926 5381 quod
948 5311 1136 5367 Arium
1161 5311 1214 5366 in
1234 5326 1334 5367 sua
1352 5309 1731 5378 communione
1744 5324 1831 5365 re-

234 5406 527 5475 cepissent.
558 5404 683 5473 Qui,
712 5403 869 5459 sicuti
893 5403 1201 5473 pmdictum
1230 5411 1331 5468 est,
1362 5402 1506 5457 aliud
1530 5410 1712 5459 mente
1736 5416 1832 5473 ge-

234 5511 386 5563 rens,
410 5496 555 5551 aliud
576 5510 712 5551 voce
734 5495 1013 5556 confessus
1041 5501 1155 5561 est;
1180 5493 1307 5549 dum
1335 5493 1623 5549 terminum
1669 5508 1833 5565 syno-

233 5587 297 5647 di
313 5587 541 5647 Nicena:
564 5588 864 5658 suscipiens
890 5586 1310 5657 subseripsisset,
1335 5586 1523 5642 volens
1535 5586 1834 5643 circumve-

239 5679 360 5737 nire
388 5690 516 5738 tune
534 5681 865 5754 principem;
896 5688 1184 5752 propterea
1213 5695 1342 5750 ergo
1366 5679 1596 5737 Arianos
1645 5680 1834 5738 Aetius

238 5771 565 5830 declinabat.
596 5773 725 5830 Erat
745 5788 976 5845 namque
997 5774 1043 5829 is
1064 5773 1249 5830 Aetius
1277 5774 1428 5843 prius
1447 5773 1752 5840 haereticus,
1777 5780 1835 5830 et

242 5860 638 5924 ferventissime
656 5864 943 5926 defendere
980 5863 1094 5924 Arii
1133 5864 1339 5936 dogma
1357 5863 1662 5931 videbatur.
1694 5861 1835 5925 Eru—

1935 4670 2256 4726 videbantur
2279 4684 2403 4726 esse
2431 4669 2684 4740 depositi,
2714 4677 2969 4740 tanquam
3014 4671 3235 4729 alterius
3262 4671 3415 4739 fidei;
3445 4671 3535 4728 vel

1935 4762 2085 4834 quia,
2115 4762 2238 4817 vivo
2264 4760 2585 4831 Constante,
2612 4761 2925 4833 imperatori
2950 4762 3270 4819 Constantio
3298 4761 3533 4819 restitis-

1935 4861 2078 4917 sent,
2102 4852 2176 4907 ita
2199 4860 2260 4907 ut
2284 4851 2473 4908 fuisset
2495 4866 2635 4923 pene
2671 4852 2741 4909 ad
2766 4852 2908 4909 bella
2935 4862 3277 4925 proventum.
3334 4850 3533 4909 Praeci-
3559 4914 3564 4927 ι

1938 4962 2043 5018 pue
2073 4955 2255 5002 tamen
2282 4944 2637 5002 Athanasium
2665 4946 3014 5013 accusabant,
3042 4946 3169 5017 quia
3195 4943 3407 5001 invidia:
3457 4944 3537 5000 ni-

1939 5038 2180 5105 mietate,
2202 5052 2379 5108 neque
2405 5036 2701 5094 Constante
2724 5039 2867 5105 vivo,
2898 5045 2954 5093 et
2972 5036 3291 5093 Constantio
3315 5049 3440 5092 eum
3473 5048 3534 5091 se

1939 5126 2163 5197 diligere
2189 5126 2499 5198 proﬁtente,
2528 5128 2599 5183 ab
2615 5128 2735 5199 ejus
2761 5126 3010 5183 molestia
3052 5125 3404 5193 recedebant;
3434 5124 3533 5181 sed

1941 5217 2244 5276 Antiochiae
2294 5221 2607 5291 congregati
2653 5218 2932 5276 Narcissus
2971 5217 3114 5273 Cilix
3142 5258 3162 5287 ,
3214 5214 3534 5273 Theodorus

1939 5309 2201 5377 Thraciae,
2224 5309 2569 5381 Theogonius
2596 5310 2861 5376 Niannus,
2912 5306 3257 5379 Patrophilus
3293 5306 3533 5379 Scytho«

1936 5403 2147 5476 poleos,
2175 5403 2557 5475 Minophantus
2579 5402 2859 5474 Ephesius,
2887 5409 2946 5458 et
2985 5401 3076 5457 alii
3102 5401 3249 5459 circa
3279 5400 3528 5473 triginta,

1938 5498 2267 5568 scripserunt
2294 5513 2483 5556 omnes
2528 5497 2789 5555 universis
2832 5496 3106 5567 episcopis
3135 5496 3298 5569 :quis
3340 5501 3533 5551 eontra

1940 5592 2252 5647 sanctiones
2299 5590 2695 5647 ecclesiasticas
2755 5588 3136 5646 Alexandriam
3210 5594 3529 5655 remeasset,

1941 5697 2044 5738 nec
2072 5682 2126 5737 iu
2148 5683 2377 5739 concilio
2413 5683 2529 5738 sine
2558 5681 2715 5751 culpa
2736 5680 2921 5739 fuisset
2966 5680 3244 5746 inventus;
3274 5686 3331 5736 et
3372 5677 3531 5750 jube-

1940 5773 2072 5830 bant
2092 5783 2150 5831 ut
2177 5789 2355 5845 neque
2380 5773 2844 5831 communicarent
2867 5772 2941 5842 ei,
2961 5786 3137 5844 neque
3163 5771 3362 5843 scripta
3397 5768 3529 5825 diri-

1940 5873 2156 5940 serent,
2175 5864 2273 5927 sed
2290 5864 2547 5942 Georgio,
2563 5864 2661 5940 qui
2685 5864 2755 5926 ab
2780 5865 2862 5928 eis
2888 5860 3065 5925 fuerat
3088 5863 3392 5927 ordinatus.
3415 5858 3545 5951 νοτ
