3972 6516
371 326 481 386 995

1600 321 1673 377 Μ.
1714 316 1990 377 AURELII
2028 314 2425 375 CASSIODORI

3549 313 3660 373 996

369 459 490 500 rum
512 442 808 499 Athanasio
836 440 1011 497 nullus
1033 440 1161 497 hinc
1181 452 1357 496 sermo
1386 438 1505 494 fuit.
1548 438 1845 506 Somnum,
1873 437 1961 493 lib.
1996 441 2045 501 Α
2070 437 2278 491 versis?
2301 436 2429 503 Qua:
2454 433 2685 491 Ecclesia
2716 436 2873 505 hujus
2898 435 3185 508 patrocinii
3202 436 3521 517 memoriam
3548 455 3663 495 non

370 550 445 603 Iv,
469 551 585 605 cap.
622 535 671 587 7.
710 533 851 587 Edit.
877 533 1065 587 Christ.
1104 531 1279 587 Vales.
1315 549 1429 601 cap.
1456 531 1508 595 8,
1536 549 1586 602 p.
1616 530 1741 587 546.

988 644 1217 699 CAPUT
1257 643 1371 702 XV.

652 736 728 791 De
756 737 954 807 synodo
979 736 1121 807 apud
1143 735 1500 792 Mediolanum
1522 739 1682 811 facta.

444 852 610 923 igitur
635 850 848 908 devicto
877 850 1208 919 Magnentio,
1251 863 1374 904 cum
1417 848 1566 905 solus
1620 836 1969 905 Constantius

370 944 742 999 Romanorum
768 942 1035 997 tenuisset
1061 940 1366 1010 imperium,
1398 940 1546 996 omni
1593 940 1773 995 studio
1815 940 1967 995 labo-

368 1036 524 1091 rabat
563 1044 622 1091 ut
649 1033 1023 1091 Occidentales
1051 1032 1292 1104 episcopi
1348 1032 1716 1088 consentirent
1753 1032 1831 1088 eis
1878 1032 1971 1100 qui

371 1127 888 1182 consubstantialem
920 1140 1038 1183 esse
1068 1124 1214 1179 Patri
1268 1124 1463 1180 Filium
1494 1123 1847 1193 denegabant.
1904 1122 1973 1179 Et

370 1222 479 1277 hoc
507 1221 760 1285 iaciebat,
793 1219 981 1275 nolens
1016 1234 1047 1275 a
1095 1218 1390 1289 primordio
1418 1226 1607 1289 aperte
1634 1216 1741 1272 vim
1772 1216 1969 1282 facere,

373 1314 466 1369 sed
496 1314 573 1369 eis
602 1313 795 1369 callide
821 1312 1069 1379 suadere,
1102 1321 1161 1366 ut
1213 1312 1434 1369 decreto
1490 1320 1680 1368 contra
1726 1310 1971 1365 Athana-

374 1408 513 1462 sium
548 1408 614 1461 ab
642 1406 1007 1463 Orientalibus
1033 1406 1305 1477 episc0pis
1354 1405 1539 1462 habito
1579 1404 1969 1461 consentirent.

375 1498 643 1570 Sperabat
665 1500 804 1555 enim
835 1500 961 1569 quia
984 1500 1029 1555 si
1060 1499 1331 1567 communi
1360 1498 1583 1554 decreto
1628 1497 1974 1552 damnaretur

377 1591 723 1658 Athanasius,
758 1591 965 1646 facilius
1022 1607 1175 1646 suam
1225 1591 1559 1646 voluntatem
1605 1591 1658 1644 in
1714 1588 1974 1657 religione

387 1684 487 1753 led.
516 1683 576 1737 V.
610 1683 1114 1756 ctFrob.,regione]
1136 1684 1451 1752 compleret.
1476 1682 1875 1752 Sozousu.,lib.
1900 1696 1971 1745 ιν,

374 1791 494 1846 cap.
519 1775 569 1830 7.
598 1774 746 1830 Edit.
774 1775 961 1830 Christ.
1006 1774 1182 1831 Vales.
1207 1792 1325 1842 cap.
1350 1774 1404 1841 8,
1427 1794 1480 1845 p.
1511 1774 1636 1831 546.

450 1865 599 1923 Tunc
621 1866 781 1935 igitur
810 1866 863 1921 in
891 1865 1101 1923 italiam
1123 1877 1493 1923 convenerunt
1512 1868 1748 1939 episcopi
1780 1865 1973 1922 Orien-

375 1957 562 2023 talium
585 1972 693 2021 non
726 1956 899 2020 multi,
932 1957 1186 2024 quoniam
1216 1957 1477 2027 plurimos
1495 1974 1684 2015 eorum
1715 1968 1809 2015 aut
1827 1974 1979 2014 sene-

374 2056 493 2103 ctus
514 2057 604 2104 aut
636 2048 845 2105 itineris
880 2048 1157 2117 longitudo
1209 2048 1499 2118 prohibuit.
1550 2049 1976 2107 Occidentalium

375 2154 506 2199 vero
538 2140 675 2194 ultra
706 2147 999 2208 trecentos,
1056 2147 1115 2195 ut
1152 2150 1424 2211 praecepto
1473 2140 1731 2213 principis
1793 2142 1978 2197 conci-

373 2230 503 2285 lium
525 2229 810 2285 Mediolani
834 2230 1201 2287 celebraretur
1226 2248 1238 2284 :
1265 2232 1356 2286 ubi
1375 2234 1760 2289 convenientes
1787 2231 1977 2288 Orien-

376 2323 534 2387 tales,
565 2332 691 2377 ante
714 2324 893 2377 omnia
924 2331 1112 2379 contra
1160 2323 1512 2379 Athanasium
1558 2324 1833 2379 decretum
1861 2324 1976 2380 fieri

374 2430 660 2471 commune
691 2418 1008 2489 poscebant,
1042 2425 1100 2472 ut
1126 2418 1232 2472 hoc
1270 2418 1413 2472 facto
1463 2418 1678 2487 penitus
1727 2418 1778 2472 ei
1798 2418 1979 2474 aditus

376 2507 715 2563 Alexandrim
744 2508 1105 2564 clauderetur.
1148 2507 1306 2574 Quod
1335 2523 1457 2563 cum
1511 2509 1806 2566 sensissent
1834 2508 1976 2566 Pau-

376 2600 518 2657 linus
548 2600 835 2656 Gallicanae
864 2600 1118 2666 Treviris,
1172 2600 1458 2671 Dionysius
1486 2600 1635 2670 Albae
1661 2600 1977 2670 metrOpolis

377 2694 658 2763 italorum,
682 2706 736 2750 et
763 2694 1024 2755 Eusebius
1051 2694 1410 2751 Verccliensis
1454 2696 1715 2766 episcopi,
1758 2698 1885 2765 quia
1910 2696 1979 2753 ad

375 2787 798 2845 destructionem
846 2786 972 2851 ﬁdei
1028 2784 1329 2845 Orientales
1373 2794 1563 2843 contra
1625 2788 1978 2845 Athanasium

376 2896 535 2951 agere
563 2881 877 2943 molirentur
908 2898 920 2934 :
954 2888 1240 2950 surgentes
1264 2893 1461 2949 magna
1506 2894 1641 2935 voce
1673 2879 1978 2937 clamabant

375 2973 558 3027 dolum
585 2980 640 3027 et
668 2972 1185 3033 circumventionem
1236 2987 1331 3041 per
1377 2986 1442 3027 ea
1481 2985 1602 3040 qua:
1629 2970 1974 3039 gerebantur,

376 3063 795 3121 Christianitatis
826 3063 1166 3133 dogmatibus
1220 3062 1466 3129 irrogari.
1500 3060 1619 3117 Non
1648 3061 1789 3116 enim
1819 3075 1977 3118 veras

376 3167 563 3213 contra
591 3158 944 3214 Athanasium
968 3158 1154 3227 culpas
1182 3171 1301 3217 esse
1330 3155 1604 3221 dicebant,
1633 3169 1755 3209 cum
1796 3153 1863 3210 ad
1891 3167 1977 3207 re-

2069 527 2269 583 habet?
2298 526 2427 595 Quis
2460 527 2745 597 aliquando
2767 528 2955 583 dolens
2975 546 3096 584 cum
3109 534 3317 585 veniret
3338 532 3481 600 apud
3508 548 3661 601 eum,

2069 636 2177 675 non
2202 619 2462 674 remeavit
2496 620 2694 675 sanus?
2724 619 2853 686 Quis
2882 619 3124 690 indigens
3146 632 3268 677 eum
3290 624 3660 692 petisset,non

2069 714 2266 767 meruit
2292 712 2434 783 quod
2464 712 2741 783 poposcit?
2798 712 2867 768 Et
2894 723 3073 769 tamen
3105 714 3268 769 etiam
3300 724 3489 769 contra
3520 716 3661 772 hunc

2071 806 2197 861 talia
2226 814 2696 875 prmsumpserunt,
2721 806 2847 875 quia
2865 805 3027 876 impia
3050 822 3238 862 eorum
3262 806 3539 862 molimina
3567 823 3661 862 co-

2070 912 2352 967 gnoscens,
2384 899 2554 953 noluit
2585 900 2801 970 propria
2823 900 3215 972 subscriptione
3230 899 3465 958 ﬁrmare.
3478 899 3521 957 Τ
3526 918 3662 958 eeo-

2071 1006 2335 1060 noueras,
2360 991 2448 1045 tib.
2482 1009 2537 1059 ιι,
2566 1009 2681 1061 cap.
2716 990 2805 1059 15,
2832 1011 2884 1065 ρ.
2906 992 2993 1048 90.

2143 1087 2306 1156 igitur
2336 1089 2627 1159 imperator
2657 1088 2779 1145 illos
2807 1088 3022 1157 quidem
3064 1089 3229 1145 mittit
3276 1090 3330 1144 in
3386 1090 3659 1147 exsilium.

2072 1178 2337 1236 Generaie
2386 1198 2517 1237 vero
2547 1182 2837 1237 concilium
2889 1181 3002 1236 ﬁeri
3055 1183 3348 1250 cogitabat,
3399 1192 3665 1251 quatenus

2074 1289 2263 1329 omnes
2284 1273 2585 1330 Orientales
2606 1274 2889 1344 episcopos
2916 1271 3192 1329 venientes
3214 1274 3279 1328 ad
3294 1273 3665 1341 Occidentem,

2073 1366 2119 1420 si
2142 1375 2342 1435 posset,
2374 1365 2674 1421 concordes
2704 1365 2962 1422 eiiiceret.
2996 1364 3297 1432 Quo’d'cum
3328 1372 3553 1435 propter
3574 1365 3665 1418 iti-

2076 1461 2219 1515 neris
2249 1461 2421 1530 spatia
2451 1460 2668 1517 difﬁcile
2685 1460 2981 1528 videretur,
3004 1460 3272 1530 duplicem
3303 1459 3561 1513 tractavit
3586 1474 3665 1529 sy-

2075 1552 2276 1606 nodum
2305 1551 2691 1607 celebrari:ut
2743 1552 2795 1607 in
2842 1552 3084 1607 Arimino
3138 1551 3351 1622 quidem
3410 1551 3528 1605 itali
3575 1553 3664 1621 qui

2076 1650 2205 1696 tunc
2224 1642 2445 1697 aderant
2470 1645 2843 1713 convenirent,
2882 1642 3186 1699 Orientales
3215 1652 3394 1698 autem
3419 1646 3473 1698 in
3502 1644 3651 1700 Nico-

2078 1734 2255 1789 media
2282 1734 2542 1806 Bithyniae
2566 1736 2805 1791 civitate.
2854 1734 2969 1790 Hoc
3000 1752 3129 1806 ergo
3182 1736 3509 1804 imperatore
3561 1744 3667 1789 tra-

2004 1829 2053 1890 B
2081 1836 2280 1895 ctante,
2315 1827 2539 1883 effectus
2562 1845 2667 1884 non
2699 1831 2877 1884 evenit
2908 1837 2965 1883 ut
3004 1829 3191 1883 voluit.
3234 1827 3494 1883 Neutrum
3525 1830 3665 1883 enim

2080 1920 2367 1975 concilium
2396 1920 2609 1975 sibimet
2639 1921 3004 1985 concordavit,
3046 1920 3140 1976 sed
3189 1931 3479 1990 utrumque
3533 1920 3668 1974 divi—

2080 2033 2198 2072 sum
2220 2024 2321 2071 est.
2354 2016 2485 2069 Nam
2508 2031 2684 2084 neque
2713 2016 2959 2070 Arimino
2989 2015 3371 2071 convenientes
3399 2012 3672 2067 alterutris

2080 2110 2222 2163 inter
2260 2123 2316 2161 se
2342 2123 2647 2163 consonare
2676 2116 2984 2179 potuerunt,
3028 2115 3081 2161 et
3118 2102 3422 2162 Orientales
3474 2105 3527 2159 in
3576 2103 3669 2159 Se.

2079 2199 2251 2255 leucia
2284 2199 2497 2253 lsauria:
2526 2200 2861 2268 congregati,
2894 2198 3036 2252 aliud
3063 2196 3292 2252 schisma
3342 2204 3467 2250 sunt
3496 2195 3669 2265 passi;

2080 2294 2222 2363 quod
2254 2311 2351 2351 suo
2380 2294 2501 2349 loco
2521 2294 2846 2348 narrabitur.
2882 2294 3180 2360 Socnuss,
3209 2290 3302 2345 lib.
3334 2308 3393 2356 u,
3416 2306 3533 2363 cap.
3582 2287 3668 2343 29.

2080 2385 2226 2441 Edit.
2261 2385 2453 2441 Christ.
2492 2386 2670 2441 Vales.
2695 2405 2810 2458 cap.
2841 2386 2932 2451 37,
2962 2406 3014 2456 p.
3046 2384 3169 2440 151.

2565 2501 2723 2573 265
2763 2498 2989 2556 CAPUT
3027 2497 3189 2553 xvn.

2080 2611 2337 2685 Dialogus
2387 2614 2521 2685 inter
2552 2612 2835 2685 Liberium
2876 2621 2925 2667 et
2971 2611 3334 2685 Constantium
3382 2621 3541 2682 gestus
3565 2649 3582 2674 ,
3610 2617 3662 2665 et

2253 2684 2505 2754 quomodo
2537 2684 2770 2739 Liberius
2802 2685 2954 2755 fuerit
2982 2684 3168 2739 exsilio
3196 2684 3499 2738 destinatus.

2154 2778 2265 2847 Ego
2293 2779 2507 2847 quidem
2535 2778 2731 2832 Liberii
2752 2792 2849 2847 per
2870 2778 3048 2833 omnia
3070 2778 3409 2835 famosissimi
3434 2776 3673 2833 habitum

2080 2886 2181 2942 pro
2210 2870 2438 2924 veritate
2457 2869 2725 2937 dialogum
2747 2880 2935 2924 contra
2957 2869 3330 2924 Constantium
3356 2869 3482 2923 volo
3510 2868 3672 2924 refer-

2080 2978 2160 3030 re,
2189 2963 2445 3032 quoniam
2477 2978 2506 3015 a
2550 2962 2795 3017 ﬁdelibus
2838 2962 2977 3017 illius
3006 2962 3264 3032 temporis
3308 2970 3392 3016 est
3436 2960 3671 3016 conscri-

2079 3065 2220 3128 ptus.
2254 3057 2303 3110 is
2332 3056 2473 3111 enim
2495 3063 2620 3125 post
2642 3053 2841 3110 Iulium
2869 3054 3125 3127 Sylvestri
3152 3068 3548 3122 successorem,
3570 3052 3675 3107 Ro-

2080 3165 2296 3204 manam
2326 3149 2641 3218 gubernavit
2668 3147 2985 3203 Ecclesium.
3012 3147 3358 3203 Constantius
3387 3147 3678 3217 imperator

378 3249 755 3317 tractationem
814 3248 936 3304 fidei
991 3222 1120 3304 talia
1172 3247 1533 3318 probarentur
1583 3248 1820 3303 inventa.
1871 3244 1982 3301 illis
2008 3222 2052 3283 C
2087 3241 2221 3296 dixit
2251 3259 2264 3295 :
2297 3240 2428 3310 Nos,
2458 3255 2523 3296 eo
2551 3239 2697 3310 quod
2729 3240 3061 3295 Christianus
3081 3240 3152 3296 sis
3181 3247 3235 3294 et
3265 3239 3553 3309 episcopus
3581 3254 3676 3291 no-

356 3357 507 3411 —ergo
536 3341 661 3396 talia
702 3340 1199 3412 proclamantibus,
1250 3338 1538 3395 concilium
1586 3347 1714 3394 tunc
1759 3336 1986 3393 solvitur

378 3433 773 3503 episcoporum.
802 3432 1111 3498 Socasrss,
1148 3428 1237 3486 tib.
1262 3447 1317 3497 ιι,
1343 3428 1564 3500 εαρ.29.
1592 3428 1738 3486 Edit.
1786 3427 1981 3483 Christ.

388 3522 562 3579 Vales.
595 3541 710 3593 cap.
727 3524 817 3592 56,
846 3539 903 3594 p.
930 3522 1055 3578 150.

981 3613 1210 3677 CAPUT
1242 3614 1383 3670 XVI.

423 3705 502 3760 Dc
528 3705 710 3763 exsilio
749 3705 1158 3761 orthodoxorum
1212 3706 1566 3774 episcoporum
1587 3743 1601 3767 ,
1634 3702 1769 3775 quod
1790 3703 1948 3761 Atha-

534 3777 710 3830 nasius
740 3776 794 3829 in
827 3778 964 3848 fuga:
987 3791 1093 3830 suae
1118 3777 1478 3847 satisfactione
1508 3775 1834 3845 conscripsit.

456 3890 708 3961 Deposito
731 3888 993 3958 siquidem
1023 3888 1342 3957 Athanasio,
1384 3888 1547 3945 aliam
1594 3887 1833 3943 haeretici
1864 3885 1983 3942 fidei

384 3997 657 4053 exponere
686 3991 810 4035 sunt
838 3979 943 4036 nisi
972 3980 1294 4043 doctrinam.
1351 3978 1461 4036 Sed
1513 3986 1765 4041 neutrum
1793 3978 1985 4035 horum

383 4075 604 4146 perduci
628 4073 801 4143 potuit
830 4073 895 4126 ad
927 4072 1199 4141 effectum,
1250 4087 1373 4127 cum
1428 4078 1695 4142 praesente
1743 4070 1989 4140 principe

386 4168 711 4222 clamaretur
739 4165 864 4233 quia
894 4164 1089 4234 injuste
1121 4165 1380 4233 agebatur
1405 4171 1460 4218 et
1489 4164 1671 4233 impie.
1700 4162 1816 4229 Quo
1846 4162 1985 4219 facto

384 4269 439 4315 et
468 4260 566 4331 ipsi
587 4258 839 4314 Ecclesiis
862 4268 987 4313 sunt
1013 4259 1220 4327 expulsi
1249 4266 1305 4313 et
1325 4259 1378 4312 in
1403 4258 1603 4312 ultimis
1659 4264 1818 4312 terrae
1861 4257 1984 4311 tini-

386 4354 489 4409 bus
517 4352 761 4407 habitare
789 4350 1066 4420 praecepti.
1101 4350 1255 4417 Quod
1285 4366 1469 4405 rursus
1512 4349 1771 4404 mirabilis
1820 4348 1989 4403 Athas

390 4444 572 4499 nasius
617 4443 721 4503 hoc
769 4442 930 4497 modo
978 4443 1033 4497 in
1085 4441 1177 4498 illa
1233 4440 1599 4501 satisfactione
1674 4440 1983 4496 conscribit.

390 4532 522 4600 Quis
552 4542 755 4589 tantum
782 4533 984 4602 poterit
1012 4547 1313 4588 memorare
1361 4543 1625 4603 quantum
1674 4532 1749 4586 illi
1799 4544 1983 4600 gesse-

2086 3342 2213 3391 stra:
2241 3335 2494 3399 civitatis,
2523 3334 2739 3402 dignum
2757 3334 2861 3389 hoc
2885 3333 3258 3402 judicavimus,
3279 3340 3360 3398 ut,
3388 3340 3677 3404 evocantes

2086 3436 2161 3494 te,
2191 3441 2534 3483 moneremus
2561 3434 2828 3495 quatenus
2859 3426 3290 3481 communionem
3313 3422 3675 3480 scelestissimi

2085 3521 2365 3577 Athanasii
2395 3530 2449 3575 et
2480 3519 2733 3575 ineffabili
2763 3520 3012 3591 superbia
3041 3518 3243 3573 detenti
3276 3519 3546 3587 abnegare
3578 3531 3677 3569 non

2084 3616 2316 3672 differas.
2352 3615 2467 3671 Hoc
2496 3615 2639 3671 enim
2664 3624 2928 3669 terrarum
2958 3613 3102 3669 orbis
3128 3612 3267 3668 bene
3296 3611 3411 3665 fieri
3431 3624 3681 3678 compro-

2083 3709 2249 3777 bavit,
2281 3717 2335 3764 et
2364 3707 2609 3781 synodali
2650 3708 2917 3763 sententia
2948 3707 3179 3761 alienum
3207 3704 3273 3759 ab
3317 3700 3679 3759 ecclesiastica

2088 3802 2473 3856 communione
2519 3799 2776 3853 decrevit.
2828 3797 3073 3852 Liberius
3102 3796 3387 3867 episcopus
3432 3793 3568 3848 dixit
3601 3790 3679 3844 :O

2087 3892 2401 3961 imperator,
2447 3889 2645 3959 judicia
2676 3888 3044 3943 ecclesiastica
3092 3889 3246 3943 decet
3275 3902 3398 3941 cum
3450 3884 3677 3939 maxima

2085 3982 2313 4055 proferri
2327 3983 2553 4052 justitia.
2580 3980 2973 4051 Quaproptersi
2993 3980 3203 4035 videtur
3216 3978 3405 4049 pietati
3427 3985 3551 4038 tum,
3578 3974 3679 4028 dis-

2088 4076 2450 4147 ceptationem
2482 4074 2610 4143 jube
2646 4072 2933 4141 constitui,
2971 4080 3027 4129 et
3053 4072 3098 4127 si
3120 4071 3429 4142 apparuerit
3450 4070 3681 4122 Athana-

2087 4168 2197 4222 sius
2227 4166 2682 4222 condemnatione
2712 4165 2920 4235 dignus,
2953 4174 3083 4219 tunc
3107 4162 3403 4218 secundum
3432 4160 3682 4216 ecclesia-

2089 4259 2236 4315 stica:
2265 4259 2663 4327 consequentia:
2692 4257 2917 4313 formam
2947 4256 3254 4329 proferatur
3295 4256 3348 4310 in
3379 4270 3502 4309 eum
3528 4254 3676 4323 digna

2092 4355 2378 4410 sententia.
2411 4353 2529 4407 Non
2573 4354 2713 4409 enim
2739 4352 2996 4423 possibile
3025 4360 3106 4406 est
3134 4349 3481 4406 condemnari
3514 4348 3679 4403 virum

2090 4446 2157 4501 de
2185 4462 2292 4515 quo
2323 4445 2452 4499 nihil
2479 4446 2844 4500 examinatum
2874 4453 2975 4500 est.
3017 4442 3367 4498 Constantius
3397 4431 3680 4511 imperator

2090 4536 2577 4593 dixitzUniversns
2605 4536 2835 4591 mundus
2889 4534 3209 4605 adiudicavit
3256 4533 3372 4601 ejus
3418 4532 3676 4595 facinora;

389 4624 558 4681 runt?
589 4621 740 4677 Tunc
764 4625 906 4683 enim
956 4622 1209 4679 Ecclesiis
1254 4638 1445 4692 pacem
1488 4623 1808 4677 habentibus
1859 4622 1981 4692 (An.
2010 4619 2062 4679 D
2090 4630 2183 4683 sed
2213 4630 2319 4695 ilic,
2339 4630 2557 4685 sicutab
2588 4630 2761 4697 initio,
2782 4628 3198 4699 tempusilludit.
3225 4627 3466 4682 Liberius
3480 4627 3682 4695 episco-

390 4715 547 4771 Dom.
580 4714 731 4783 560),
762 4724 817 4771 et
839 4717 1047 4786 populis
1076 4734 1172 4789 per
1196 4717 1453 4773 collectas
1490 4717 1789 4780 orantibus,
1848 4731 1986 4787 pon—

392 4806 523 4871 tifex
547 4805 767 4876 quidem
798 4806 1057 4863 Romamn
1113 4809 1257 4864 urbis
1305 4807 1572 4878 Liberius,
1627 4817 1683 4863 et
1731 4805 1988 4862 Paulinus

338 4926 349 4974 ε
395 4899 686 4963 Galliarum
742 4899 1187 4969 metropolitanus
1239 4901 1543 4970 episcopus,
1593 4909 1650 4955 et
1701 4900 1988 4970 Dionysius

391 4992 577 5061 italus,
607 4991 820 5051 Lucifer
845 4993 1295 5063 metropolitanus
1309 4994 1602 5059 insularum
1623 4993 1903 5058 Sardinia,
1929 5000 1986 5049 et

392 5081 656 5145 Eusebius
667 5083 917 5147 exitaiia,
943 5098 1130 5140 omnes
1155 5084 1396 5156 episcopi
1422 5085 1568 5151 boui,
1592 5093 1649 5140 et
1669 5085 1989 5153 praedicato—

394 5189 480 5231 res
506 5176 770 5242 veritatis,
799 5176 1139 5246 abripiuntur
1189 5186 1246 5233 et
1300 5177 1586 5235 traduntur
1631 5178 1845 5244 exsilio,
1871 5178 1989 5232 nul-

396 5267 503 5325 lam
549 5268 811 5337 habentes
855 5271 1093 5341 culpam,
1124 5273 1226 5329 nisi
1255 5273 1380 5341 quia
1420 5273 1475 5327 in
1509 5273 1764 5328 Arianam
1800 5274 1988 5329 nolue-

396 5366 520 5415 runt
539 5361 847 5419 consentire
873 5364 1169 5430 vesaniam,
1207 5379 1384 5433 neque
1433 5364 1489 5418 in
1535 5364 1817 5421 calumniis
1863 5368 1990 5421 sub-

395 5453 728 5525 scripserunt
769 5456 988 5513 nostris.
1036 5456 1116 5513 De
1162 5458 1399 5513 maximo
1446 5466 1627 5513 autem
1682 5466 1738 5514 et
1780 5462 1988 5530 optimo

396 5560 547 5613 sane,
566 5556 623 5603 et
642 5562 773 5605 vere
794 5548 1107 5623 eonfessore
1131 5550 1280 5617 Osio,
1308 5551 1473 5607 etiam
1499 5552 1645 5623 loqui
1660 5553 1987 5623 superﬂuum

396 5638 581 5703 credo.
604 5639 862 5698 Omnibus
881 5643 1024 5697 enim
1072 5653 1261 5699 notum
1315 5652 1398 5699 est
1452 5644 1598 5713 quod
1636 5645 1797 5699 etiam
1844 5645 1990 5699 hunc

398 5728 586 5785 exsilio
608 5730 884 5801 deportari
910 5734 1174 5791 fecerunt.
1204 5736 1323 5791 Non
1371 5737 1515 5791 enim
1572 5738 1837 5805 ignobilis,
1892 5737 1989 5792 sed

400 5823 605 5878 cunctis
632 5826 871 5881 noscitur
897 5842 1021 5885 esse
1047 5828 1383 5883 notissimus.
1436 5829 1537 5884 Cui
1591 5842 1825 5897 namque
1879 5844 1987 5885 non

403 5916 615 5989 praefuit
637 5921 867 5992 synodo,
896 5932 991 5979 aut
1016 5931 1165 5981 recte
1182 5924 1411 5994 loquens
1439 5942 1546 5985 non
1579 5926 1837 5985 satisfecit
1866 5928 1988 5982 uni-

2093 4736 2192 4792 pus
2215 4722 2348 4776 dixit
2366 4740 2377 4774 :
2394 4720 2708 4791 Quicunque
2723 4722 3155 4790 subscripserunt
3182 4737 3286 4775 non
3317 4720 3675 4789 ipsividerunt

2095 4828 2212 4882 quae
2252 4823 2399 4881 gesta
2430 4822 2583 4879 sunt;
2612 4813 2711 4869 sed
2740 4823 2966 4884 propter
3003 4814 3225 4884 gloriam
3255 4822 3310 4867 et
3336 4813 3603 4877 timorem,
3631 4823 3681 4865 et

2095 4921 2162 4960 ne
2189 4922 2217 4959 a
2245 4914 2295 4960 te
2321 4907 2677 4962 contumelias
2704 4913 3036 4976 paterentur,
3070 4907 3472 4977 acquieverunt.
3510 4904 3676 4972 impe-

2094 5007 2243 5053 rator
2270 4999 2585 5065 dixitzQuid
2614 5007 2695 5054 est
2718 4999 2908 5068 gloria,
2936 5006 2992 5053 et
3014 4998 3207 5066 timor,
3231 5004 3287 5051 et
3314 4996 3677 5051 contumeliae?

2098 5089 2338 5145 Liberius
2384 5090 2519 5144 dixit
2543 5110 2555 5145 ε
2581 5091 2896 5161 Quicunque
2923 5091 3148 5161 gloriam
3178 5090 3273 5144 Dei
3301 5103 3410 5144 non
3437 5087 3672 5156 diligunt,

2096 5192 2184 5237 tua
2211 5184 2377 5254 magis
2396 5186 2537 5237 dona
2567 5191 2903 5254 praeponunt.
2935 5183 3105 5249 Quem
3127 5198 3256 5252 ergo
3290 5182 3377 5239 isti
3405 5196 3513 5237 non
3538 5181 3677 5235 vide-

2092 5287 2238 5343 runt,
2268 5294 2373 5333 non
2397 5278 2767 5333 examinantes
2799 5277 3239 5347 adjudicaverunt
3266 5276 3410 5346 quod
3425 5283 3509 5331 est
3532 5273 3680 5330 Chri-

2092 5366 2377 5426 stianitatis
2407 5371 2661 5425 alienum.
2707 5368 3003 5441 imperator
3044 5371 3179 5425 dixit
3208 5386 3222 5423 :
3248 5369 3309 5423 in
3341 5369 3477 5425 facie
3505 5368 3677 5438 utique

2093 5464 2476 5518 condemnatus
2504 5471 2589 5517 est
2616 5462 2667 5515 in
2697 5463 2928 5518 concilio
2958 5462 3103 5534 Tyri,
3136 5470 3188 5517 et
3218 5462 3271 5517 in
3297 5462 3531 5518 concilio
3557 5477 3679 5517 con-

2094 5564 2173 5610 tra
2202 5570 2326 5610 eum
2364 5555 2569 5625 pariter
2596 5554 2951 5609 decreverunt
2978 5570 3165 5610 omnes
3196 5556 3359 5609 totius
3388 5554 3536 5611 orbis
3572 5554 3679 5624 epi-

2090 5647 2261 5717 scopi.
2292 5645 2533 5701 Liberius
2570 5645 2742 5699 dixit:
2771 5644 3051 5715 Nunquam
3080 5648 3132 5701 in
3163 5647 3448 5716 praesentia
3475 5647 3558 5702 sui
3583 5648 3675 5702 ho-

2092 5755 2184 5795 mo
2211 5740 2303 5794 ille
2330 5738 2664 5809 adjudicatus
2687 5747 2787 5794 est.
2820 5738 3136 5808 Quicunque
3163 5738 3305 5793 etim
3332 5747 3463 5795 tune
3491 5753 3678 5794 conve-

2091 5833 2303 5888 nientes
2338 5832 2836 5887 condcmnaverunt
2881 5847 3022 5897 eum,
3054 5832 3364 5886 discedente
3393 5830 3681 5885 Athanasio

2093 5944 2123 5983 a
2141 5926 2365 5997 judicio,
2392 5926 2721 5983 sententiam
2740 5926 3099 5998 protulerunt.
3126 5924 3386 5983 Eusebius
3414 5922 3681 5984 eunuchus
