3972 6496
251 300 388 360 997

1353 290 2158 395 ms'rom‘rmrinnra.‘
2188 294 2499 367 Lmra‘v.‘

3473 315 3581 387 998

252 422 428 480 dixit
456 441 471 480 :
498 422 561 483 In
588 398 806 485 Nicaeae
823 425 1054 485 concilio
1074 424 1277 480 alienus
1303 423 1582 480 catholicae
1606 421 1728 487 ﬁdei
1756 438 1883 495 pro-
1912 434 1961 491 Α
1986 425 2082 495 tibi
2109 425 2339 494 videtur,
2358 427 2491 501 jube
2515 426 2700 503 vocari
2729 426 2797 486 ad
2822 428 2940 489 loca
2976 430 3196 507 propria
3232 435 3578 504 sacerdotes;

252 514 447 575 battis
473 527 575 576 est.
603 519 846 578 Liberius
883 520 1055 578 dixit:
1084 516 1331 587 Quinque
1368 515 1472 571 soli
1505 514 1883 587 judicaverunt

251 631 342 673 ex
368 619 462 675 his
488 621 581 692 qui
607 636 729 678 cum
751 637 817 677 eo
836 619 1052 691 navigio
1072 610 1336 673 venerunt
1354 614 1409 669 in
1430 612 1729 682 Mareoten,
1743 627 1881 682 quos

251 709 553 767 miserunt
576 713 645 767 ad
677 712 1079 769 accusationem
1103 708 1221 780 ejus
1237 748 1253 775 ,
1283 716 1343 763 ut
1366 715 1554 764 contra
1583 720 1706 761 eum
1731 711 1881 775 gesta

1986 526 2041 571 et
2061 518 2105 597 si
2134 518 2434 575 concordes
2462 522 2805 590 apparuerint
2837 523 2887 579 ei
2915 522 3203 595 quem‘nos
3231 526 3283 580 in
3326 527 3576 597 pncsenti

1983 607 2313 666 defendimus
2354 610 2644 667 secundum
2683 610 2840 669 ﬁdem
2875 617 3233 672 orthodoxam
3288 618 3342 674 in
3368 608 3581 677 Nic-sena

1983 688 2191 773 synodo
2238 703 2606 773 constitutam,
2641 710 2769 761 tunc
2814 709 3195 766 convenientes
3224 704 3580 782 providebunt

249 799 633 858 conﬁcerent.
657 802 861 858 Horum
881 803 1062 873 itaque
1077 800 1172 871 qui
1188 798 1442 855 destinati
1473 804 1618 863 sunt,
1636 795 1745 853 duo
1758 801 1885 850 sunt
1983 808 2083 864 pro
2112 795 2295 850 mundi
2321 811 2474 866 pace,
2507 805 2568 851 ut
2602 796 2768 853 homo
2797 800 2889 868 qui
2933 817 3042 856 non
3087 805 3329 873 peccavit
3355 821 3464 861 non
3490 821 3575 861 re-

252 893 510 964 mortui,
532 892 878 964 Theogonius
903 902 961 950 et
987 891 1345 956 Theodorus;
1383 888 1574 959 reliqui
1602 902 1733 945 vero
1771 895 1882 943 tres

249 984 491 1050 vivunt,
521 985 628 1040 hoc
665 993 749 1040 est
769 984 955 1051 Maris,
980 984 1177 1040 Valens
1201 990 1257 1038 et
1286 979 1558 1049 Ursacius.
1582 977 1663 1034 Ab
1684 977 1768 1033 his
1788 976 1880 1047 qui

249 1072 443 1129 missi
463 1083 592 1130 sunt
617 1074 876 1141 Sardicm,
892 1083 1113 1146 propter
1134 1074 1273 1128 hanc
1291 1086 1511 1129 causam
1531 1068 1767 1142 synodus
1789 1082 1881 1123 ce-

248 1162 497 1221 lebrata
522 1175 639 1233 est;
657 1166 751 1238 qui
774 1166 831 1220 in
856 1165 1063 1238 synodo
1083 1165 1297 1221 libellos
1317 1161 1645 1226 obtulerunt,
1665 1157 1877 1214 veniam

245 1258 651 1329 postulantes,
673 1259 930 1328 quoniam
958 1260 1011 1314 in
1039 1256 1278 1314 Mareote
1327 1271 1425 1326 per
1449 1252 1772 1311 calumniam
1810 1265 1880 1306 ex

247 1363 383 1405 una
429 1358 588 1422 parte
626 1360 814 1407 contra
838 1350 1195 1406 Athanasium
1222 1358 1370 1419 gesta
1390 1343 1758 1403 confecerunt.
1789 1339 1881 1395 Li-

242 1441 457 1503 bellos
472 1458 661 1501 eorum
690 1460 835 1503 nunc
858 1460 969 1515 pra:
991 1443 1235 1500 manibus
1261 1441 1540 1497 habemus.
1563 1436 1662 1492 Cui
1683 1436 1878 1491 horum

244 1547 374 1591 nos
425 1535 651 1594 aedere
692 1544 749 1591 et
775 1536 1177 1609 communicare
1224 1531 1510 1598 convenit,
1544 1530 1873 1601 imperator;

243 1626 349 1682 his
382 1627 489 1699 qui
513 1628 761 1700 primitus
787 1629 1176 1686 damnaverunt
1216 1635 1274 1683 et
1298 1626 1513 1682 veniam
1544 1632 1733 1696 postea
1774 1637 1875 1693 p0-

241 1728 607 1791 poscerunt,
636 1737 709 1777 an
737 1721 817 1778 eis
841 1722 935 1793 qui
975 1721 1148 1775 adhuc
1176 1718 1291 1775 haec
1333 1732 1591 1774 accusare
1643 1722 1874 1772 conten-

1980 882 2243 952 probetur
2284 882 2500 954 injuste.
2552 884 2852 958 Imperator
2903 890 3082 944 dixit:
3117 890 3291 947 Unum
3334 895 3581 965 estquod

1983 975 2280 1046 quaeritur:
2309 977 2432 1032 volo
2460 978 2601 1033 enim
2632 985 2686 1034 te
2714 980 3127 1051 amplectentem
3153 983 3581 1042 ecclesiasticam

1982 1067 2415 1123 communionem
2446 1067 2630 1124 Roma:
2657 1070 2833 1125 denuo
2863 1071 3161 1140 destinare;
3204 1081 3260 1128 et
3289 1085 3582 1145 propterea

1982 1159 2251 1215 concorda
2306 1162 2446 1231 paci,
2474 1169 2529 1215 et
2556 1162 2928 1229 subscribens,
2961 1162 3144 1219 Romae
3168 1172 3462 1220 revertere.
3496 1165 3586 1221 Li-

1981 1253 2163 1309 berius
2192 1253 2327 1308 dixit
2360 1272 2373 1308 :
2404 1252 2593 1308 Romae
2628 1253 2737 1325 jam
2768 1254 3021 1311 fratribus
3059 1257 3318 1324 valedixi;
3350 1257 3584 1326 majores

1984 1347 2127 1401 enim
2179 1357 2305 1401 sunt
2339 1347 2721 1402 ecclesiasticae
2767 1348 3071 1404 sanctiones
3117 1365 3277 1419 quam
3329 1349 3584 1406 Romana:

1988 1437 2250 1493 habitatio
2278 1437 2527 1493 civitatis.
2572 1438 2869 1510 Imperator
2908 1439 3080 1494 dixit:
3108 1439 3246 1510 Ergo
3275 1442 3439 1498 trium
3468 1442 3585 1498 die-

1985 1544 2105 1583 rum
2135 1529 2367 1598 spatium
2416 1527 2482 1583 ad
2519 1528 2956 1585 deliberationem
3004 1531 3171 1586 babes
3201 1550 3213 1585 :
3243 1532 3303 1588 Si
3329 1534 3411 1589 vis
3451 1534 3581 1590 sub-

1981 1618 2240 1685 scribere,
2267 1616 2451 1671 Roma:
2480 1625 2753 1673 revertere
2771 1660 2787 1686 ,
2817 1626 2909 1673 aut
2934 1626 3085 1674 certe
3124 1620 3300 1690 cogita
3338 1622 3393 1676 in
3422 1637 3583 1692 quem

1980 1708 2064 1764 vis
2090 1709 2365 1779 deportari
2409 1709 2607 1765 locum.
2653 1706 2899 1765 Liberius
2923 1709 3060 1763 dixit
3092 1727 3104 1763 :
3133 1709 3375 1781 Spatium
3421 1713 3585 1767 trium

244 1809 411 1866 dunt
440 1812 464 1867 Ἰ
519 1810 797 1884 Epictetus
859 1813 1148 1884 episcopus
1209 1810 1347 1867 dixit
1390 1827 1404 1863 :
1447 1808 1490 1863 Ο
1550 1810 1875 1880 imperator,
1908 1813 1956 1872 Β
1983 1800 2191 1856 dierum
2223 1801 2487 1857 rationem
2513 1815 2850 1871 nequaquam
2880 1810 3089 1857 mutare
3118 1810 3314 1873 potest.
3340 1800 3585 1874 Quapro-

244 1917 379 1960 non
411 1903 539 1961 ﬁdei
558 1920 723 1963 causa
753 1905 913 1962 hodie
936 1946 955 1970 ,
986 1920 1163 1976 neque
1186 1904 1510 1975 judiciorum
1545 1902 1872 1959 ecclesiasti-

243 2008 466 2052 carum
493 2011 801 2053 sermonem
820 1995 980 2073 facit;
1009 1996 1105 2054 sed
1134 2004 1192 2051 ut
1216 1996 1360 2066 apud
1387 2003 1664 2051 senatores
1686 1984 1875 2051 iulio-

244 2100 437 2141 mana
457 2091 781 2144 constitutos
806 2088 943 2145 urbe
967 2088 1245 2156 glorietur,
1264 2087 1419 2157 Quasi
1436 2086 1711 2157 superavit
1733 2085 1876 2156 prin-

244 2175 472 2246 cipem.
503 2174 807 2246 Imperator
830 2176 900 2231 ad
932 2175 1201 2233 Liberium
1235 2175 1370 2231 dixit
1402 2193 1415 2229 :
1443 2174 1619 2243 Quota
1646 2190 1771 2246 pars
1814 2190 1873 2230 es

206 2272 211 2275 ’
241 2268 444 2324 totius
463 2268 632 2341 orbis,
661 2271 920 2341 quoniam
946 2280 1004 2327 tu
1044 2271 1194 2326 solus
1219 2269 1492 2325 hominem
1516 2265 1754 2322 vindicas
1777 2282 1875 2322 nc-

240 2355 665 2426 fandissimum,
694 2369 756 2417 ut
802 2362 950 2418 orbis
978 2369 1246 2417 terrarum
1285 2369 1475 2432 pacem
1510 2359 1873 2430 Ecclesiaeque

240 2450 581 2511 diSSOlvas?
606 2452 852 2510 Liberius
879 2455 1015 2510 dixit
1042 2471 1057 2509 :
1092 2453 1209 2510 Non
1238 2469 1304 2511 eo
1334 2454 1479 2522 quod
1508 2467 1608 2524 ego
1632 2469 1750 2508 sum
1780 2469 1871 2508 so-

243 2542 367 2610 lus,
396 2540 525 2600 ﬁdei
552 2559 715 2601 causa
742 2546 1021 2600 minuitur.
1051 2545 1186 2600 Nam
1215 2552 1270 2600 et
1300 2545 1592 2615 antiquitus
1621 2554 1730 2600 tres
1769 2544 1891 2615 soli,

240 2635 473 2705 reperti
498 2644 627 2693 sunt
651 2638 965 2694 resistentes
984 2646 1252 2709 pnecepto
1279 2637 1442 2706 regis.
1486 2635 1745 2692 Eusebius
1770 2652 1870 2692 eu-

242 2726 483 2783 nuchus
509 2725 643 2782 dixit
663 2727 1080 2800 :Imperatorem
1107 2736 1351 2784 nostrum
1372 2726 1869 2783 Nabuchodonosor

243 2817 481 2875 iecisti?
507 2817 753 2876 Liberius
778 2820 913 2875 dixit
951 2838 966 2877 :
1011 2820 1149 2875 Non.
1200 2818 1307 2875 Sed
1335 2818 1409 2873 ita
1436 2818 1872 2873 irrationabiliter

243 2909 659 2981 adjudicandus
686 2911 791 2984 [ed.
819 2910 874 2965 Ν
879 2913 946 2966 iv.
977 2920 1026 2967 et
1066 2910 1254 2976 Frob.,
1279 2906 1632 2981 adjudicatus]
1663 2918 1746 2964 est
1766 2908 1870 2963 ho-

241 3020 355 3063 mo
384 3004 486 3076 qui
508 3019 617 3060 non
645 3013 729 3061 est
752 3005 1091 3061 examinatus
1113 3004 1136 3058 ?
1158 3003 1285 3059 llaec
1306 3017 1434 3072 ergo
1464 3010 1592 3074 peto
1624 3002 1871 3073 primitus

245 3098 581 3170 generalem
607 3097 838 3169 proferri
862 3099 1313 3169 subscriptionem
1329 3140 1345 3166 ,
1372 3097 1779 3154 confirmantem
1808 3094 1870 3147 fi-

1980 1901 2100 1964 pter
2128 1894 2216 1948 ubi
2246 1893 2326 1949 vis
2350 1892 2519 1962 dirige
2562 1909 2669 1949 me.
2712 1893 3011 1965 Imperator
3049 1904 3225 1951 autem
3272 1905 3398 1967 post
3440 1898 3579 1953 duos

1978 1985 2091 2040 dies
2124 1987 2429 2043 examinato
2460 1986 2696 2059 Liberio,
2737 1998 2794 2045 et
2830 2005 3168 2061 nequaquam
3199 2007 3227 2047 a
3255 2008 3353 2049 suo
3385 2008 3584 2064 propo-

1977 2076 2083 2133 sito
2112 2087 2389 2142 revocato,
2414 2078 2573 2148 jussit
2611 2094 2731 2135 eum
2763 2080 2815 2135 in
2845 2079 3089 2137 Bermam
3121 2081 3363 2140 Thracia:
3390 2085 3581 2142 exsilio

1978 2167 2277 2237 deportari.
2330 2168 2645 2242 Egredienti
2685 2171 2919 2240 Liberio,
2944 2173 3241 2244 imperator
3280 2176 3345 2230 ad
3377 2192 3582 2248 expen-

1977 2275 2065 2315 sas
2094 2262 2416 2331 quingentos
2444 2264 2647 2321 solidos
2689 2265 2997 2322 destinavit.
3034 2267 3185 2324 Tunc
3214 2267 3458 2326 Liberius
3484 2271 3581 2327 dc-

1975 2352 2169 2409 ferenti
2192 2356 2368 2410 dixit:
2403 2356 2572 2422 Vade,
2616 2358 2685 2414 da
2734 2375 2833 2415 eos
2884 2361 3227 2432 imperatori;
3259 2379 3393 2435 opus
3434 2364 3580 2421 enim

1976 2444 2139 2500 habet
2159 2447 2269 2501 suis
2283 2447 2540 2505 militibus
2552 2462 2799 2518 erogare.
2819 2450 3076 2508 Similiter
3088 2453 3251 2525 266
3270 2462 3327 2509 et
3340 2453 3578 2524 Augusta

1974 2544 2157 2593 tantos
2169 2538 2218 2593 ei
2242 2537 2457 2595 direxit.
2476 2539 2723 2599 Liberius
2748 2542 2909 2598 dixit:
2928 2542 3114 2601 Redde
3140 2545 3257 2603 haec
3284 2546 3583 2619 imperato-

1974 2627 2204 2699 ri;opus
2232 2630 2374 2684 enim
2399 2631 2564 2686 habet
2589 2632 2672 2687 his
2694 2634 2762 2688 ad
2789 2650 3056 2705 expensas
3077 2637 3305 2692 militum
3333 2654 3571 2695 suorum.

1976 2717 2033 2774 Si
2056 2728 2239 2777 autem
2268 2721 2563 2795 imperator
2590 2722 2674 2780 his
2701 2740 2809 2781 non
2851 2727 3014 2782 habet
3042 2742 3207 2801 opus,
3235 2729 3330 2803 det
3344 2744 3438 2785 eos
3465 2729 3576 2784 Au-

1976 2809 2162 2865 xentio
2184 2818 2239 2865 et
2265 2807 2542 2885 Epicteto;
2575 2812 2653 2868 illi
2676 2814 2820 2869 enim
2851 2830 2989 2889 opus
3015 2814 3102 2872 his
3142 2816 3366 2885 habent.
3409 2818 3577 2875 Dum-

1975 2914 2082 2970 que
2103 2899 2172 2954 ab
2200 2900 2280 2957 eis
2300 2901 2432 2957 nihil
2455 2903 2775 2976 accepisset,
2793 2903 3058 2963 Eusebius
3079 2909 3355 2965 eunuchus
3375 2909 3572 2967 obtulit

1976 2990 2028 3046 ei
2057 2991 2193 3049 alios
2222 2992 2446 3051 solidos.
2474 2993 2573 3051 Cui
2602 2994 2847 3053 Liberius
2875 2998 3048 3055 dixit:
3079 2998 3266 3056 Totius
3295 3001 3441 3057 orbis
3470 3001 3576 3058 Ec-

1977 3082 2168 3139 clesias
2189 3083 2534 3154 desolasti,et
2554 3095 2807 3158 tanquam
2829 3090 3083 3148 damnato
3104 3093 3232 3169 mihi
3256 3093 3369 3157 hmo
3389 3094 3574 3153 affers?

246 3191 391 3249 dem
422 3192 480 3247 in
518 3190 694 3265 prima
719 3193 1015 3264 prolatam;
1044 3201 1103 3247 υι
1149 3193 1222 3248 im
1270 3192 1535 3248 revocatis
1563 3191 1632 3247 ab
1684 3189 1872 3247 exsilio
1902 3186 1952 3251 ρ
1982 3171 2133 3231 Vade
2177 3176 2354 3247 prius,
2385 3178 2534 3234 disce
2581 3193 2701 3235 esse
2745 3179 3102 3237 Christianus.
3132 3182 3225 3239 His
3269 3184 3347 3239 ita
3387 3186 3569 3254 gestis,

246 3281 526 3339 fratribus
552 3282 771 3349 nostris,
801 3290 858 3339 et
901 3281 956 3339 in
985 3282 1120 3339 locis
1166 3282 1398 3355 propriis
1423 3279 1706 3345 restitutis,
1738 3280 1783 3334 si
1813 3277 1868 3333 hi

245 3374 355 3446 qui
404 3372 593 3428 turbas
623 3373 838 3444 pariunt
873 3371 1147 3440 Ecclesiis,
1181 3372 1284 3429 visi
1311 3371 1511 3429 fuerint
1557 3370 1870 3442 apostolicae

247 3461 391 3519 ﬁdei
415 3463 750 3530 consentire,
781 3471 911 3519 tunc
935 3463 1079 3534 apud
1123 3462 1506 3519 Alexandriam
1535 3461 1867 3517 convenien-

246 3546 337 3612 tes
358 3569 576 3621 omnes,
592 3554 683 3610 ubi
704 3562 761 3610 et
781 3564 1125 3611 accusatores
1153 3563 1278 3609 sunt
1299 3562 1353 3609 et
1377 3552 1629 3609 defensor
1657 3570 1866 3621 eorum,

246 3643 571 3700 examinata
592 3657 753 3701 causa
784 3644 1053 3715 possimus
1074 3643 1319 3716 proferre
1339 3644 1682 3700 sententiam.
1733 3643 1833 3715 Epi
1849 3677 1865 3686 -

244 3745 439 3794 ctetus
464 3736 748 3807 episc0pus
776 3736 909 3791 dixit
941 3754 955 3790 :
986 3734 1094 3791 Sed
1113 3752 1301 3791 cursus
1322 3735 1564 3807 publicus
1581 3744 1605 3772 ⁸
1622 3752 1728 3790 non
1757 3734 1870 3791 suf-

245 3825 367 3882 ﬁcit
395 3825 681 3885 subveCtui
709 3825 1107 3897 episcoporum,
1136 3825 1379 3882 Liberius
1400 3825 1534 3881 dixit
1558 3844 1570 3880 :
1596 3824 1866 3883 Ecclesia-

245 3920 407 3976 sticaa
427 3934 607 3975 causa:
633 3920 848 3992 publico
878 3935 1037 3976 cursu
1079 3936 1189 3977 non
1219 3928 1399 3991 egent.
1430 3917 1682 3977 Ecclesia:
1707 3936 1864 3975 nam-

247 4026 361 4083 que
381 4010 663 4070 sufﬁciunt
694 4028 865 4084 usque
890 4010 955 4068 ad
984 4028 1135 4068 mare
1162 4012 1461 4084 perducere
1496 4016 1623 4069 suos
1651 4013 1863 4084 episco-

245 4118 373 4175 pos.
399 4104 701 4176 Imperator
715 4105 877 4161 dixit:
894 4103 1023 4174 Quae
1046 4104 1244 4161 dudum
1261 4112 1616 4176 susceperunt
1634 4102 1864 4159 formam

246 4195 392 4253 solvi
422 4212 534 4251 non
564 4207 825 4266 possunt;
851 4196 1199 4268 plurimorum
1230 4211 1462 4267 namque
1485 4196 1864 4266 episcoporum

246 4284 419 4342 debet
447 4284 629 4341 valere
654 4287 945 4342 sententia.
966 4284 1045 4340 Tu
1072 4287 1219 4341 solus
1239 4301 1297 4341 es
1317 4285 1407 4355 qui
1432 4284 1697 4340 amicitias
1724 4284 1865 4341 illius

186 4418 197 4429 κ
247 4377 511 4434 scelerati
558 4375 819 4432 defendis.
858 4378 1106 4432 Liberius
1146 4377 1322 4432 dixit:
1354 4372 1672 4447 Imperator,
1720 4393 1862 4431 nun-

248 4478 419 4536 quam
449 4464 764 4532 audivimus,
791 4466 1014 4522 absente
1035 4475 1286 4523 accusato
1309 4508 1325 4533 ,
1351 4467 1585 4538 judicem
1608 4467 1723 4539 ejus
1744 4484 1863 4524 scc-

1975 3278 2100 3341 post
2116 3279 2228 3327 tres
2250 3271 2367 3326 dies
2389 3272 2518 3327 nihil
2539 3273 2826 3344 accipiens,
2850 3275 3049 3357 missus
3065 3285 3146 3353 est
3169 3277 3377 3359 exsilio.
3392 3277 3573 3336 Timo-

1974 3379 2236 3436 noanrus,
2266 3366 2359 3424 lib.
2390 3381 2448 3432 ιι,
2476 3384 2593 3439 cap.
2628 3366 2697 3422 15
2724 3376 2774 3423 et
2805 3368 2891 3435 l6,
2915 3388 2970 3442 p.
2995 3370 3082 3427 92.

2546 3478 2775 3537 CAPUT
2812 3479 2991 3538 XVIII.

1974 3564 2242 3632 Quomodo
2270 3568 2508 3627 Liberius
2529 3589 2622 3643 per
2658 3573 2942 3633 aditionem
2985 3574 3336 3634 Romanarum
3366 3586 3567 3635 matro-

2332 3658 2517 3696 narum
2543 3643 2605 3696 ab
2632 3645 2818 3699 exsilio
2847 3646 2916 3700 sit
2942 3646 3203 3704 reductus.

2044 3729 2296 3788 Veritatis
2318 3731 2503 3803 itaque
2540 3744 2909 3806 propugnator
2938 3746 2992 3792 et
3037 3739 3211 3795 victor
3259 3738 3563 3808 Thraciam,

1967 3822 2109 3879 sicut
2127 3822 2339 3893 jussum
2358 3824 2557 3897 fuerat,
2574 3843 2742 3898 usque
2766 3830 3027 3901 pervenit.
3053 3830 3377 3903 Duobusque
3399 3841 3569 3893 trans-

1968 3914 2105 3969 actis
2123 3916 2276 3971 annis
2297 3914 2645 3974 Constantius
2671 3917 2858 3975 Romae
2887 3919 2972 3995 [ed
2998 3917 3123 3975 Niv.
3151 3930 3201 3977 et
3227 3920 3415 3989 Frob.,
3444 3922 3559 3979 Βο-

1965 4006 2132 4079 mam]
2163 4007 2331 4067 venit.
2364 4006 2653 4065 Procerum
2680 4025 2812 4066 vero
2840 4018 3259 4083 senatorumque
3307 4012 3564 4084 conjuges

1964 4098 2523 4168 rogabantvirossuos
2538 4109 2596 4155 ut
2623 4099 2939 4157 Constantio
2968 4102 3352 4175 supplicarent,
3374 4112 3563 4175 quate-

1966 4207 2067 4247 nus
2095 4199 2363 4261 pastorem
2385 4192 2634 4263 gregibus
2654 4194 2987 4249 restitueret.
3018 4193 3246 4249 Aiebant
3269 4197 3408 4251 enim
3436 4197 3562 4267 quia

1963 4281 2068 4336 nisi
2112 4280 2396 4337 ﬂecterent
2444 4283 2681 4338 animum
2710 4284 2983 4355 principis,
3016 4301 3109 4342 eos
3137 4286 3264 4356 ipsa
3292 4288 3561 4358 relinque-

1963 4381 2108 4444 rent,
2136 4381 2193 4431 et
2210 4374 2279 4430 ad
2302 4382 2575 4445 pastorem
2590 4374 2748 4431 'illum
2771 4376 3062 4432 maximum
3093 4387 3464 4450 properarent.
3493 4380 3561 4436 At

1969 4467 2047 4524 illi
2075 4459 2325 4525 dixerunt
2357 4487 2369 4524 :
2403 4467 2511 4526 Nos
2530 4468 2765 4526 furorem
2792 4470 3046 4544 principis
3077 4469 3560 4541 formidamus,uec

249 4556 368 4612 lera
390 4554 774 4628 proferentem,
802 4557 905 4611 nisi
925 4557 1048 4626 quia
1070 4559 1286 4630 propria
1306 4557 1558 4614 videntur
1584 4559 1699 4615 haec
1714 4557 1855 4615 odia.
1883 4566 1939 4629 Ι)
1964 4556 2104 4615 forte
2156 4560 2390 4631 aliquam
2439 4560 2648 4618 veniam
2703 4574 3093 4632 promeremur.
3143 4562 3249 4618 Sed
3279 4564 3450 4629 vobis,
3476 4562 3559 4619 in-

250 4644 562 4717 Imperator
584 4644 716 4701 dixit
745 4664 757 4699 :
789 4644 1048 4701 Omnibus
1070 4647 1283 4718 quidem
1315 4648 1502 4702 nocuit
1537 4648 1589 4704 in
1616 4663 1857 4705 commu-

251 4735 439 4800 nione,
468 4735 601 4791 nulli
630 4743 809 4792 tamen
831 4736 904 4791 ita
933 4736 1085 4792 sicuti
1116 4738 1266 4792 mihi.
1297 4737 1395 4793 Cui
1425 4755 1545 4794 cum
1576 4755 1683 4795 non
1706 4740 1856 4796 suffl-

255 4836 408 4886 ceret
434 4828 683 4884 interitus
711 4814 891 4884 fratris
916 4829 1023 4884 mei
1051 4830 1296 4900 majoris,
1323 4846 1495 4901 neque
1533 4832 1707 4888 beatae
1736 4847 1854 4888 me-

253 4922 443 4978 moriae
470 4920 822 4979 Constantem
853 4923 1087 4979 cessavit
1126 4924 1180 4980 in
1223 4925 1358 4981 meis
1402 4925 1696 4991 inimicitiis
1743 4924 1855 4982 fre-

256 5024 487 5084 quenter
537 5013 843 5086 impellere,
898 5013 1001 5070 nisi
1058 5030 1157 5071 nos
1201 5013 1396 5085 majori
1445 5017 1858 5074 mansuetudine

254 5103 482 5172 detenti,
509 5104 834 5176 impellentis
871 5115 1147 5164 momenta
1193 5117 1663 5180 temperassemus.
1700 5110 1856 5165 Nulla

257 5195 438 5266 itaque
464 5196 599 5251 mihi
628 5198 853 5254 victoria
901 5208 1006 5269 est,
1036 5214 1208 5270 neque
1252 5208 1441 5257 contra
1490 5201 1854 5271 Magnentium

259 5287 344 5344 vel
384 5286 701 5361 Sylvanum,
726 5289 825 5343 nisi
866 5289 1017 5344 illum
1045 5290 1335 5347 scelestum
1364 5294 1432 5347 ab
1476 5293 1855 5351 ecclesiasticis

260 5381 418 5435 rebus
446 5381 727 5451 expulero.
767 5380 1009 5438 Liberius
1055 5382 1231 5437 dixit:
1264 5384 1382 5440 Noli
1428 5399 1526 5456 per
1572 5387 1856 5456 episcopos

261 5480 377 5530 tuas
400 5473 678 5531 vindicare
700 5474 1042 5542 inimicitias;
1074 5490 1264 5532 manus
1291 5477 1433 5533 enim
1463 5478 1857 5537 ecclesiastico-

262 5580 377 5623 rum
406 5570 473 5625 ad
500 5568 940 5626 sanctificandum
968 5583 1166 5626 vacare
1190 5570 1404 5628 debent.
1442 5571 1784 5644 Quapropter
1812 5570 1859 5629 si

336 5778 362 5808 ι
399 5770 592 5846 Cursus
627 5775 878 5845 publicus.
922 5772 1076 5832 Unde
1116 5775 1378 5841 curiosus,
1423 5792 1612 5833 cursus
1654 5758 1858 5846 publici

263 5845 591 5921 pmsentalis
609 5853 664 5904 et
690 5847 886 5904 curiosi
906 5862 1003 5920 per
1020 5862 1208 5905 omnes
1226 5848 1550 5919 provincias,
1567 5845 1672 5919 qui
1697 5854 1858 5904 erant

1962 4654 2173 4723 quiunt,
2206 4638 2375 4724 magis
2423 4652 2739 4727 rogantibus
2784 4653 3006 4710 forsitan
3044 4652 3349 4727 parCet,‘ct
3390 4673 3556 4713 unum

1963 4743 2184 4799 alterius
2216 4742 2334 4812 fiet;
2366 4750 2459 4800 aut
2487 4761 2674 4816 preces
2700 4745 2972 4816 suscipiet,
2998 4754 3088 4800 aut
3130 4746 3174 4801 si
3198 4742 3335 4802 ﬂecti
3365 4748 3555 4817 nequi-

1962 4835 2123 4901 verit,
2152 4837 2268 4891 sine
2298 4836 2476 4908 aliqua
2506 4833 2699 4906 injuria
2730 4853 2824 4891 vos
2851 4836 3101 4892 dimittet.
3136 4837 3250 4893 Hoc
3271 4838 3552 4894 consilium

1962 4925 2215 4982 mulieres
2243 4926 2365 4992 illae,
2395 4926 2640 4983 laudibus
2689 4928 2936 4983 maximis
2982 4927 3348 4999 proferenda),
3382 4929 3555 5005 perci-

1964 5020 2193 5090 pientes,
2217 5036 2341 5077 cum
2380 5028 2577 5076 ornatu
2631 5020 2791 5077 solito
2844 5014 3092 5076 adierunt
3138 5020 3553 5090 imperatorem;

1964 5120 2231 5183 quatenus
2260 5128 2326 5170 ex
2371 5119 2523 5169 veste
2570 5112 2785 5169 sublimi
2834 5113 3067 5181 insignes
3110 5127 3204 5167 eas
3245 5120 3300 5167 et
3344 5112 3552 5169 nObilcs

1960 5207 2269 5270 arbitratus,
2296 5207 2653 5262 reverentiam
2681 5208 2758 5262 cis
2778 5206 3004 5262 haberet
3050 5213 3103 5259 et
3148 5194 3410 5277 parceret.
3445 5205 3553 5259 Ad-

1960 5305 2150 5353 euntes
2169 5298 2311 5353 enim
2343 5298 2636 5369 principem
2666 5297 2758 5352 tali
2782 5312 2916 5352 voce
2937 5296 3243 5351 Clamabant
3267 5315 3280 5350 :
3301 5296 3556 5353 Miserere

1961 5397 2123 5444 tantm
2156 5390 2409 5457 civitatis,
2433 5391 2664 5462 pastoris
2711 5386 3106 5461 providentiam
3148 5405 3253 5444 non
3283 5389 3549 5456 habentis,

1962 5497 2082 5553 qua:
2110 5483 2358 5554 luporum
2396 5492 2544 5556 patet
2568 5482 2791 5539 insidiis.
2834 5466 2911 5535 At
2954 5478 3043 5536 ille
3082 5480 3364 5551 respondit
3396 5478 3550 5543 :Non

1963 5587 2122 5644 egere
2150 5582 2367 5646 pastore
2405 5574 2512 5632 alio
2561 5574 2862 5642 civitatem;
2891 5588 3011 5630 esse
3058 5589 3288 5646 namque
3336 5572 3556 5647 pontiﬁ-

1964 5779 2063 5855 _s_ub
2085 5777 2442 5855 dispositione
2458 5780 2559 5855 viri
2582 5780 2803 5855 illustris
2820 5764 3407 5855 magistripfliciorum.
3420 5782 3557 5851 Vidn

1966 5848 2159 5906 librum
2171 5848 2254 5906 'de
2281 5849 2605 5921 Imaginibus
2633 5848 3037 5924 magistratuum
3069 5848 3454 5913 Romanorum.

2008 5952 2015 5961 ι
2056 5954 2071 5965 ὁ,
2126 5960 2133 5965 _
2218 5938 2223 5961 ,Ι
2362 5952 2367 5957 .
2684 5954 2689 5955 γ
3028 5954 3033 5959 .
3312 5950 3339 5961 με
