3964 6348
433 291 537 355 999

1658 280 1732 339 Μ.
1772 276 2053 339 AURELII
2089 277 2493 337 CASSIODORI

3582 276 3714 335 i000

431 427 552 471 cem
579 408 670 482 qui
694 418 882 467 eorum
902 417 1084 464 curam
1105 402 1350 459 haberet.
1366 399 1495 457 Post
1519 402 2022 469 magnuminamque
2044 395 2101 459 Α
2125 401 2257 464 tam,
2288 411 2451 466 quam
2496 394 2570 450 ibi
2617 392 2854 465 quidem,
2895 391 3052 448 sicuti
3100 391 3343 462 praedixi,
3390 390 3715 463 celaverunt,

439 504 706 559 Liberium
752 500 972 570 quidam
1021 498 1373 553 diaconorum
1417 493 1535 565 ejus
1561 532 1577 559 ,
1605 491 1753 548 Felix
1780 491 2021 559 nomine,

437 596 610 653 fuerat
640 593 939 650 ordinatus.
968 591 1020 647 Is
1048 590 1351 661 expositam
1380 588 1433 643 in
1455 587 1630 644 Nicaea
1659 585 1817 641 ﬁdem
1839 580 2027 639 incon-

435 701 589 744 cosse
617 684 883 751 servavit,
914 682 1011 739 sed
1046 680 1456 753 corruptoribus
1502 678 1621 748 ejus
1657 678 1774 733 sine
1822 676 2027 732 discre-

436 777 586 833 tione
623 774 1075 832 communicabat.
1130 772 1316 829 Nullus
1346 780 1525 828 tamen
1553 768 1739 826 Romae
1781 767 2029 823 habitan-

434 870 568 926 tium
588 869 643 926 in
665 868 946 923 basilicam
970 866 1242 935 ingressus
1263 871 1501 931 est,cum
1526 860 1616 918 ille
1641 863 1785 918 intus
1805 866 2026 916 astaret.

433 957 551 1014 Hoc
579 967 760 1014 autem
790 958 954 1013 etiam
980 964 1243 1012 matrona:
1272 954 1373 1011 illa:
1403 952 1718 1025 imperatori
1738 951 2026 1008 dixerunt:

434 1052 549 1120 Qua
577 1052 749 1122 gratia
773 1050 968 1119 ﬁexus,
998 1051 1253 1121 praecepit
1280 1049 1428 1105 illum
1476 1048 1618 1103 inter
1645 1060 1836 1103 omnes
1875 1058 2030 1114 egre.

434 1144 582 1215 gium
627 1145 901 1211 revocari,
948 1152 1002 1198 et
1051 1151 1338 1213 utrumque
1382 1140 1682 1197 Ecclesiam
1732 1136 2033 1208 gubernare

436 1237 812 1293 communiter.
861 1234 954 1289 liis
984 1248 1112 1303 ergo
1133 1234 1328 1289 litteris
1368 1233 1423 1287 in
1451 1230 1677 1287 circensi
1721 1226 2031 1302 spectaculo

436 1327 677 1395 reiectis,
696 1326 925 1397 populus
954 1324 1220 1379 clamabat
1242 1323 1443 1395 justam
1473 1322 1729 1395 principis
1758 1335 1879 1378 esse
1906 1334 2034 1377 sen—

436 1419 680 1487 tentiam,
712 1425 772 1473 ut
792 1417 928 1472 sicut
958 1415 1242 1486 dupliciter
1270 1415 1542 1471 coloribus
1570 1413 1725 1469 divisi
1761 1420 1888 1469 sunt
1909 1425 2033 1483 spe-

434 1519 699 1579 ctatores,
732 1512 809 1567 sic
855 1518 1132 1581 Oporteret
1190 1510 1419 1565 alterum
1465 1509 1582 1575 his,
1631 1509 1861 1564 alterum
1913 1506 2033 1563 aliis

432 1603 741 1673 prmsidere.
764 1601 898 1658 Cum
928 1615 1058 1671 ergo
1087 1601 1333 1673 primitus
1358 1601 1611 1672 principis
1636 1600 1828 1656 litteris
1850 1600 1927 1657 sic
1953 1598 2034 1656 fa-

432 1694 658 1764 vissent,
670 1703 856 1765 postea
876 1694 1154 1761 commoti,
1175 1693 1449 1751 communi
1471 1709 1605 1750 voce
1625 1693 2029 1749 clamaverunt:

2128 490 2371 549 Arimino
2414 498 2595 546 autem
2621 496 2832 544 ostensa
2873 496 2972 543 est.
2996 486 3161 557 Cujus
3184 486 3461 558 exemplar
3480 487 3585 544 hoc
3604 495 3712 545 est:

2488 641 2746 683 sxrosru
2782 638 2932 697 rmss
2964 604 3099 678 aeno
3127 638 3366 691 smntuu,

2130 740 2402 799 Prwsente
2431 741 2641 795 domino
2669 712 3015 793 Constantino
3042 739 3177 809 Aug.
3195 778 3211 804 ,
3252 753 3387 793 coss.
3420 706 3642 795 Eusebio
3672 748 3717 795 et

2201 834 2454 906 Hypatio,
2485 849 2542 890 ιι
2569 832 2671 888 cal.
2699 830 2846 887 Junii
2876 832 3000 901 (An.
3032 830 3187 886 Dom.
3219 829 3367 900 559).

2150 930 2171 941 '0
2202 948 2484 1006 Credimus
2509 948 2564 1004 in
2593 962 2759 1004 unum
2785 954 2843 1003 et
2860 962 3047 1003 verum
3078 947 3269 1015 Deum,
3301 944 3519 1002 Patrem
3550 948 3716 1004 omni-

2131 1048 2441 1113 potentem,
2493 1047 2797 1097 creatorem
2845 1048 2901 1096 et
2947 1039 3193 1110 Opiﬁcem
3248 1040 3512 1095 omnium.
3562 1039 3628 1096 Et
3670 1042 3721 1099 in

2132 1150 2300 1191 unum
2330 1134 2665 1205 unigenitum
2709 1132 2904 1189 Filium
2944 1132 3039 1189 Dei
3074 1142 3198 1188 ante
3223 1133 3404 1189 omnia
3430 1134 3643 1201 saecula,
3672 1142 3724 1191 et

2133 1236 2258 1284 ante
2306 1242 2466 1284 omne
2511 1226 2859 1298 principium,
2903 1232 2960 1281 et
2997 1234 3122 1280 ante
3163 1240 3326 1281 omne
3362 1225 3509 1294 quod
3556 1233 3727 1295 potest

2134 1320 2347 1394 opinari
2381 1328 2615 1391 tempus,
2662 1328 2720 1375 et
2762 1328 2889 1374 ante
2935 1333 3150 1374 omnem
3189 1316 3601 1389 perceptibilem
3626 1318 3731 1388 opi-

2133 1415 2374 1483 nionem,
2418 1420 2603 1468 natum
2644 1412 3047 1484 impassibiliter
3082 1428 3152 1468 ex
3190 1411 3320 1478 Deo,
3362 1427 3464 1482 per
3490 1427 3653 1481 quem
3679 1420 3730 1467 et

2133 1507 2329 1564 saecula
2361 1506 2599 1577 perfecta
2638 1514 2695 1561 et
2733 1506 2914 1561 omnia
2959 1505 3099 1561 facta
3135 1512 3280 1560 sunt.
3326 1503 3524 1559 Natum
3557 1513 3729 1559 autem

2139 1598 2488 1670 Unigenitum
2519 1598 2695 1656 solum
2725 1614 2793 1654 ex
2833 1599 2951 1655 solo
2979 1596 3161 1667 Patre,
3199 1597 3369 1652 Deum
3399 1613 3470 1653 ex
3500 1597 3637 1666 Deo,
3662 1598 3730 1651 si-

2134 1690 2318 1747 milem
2360 1690 2640 1770 generanti
2686 1688 2833 1745 Patri
2874 1690 3169 1746 secundum
3196 1687 3507 1759 Scripturas
3540 1708 3555 1743 :
3587 1689 3731 1757 cujus

432 1783 582 1842 Unus
626 1786 789 1854 Deus,
845 1802 981 1843 unus
1028 1784 1310 1853 Christus,
1342 1802 1481 1842 unus
1531 1785 1838 1857 episcopus.
1884 1784 2033 1855 lpsas
2063 1796 2110 1857 Β
2138 1783 2543 1852 generationem
2593 1772 2772 1838 nullus
2818 1783 2988 1850 novit,
3038 1782 3143 1838 nisi
3188 1783 3356 1849 solus,
3412 1782 3506 1852 qui
3555 1783 3732 1851 genuit

431 1879 577 1934 enim
606 1892 769 1936 voces
797 1887 852 1935 et
879 1893 979 1949 ego
1008 1894 1211 1951 ponere
1228 1878 1432 1949 justum
1458 1878 1717 1950 judicavi.
1769 1877 1901 1933 Post
1929 1878 2027 1935 has

430 1986 560 2027 vero
581 1969 797 2028 Christo
826 1972 1071 2028 amabilis
1098 1972 1283 2043 populi
1312 1972 1429 2043 pias
1456 1979 1513 2027 et
1552 1970 1761 2043 justitia
1790 1985 2025 2026 exorna-

431 2069 513 2117 tas
538 2078 721 2129 voces,
743 2063 1114 2120 sanctissimus
1142 2064 1357 2135 quidem
1381 2063 1628 2121 Liberius
1649 2072 1734 2123 est
1749 2078 2022 2119 reversus.

429 2152 579 2210 Felix
593 2164 772 2213 autem
796 2157 1055 2212 recedens
1068 2155 1332 2212 habitavit
1352 2156 1512 2211 aliam
1535 2156 1829 2214 civitatem.
1846 2153 2025 2213 Τιιεο·

428 2259 687 2316 ooma'rus,
720 2246 813 2306 lib.
838 2262 895 2315 ιι,
925 2264 1043 2318 cap.
1077 2246 1167 2315 l7,
1198 2246 1345 2313 Edit.
1376 2247 1572 2304 Christ.

1025 2376 1255 2435 CAPUT
1292 2378 1434 2435 XIX.

429 2485 701 2553 Quomodo
742 2486 1015 2546 Eudoxius
1066 2490 1443 2547 Antiochenam
1474 2491 1796 2564 usurpath
1823 2490 2023 2560 episco-

1132 2572 1331 2633 patum.
2036 2603 2049 2670 ί

498 2667 573 2725 Ea
597 2678 919 2744 tempestate
967 2673 1199 2732 Leontio
1240 2675 1530 2742 moriente,
1561 2676 1655 2747 qui
1708 2676 2022 2735 haereticum

424 2757 641 2818 Aetium
664 2762 948 2821 diaconum
970 2764 1335 2835 ordinaverat,
1358 2765 1637 2825 Eudoxius
1665 2766 2022 2827 Germanicite

424 2853 732 2926 episcopus,
773 2871 893 2927 quae
934 2866 1017 2915 est
1063 2859 1255 2915 civitas
1301 2857 1489 2931 Syriae,
1539 2875 1663 2917 cum
1708 2870 1851 2918 esset
1893 2869 2023 2919 tunc

424 2943 610 3003 Romae
654 2964 914 3021 praesens,
961 2948 1115 3007 ﬁnxit
1158 2952 1261 3008 sibi
1308 2968 1524 3009 causam
1571 2955 1909 3010 necessitatis
1937 2955 2021 3011 in-

424 3039 698 3107 cumbere,
729 3050 785 3097 et
811 3042 1123 3113 imperatori
1160 3043 1353 3100 callide
1389 3045 1621 3114 locutus,
1651 3047 1802 3117 quasi
1832 3047 2019 3104 civitas

423 3124 960 3188 Germanicianorum
1009 3132 1125 3205 ejus
1173 3134 1511 3205 providentia
1559 3145 1723 3207 atque
1773 3138 2016 3193 custodia

421 3218 708 3292 indigeret,
738 3226 892 3295 petiit
921 3235 978 3282 ut
1007 3200 1277 3283 remearet
1298 3229 1365 3284 ad
1394 3200 1650 3301 propria:
1670 3230 1839 3297 Quem
1867 3231 2019 3302 prin-
2049 3200 2099 3266 θ

422 3328 552 3384 ceps
590 3318 725 3372 nihil
763 3321 1118 3390 prospiciens,
1149 3323 1299 3377 abire
1338 3323 1558 3380 dimisit.
1589 3325 1658 3379 At
1684 3326 1773 3381 ille
1800 3326 2021 3382 cubicu-

421 3403 587 3461 larios
635 3418 1021 3478 cooperatores
1059 3411 1284 3480 habens,
1315 3415 1502 3471 relicta
1532 3415 1750 3472 civitate
1780 3432 1877 3472 sua
1905 3418 2019 3471 An-

424 3496 733 3553 tiochenum
778 3505 1054 3573 usurpavit
1098 3506 1495 3577 episcopatum.
1536 3506 1743 3564 Fovere
1789 3524 2022 3579 namque

425 3587 677 3670 studebat
705 3590 941 3646 Aetium.
971 3593 1050 3649 0b
1080 3610 1239 3665 quam
1270 3613 1384 3653 rem
1423 3599 1571 3653 nisus
1611 3607 1695 3654 est
1734 3600 2020 3655 concilium

423 3674 603 3734 facere
649 3683 1025 3753 sacerdotum,
1074 3695 1129 3740 et
1176 3687 1571 3744 ordinationem
1617 3691 1667 3745 ei
1716 3701 2022 3747 restaurare

424 3768 757 3827 diaconatus.
809 3772 963 3840 Quod
1013 3792 1350 3848 nequaquam
1396 3790 1605 3849 gestum
1636 3786 1745 3852 'est,
1780 3799 1847 3839 eo
1876 3784 2023 3854 quod

423 3862 596 3931 magis
622 3864 831 3920 valeret
876 3867 1056 3923 odium
1097 3879 1288 3927 contra
1325 3874 1539 3929 Aetium
1585 3891 1746 3945 quam
1788 3875 2023 3933 Eudoxii

424 3952 768 4012 desiderium.
797 3957 867 4012 Et
893 3959 961 4016 de
984 3961 1069 4016 his
1098 3964 1313 4033 quidem
1341 3974 1549 4022 tantum
1579 3983 1740 4025 nosse
1768 3968 2018 4025 sufﬁciat.

423 4042 846 4199 ggcnnfgétib.
878 4068 934 4120 ιι,
969 4070 1086 4126 cap.
1112 4054 1202 4111 29.
1243 4055 1393 4114 Edit.
1437 4058 1629 4116 Christ.
1685 4060 1859 4119 Vales.
1900 4078 2018 4132 cap.

501 4178 518 4199 .
548 4158 600 4199 ῃ.
746 4182 762 4198 .

501 4178 518 4208 ,
547 4158 600 4213 p.
636 4158 762 4199 102.

1031 4259 1261 4317 CAPUT
1297 4262 1418 4319 XX.

489 4343 567 4400 De
590 4345 905 4404 Ariminensi
930 4352 1151 4407 concilio
1179 4364 1229 4408 et
1256 4356 1669 4414 contentionibus
1695 4358 1765 4414 ibi
1786 4360 1962 4432 factis.

496 4434 698 4492 Eorum
726 4438 888 4509 igitur
913 4444 1005 4513 qui
1033 4444 1277 4502 Arimino
1302 4452 1692 4521 convenerunt,
1720 4451 2021 4509 Orientales

2131 1892 2276 1945 eum,
2311 1875 2493 1933 Pater.
2533 1874 2689 1932 Hunc
2736 1877 2985 1932 novimus
3016 1877 3350 1946 unigenitum
3385 1874 3508 1945 ejus
3546 1874 3731 1930 Filium

2130 1978 2262 2024 nutu
2288 1977 2515 2041 paterno
2547 1969 2759 2024 venisse
2788 1968 2855 2025 de
2881 1968 3035 2024 caelis
3061 1969 3129 2023 ad
3158 1968 3588 2024 destructionem
3613 1983 3735 2039 peo-

2130 2063 2255 2129 cati,
2284 2070 2340 2119 et
2366 2070 2550 2118 natum
2581 2064 2738 2135 267
2764 2078 2831 2119 ex
2861 2062 3029 2117 Maria
3062 2061 3295 2131 Virgine,
3333 2071 3544 2118 etcum
3577 2062 3734 2119 disci-

2128 2154 2270 2227 pulis
2298 2163 2694 2220 conversatum,
2725 2163 2781 2210 et
2800 2169 3017 2210 omnem
3046 2155 3350 2225 complesse
3370 2155 3727 2225 diSpensatio-

2129 2261 2256 2302 nem
2284 2246 2579 2302 secundum
2608 2253 2886 2317 paternam
2927 2246 3291 2311 voluntatem;
3319 2244 3642 2300 cruciﬁxum
3681 2254 3733 2300 et

2128 2332 2424 2405 mortuum,
2451 2345 2506 2392 et
2534 2338 2602 2391 ad
2625 2335 2827 2392 inferos
2854 2335 3221 2404 descendisse,
3250 2344 3306 2391 et
3332 2351 3452 2406 qua:
3480 2337 3553 2391 ibi
3580 2344 3730 2391 erant

2128 2427 2469 2499 dispensasse
2496 2446 2511 2483 :
2542 2443 2703 2498 quem
2728 2428 2991 2499 janitores
3012 2426 3207 2483 inferni
3229 2428 3469 2484 videntes
3487 2442 3735 2499 expare-r

2126 2531 2288 2589 runt;
2320 2531 2374 2577 et
2411 2522 2497 2578 die
2540 2522 2701 2578 tertia
2750 2522 3127 2589 resurrexisse,
3178 2529 3235 2577 et
3282 2538 3394 2577 cum
3445 2521 3721 2591 discipulis

2128 2623 2534 2682 conversatum;
2567 2622 2623 2670 et
2643 2614 2994 2684 quadraginta
3026 2614 3217 2670 diebus
3242 2613 3486 2685 expletis,
3524 2615 3581 2667 in
3611 2628 3725 2669 cte-

2128 2707 2211 2764 los
2239 2708 2564 2772 ascendisse,
2598 2716 2653 2764 et
2679 2708 2868 2763 sedere
2900 2722 2930 2761 a
2961 2707 3165 2762 dextris
3203 2704 3413 2771 Patris;
3446 2715 3502 2760 et
3532 2713 3729 2761 ventu-

2127 2816 2248 2857 rum
2285 2801 2576 2857 novissima
2606 2800 2693 2856 die
2735 2802 2788 2856 in
2828 2801 2999 2870 gloria
3030 2799 3227 2868 Patris,
3274 2799 3343 2854 ad
3396 2799 3725 2854 reddendum

2126 2893 2419 2964 unicuique
2461 2895 2755 2949 secundum
2787 2907 2951 2963 opera
2981 2907 3097 2947 sua.
3132 2890 3198 2945 Et
3220 2892 3271 2946 in
3304 2889 3573 2960 Spiritum
3612 2905 3728 2945 san-

2127 2994 2295 3051 ctum,
2320 3002 2482 3057 quem
2512 2988 2627 3058 ipse
2656 2987 2963 3055 unigenitus
2987 2985 3083 3041 Dei
3112 2984 3275 3040 Filius
3304 2982 3464 3040 Jesus
3487 2984 3726 3045 Christus

2127 3078 2346 3134 mittere
2375 3080 2749 3149 compromisit
2769 3079 2954 3148 generi
2985 3078 3263 3134 hominum
3306 3077 3722 3138 consolatorem,

2128 3172 2423 3226 secundum
2473 3171 2619 3241 quod
2680 3173 2937 3241 scriptum
3004 3176 3088 3226 est
3132 3187 3144 3224 :
3201 3168 3349 3223 Vada
3392 3169 3466 3222 ad
3525 3168 3725 3221 Patrem

2126 3282 2313 3331 meum,
2345 3272 2393 3318 et
2432 3264 2624 3336 rogabo
2667 3265 2881 3319 Patrem
2914 3281 3105 3333 meum,
3151 3272 3202 3319 et
3242 3264 3404 3317 alium
3440 3270 3726 3318 consolato-

2125 3376 2231 3412 rem
2259 3359 2423 3411 mittet
2448 3358 2610 3425 vobis,
2636 3357 2890 3428 Spiritum
2922 3360 3187 3425 veritatis;
3220 3358 3308 3412 ille
3334 3376 3400 3412 ea:
3436 3375 3553 3412 meo
3596 3358 3725 3411 acci-

2122 3452 2248 3521 piet,
2283 3458 2330 3504 et
2362 3451 2583 3514 docebit,
2612 3461 2661 3505 et
2686 3452 3103 3506 commemorabit
3140 3453 3277 3506 vobis
3318 3452 3495 3506 omnia
3539 3450 3721 3521 (Joan.

2124 3558 2235 3609 xw,
2270 3542 2380 3609 16).
2406 3542 2613 3597 Nomen
2642 3559 2773 3598 vero
2805 3546 3138 3611 substantiae,
3170 3559 3236 3599 eo
3276 3544 3423 3614 quod
3472 3541 3726 3615 simplici-

2124 3642 2210 3689 ter
2239 3651 2269 3689 a
2302 3634 2545 3690 Patribus
2573 3636 2828 3705 positum,
2859 3652 2889 3690 a
2918 3636 3131 3706 populis
3161 3636 3460 3704 ignoretur,
3495 3644 3553 3690 et
3574 3649 3726 3689 scan-

2124 3725 2303 3781 dalum
2342 3724 2520 3793 faciat,
2551 3737 2605 3781 et
2633 3728 2758 3797 quia
2799 3743 2899 3782 nec
2948 3728 3239 3797 Scriptura:
3278 3728 3382 3782 hoc
3423 3727 3721 3791 continent,

2127 3817 2333 3887 placuit
2357 3818 2627 3888 abrogari,
2660 3830 2717 3875 et
2745 3821 2966 3875 omnino
2994 3822 3195 3876 nullam
3236 3822 3559 3876 memoriam
3600 3821 3727 3875 sub-

2123 3910 2335 3965 stantia:
2365 3910 2417 3964 in
2447 3910 2561 3966 Deo
2591 3926 2709 3967 esse
2736 3912 2803 3966 de
2833 3919 3064 3979 caetero;
3098 3927 3163 3967 eo
3187 3913 3329 3982 quod
3358 3913 3557 3969 divinae
3586 3912 3727 3967 Scri-

2124 4008 2296 4071 ptura:
2324 4017 2589 4070 nusquam
2617 4003 2685 4057 de
2706 4000 2880 4058 Patris
2917 4005 3215 4059 substantia
3264 4004 3494 4074 Filiique
3539 4005 3728 4060 memi-

2122 4092 2322 4148 nerint.
2356 4093 2598 4149 Similem
2620 4110 2750 4149 vero
2791 4095 3017 4150 dicimus
3048 4095 3242 4151 Filium
3270 4093 3416 4151 Patri
3464 4107 3571 4167 per
3605 4113 3727 4153 om-

2124 4183 2234 4249 nia,
2266 4184 2419 4240 sicuti
2454 4194 2652 4241 sanctae
2689 4185 2983 4256 Scriptura:
3020 4186 3204 4243 dicunt
3248 4203 3314 4244 ac
3358 4188 3582 4245 docent.
3636 4188 3730 4245 llis

2123 4276 2309 4345 itaque
2338 4276 2510 4345 lectis,
2541 4286 2929 4349 consurgentes
2962 4280 3156 4350 quibus
3186 4281 3300 4337 haec
3344 4281 3724 4351 diSplicebant,

2124 4369 2274 4425 aiunt
2298 4389 2311 4425 :
2333 4368 2451 4427 Non
2474 4371 2577 4428 ﬁde
2600 4383 2821 4443 egentes
2849 4374 2955 4429 huc
2983 4376 3225 4431 venimus
3253 4376 3543 4447 (integram
3572 4394 3727 4433 nam-

2125 4478 2230 4532 que
2256 4479 2554 4535 servamus,
2577 4482 2739 4536 quam
2760 4469 3101 4538 percepimus
3120 4470 3187 4525 ab
3212 4469 3410 4542 initio),
3435 4471 3535 4528 sed
3559 4474 3730 4542 magis

428 4540 644 4647 2‘1“:
666 4529 1052 4647 άθΛΑῑξξεξηδείο
1080 4546 1227 4605 εθεω
1257 4549 1398 4641 εαξη,
1430 4542 2021 4647 taﬁiturnitatintraden-
2047 4586 2103 4647 Β
2127 4529 2187 4607 ut
2216 4554 2261 4611 si
2290 4570 2394 4625 qua
2419 4529 2561 4611 circa
2591 4529 2706 4613 haec
2734 4529 2942 4615 novitas
2964 4561 3055 4628 sit,
3080 4563 3302 4617 omnino
3319 4529 3726 4633 piohibeamus.

424 4625 532 4688 tes,
580 4620 647 4674 ad
695 4624 983 4679 concilium
1027 4642 1088 4683 se
1128 4630 1424 4687 occurrisse
1471 4632 1742 4690 dicebant.
1776 4635 2018 4702 Quorum

423 4711 604 4768 studio
644 4712 989 4772 cohaerebant
1016 4716 1269 4779 Ursacius
1307 4732 1362 4778 et
1400 4722 1618 4794 Valens,
1651 4727 1743 4798 qui
1771 4729 1837 4784 ab
1866 4729 2020 4787 initio

425 4803 645 4873 quidem
692 4803 1017 4864 Arianorum
1045 4810 1240 4882 dogma
1285 4822 1598 4884 tenuerant;
1628 4820 1681 4873 in
1720 4821 1898 4877 medio
1925 4838 2022 4877 au-

424 4903 535 4950 tem
563 4894 940 4958 Homousianis
961 4918 1365 4975 consenserant,
1395 4909 1524 4965 dato
1564 4910 1745 4968 libello
1774 4912 2020 4972 Romano

426 4991 687 5062 pontiﬁci,
716 4995 875 5051 sicuti
911 4996 1023 5067 jam
1064 4997 1271 5055 dictum
1298 5010 1400 5057 est.
1432 5002 1522 5059 Isti
1550 5020 1783 5077 namque
1808 5023 2023 5080 semper

426 5082 495 5138 ad
520 5094 700 5155 partes
728 5104 826 5158 pro
856 5097 1102 5161 tempore
1136 5093 1431 5150 valentium
1466 5097 1825 5157 declinabant.
1871 5103 2018 5170 Quo-

426 5190 547 5230 rum
595 5176 869 5247 adjutores
912 5191 1068 5238 erant
1102 5181 1428 5254 Germinius,
1461 5188 1780 5262 Auxentius,
1821 5193 2017 5250 Demo-

426 5268 604 5340 philus
641 5277 697 5325 et
741 5270 921 5330 Gaius.
970 5275 1105 5331 Dum
1141 5293 1270 5349 ergo
1316 5281 1369 5334 in
1416 5284 1647 5340 concilio
1675 5289 2014 5356 praesentium

428 5361 566 5418 alter
607 5363 750 5420 aliud
795 5381 1102 5438 proponere
1146 5381 1453 5441 conaretur,
1498 5384 1624 5433 tunc
1668 5378 1917 5438 Ursacius
1964 5389 2021 5438 et

427 5452 629 5513 Valens
652 5457 906 5515 dicebant
930 5463 1111 5517 omnia
1140 5458 1260 5533 quae
1287 5465 1355 5521 de
1385 5464 1487 5523 ﬁde
1511 5469 1653 5525 dicta
1675 5482 1801 5527 sunt
1821 5473 2020 5533 debere

425 5550 701 5620 suspendi,
752 5562 809 5608 et
852 5556 1247 5627 suscipiendam
1294 5563 1561 5619 novellam
1602 5569 2017 5639 expositionem,

424 5657 587 5714 quam
614 5645 776 5714 paulo
804 5656 931 5705 ante
958 5648 1156 5708 Sirmio
1168 5658 1550 5714 convenientes
1575 5660 1874 5719 ediderant.
1894 5662 2021 5720 Haec

427 5731 688 5825 dicentes,
734 5744 792 5791 et
835 5738 1131 5797 chartulam
1174 5758 1283 5812 pta:
1330 5750 1579 5805 manibus
1624 5751 1885 5808 habentes
1913 5755 2019 5825 legi

430 5818 678 5880 fecerunt
699 5828 994 5887 secundum
1034 5834 1431 5905 expositionem
1454 5839 1581 5899 ﬁdei
1607 5840 1804 5902 Sirmio
1838 5818 2020 5919 prola-

2126 4642 2184 4698 Si
2210 4659 2338 4716 ergo
2367 4645 2482 4701 haec
2511 4663 2631 4718 qua:
2683 4648 2822 4704 lecta
2860 4658 2987 4706 sunt
3026 4652 3226 4705 nullam
3272 4650 3480 4707 faciunt
3525 4655 3729 4710 novita-

2122 4742 2252 4804 tem,
2302 4747 2488 4809 aperte
2522 4740 2634 4809 jam
2665 4742 3115 4799 anathematizate
3157 4744 3404 4800 haeresim
3445 4746 3723 4813 Arianam,

2123 4831 2263 4887 sicut
2287 4840 2343 4888 et
2372 4833 2504 4888 alias
2535 4835 2769 4892 haereses
2796 4839 2979 4906 regula
3001 4837 3248 4894 Ecclesiae
3281 4849 3543 4913 tanquam
3581 4842 3726 4897 blas-

2124 4924 2347 4997 phemas
2378 4926 2593 4995 abjecit.
2619 4927 2754 4996 Quia
2783 4931 2925 4986 enim
2954 4931 3325 5003 blasphemum
3363 4932 3477 4987 Arii
3532 4935 3724 5001 dogma

2125 5019 2312 5076 turbas
2345 5018 2620 5087 Ecclesiae,
2675 5038 2793 5093 qua:
2839 5025 3004 5079 etiam
3047 5042 3190 5082 nunc
3239 5023 3391 5092 ﬁunt,
3444 5028 3720 5094 excitavit,

2120 5118 2284 5181 atque
2309 5112 2623 5180 seditiones,
2665 5121 2781 5169 toto
2820 5115 2937 5171 orbi
2983 5124 3249 5172 terrarum
3296 5117 3456 5173 valde
3506 5118 3725 5173 notissi-

2121 5220 2270 5286 mum
2311 5214 2411 5261 est.
2456 5205 2583 5262 Haec
2604 5220 2733 5275 ergo
2762 5209 3079 5280 pr0positio,
3111 5210 3237 5266 dum
3284 5211 3352 5266 ab
3379 5209 3627 5278 Ursacio,
3672 5222 3724 5267 et

2126 5295 2367 5364 Valente,
2393 5305 2447 5353 et
2489 5298 2709 5367 reliquis
2748 5310 2998 5372 suscepta
3027 5318 3138 5359 non
3166 5302 3352 5359 fuisset
3378 5303 3448 5359 ad
3478 5305 3719 5375 plenum,

2122 5389 2303 5446 divisit
2329 5389 2649 5448 Ecclesiam.
2674 5393 2780 5450 Alii
2801 5409 3036 5466 namque
3065 5398 3149 5453 his
3179 5412 3299 5469 quae
3322 5396 3571 5455 Arimino
3600 5406 3721 5454 sunt

2124 5480 2263 5537 lecta
2292 5493 2699 5551 consenserunt,
2732 5486 2821 5541 alii
2844 5502 2976 5545 vero
3012 5488 3283 5545 Nicaenam
3327 5489 3511 5547 denuo
3562 5491 3720 5547 robo-

2123 5585 2379 5631 raverunt
2442 5575 2620 5633 ﬁdem.
2677 5577 2990 5637 Deriserunt
3029 5590 3209 5638 autem
3262 5584 3718 5655 conscriptionem

2124 5667 2267 5724 illius
2290 5668 2557 5737 lectionis,
2599 5680 2654 5727 et
2696 5674 2929 5729 maxime
2970 5674 3296 5732 Athanasius
3343 5675 3717 5733 Alexandrina:

2124 5760 2357 5820 civitatis
2385 5764 2672 5836 episc0pus
2701 5766 2753 5821 in
2783 5767 3011 5838 epistola
3033 5784 3197 5840 quam
3222 5770 3332 5827 suis
3360 5771 3716 5827 familiaribus

2124 5849 2414 5913 destinavit
2456 5872 2470 5912 :
2513 5871 2675 5928 quam
2726 5859 2819 5931 qui
2863 5860 3019 5934 legit,
3076 5862 3316 5922 inveniet
3358 5876 3524 5936 quam
3591 5860 3716 5946 τι)ιᾴ
