3972 6446
192 334 344 391 ιοαι

1302 333 1616 392 HISTORIA
1647 336 2088 396 TRIPARTITA.
2131 337 2332 396 LIBER
2371 342 2435 398 V.

3369 346 3507 417 lous

191 448 451 505 dictione
479 446 548 502 sit
590 447 767 517 plena.
813 447 1110 515 Secum-ss,
1139 451 1231 504 lib.
1283 466 1342 518 ιι,
1378 468 1494 523 cap.
1546 451 1648 519 29;
1681 452 1808 506 edit.
1844 453 1890 512 A
1917 453 2106 508 moria:
2130 456 2438 513 nominandi
2462 459 2823 531 Constantini,
2855 483 2980 525 eum
3009 472 3154 528 omni
3201 469 3510 546 integritate.

192 533 409 593 Christ.
442 537 618 592 Vales.
652 554 768 608 cap.
802 539 889 605 37,
917 558 970 610 p.
1005 539 1130 596 152.

275 629 550 685 Dicebant
574 630 720 685 enim
766 630 946 686 Ariani
985 633 1370 690 convenientes
1396 633 1658 700 Arimino,
1710 649 1812 688 vo-

193 719 392 775 lentes
419 719 690 789 Hesperiis
719 720 949 775 suadere
977 722 1326 792 simplicibus,
1359 725 1482 794 quia
1515 741 1623 780 non
1653 742 1818 797 opor-

197 820 352 866 teret
377 818 600 882 propter
617 811 724 866 duo
746 812 928 876 verba,
952 828 1070 882 quae
1093 829 1192 869 nec
1212 815 1577 870 invenirentur
1595 817 1812 886 scripta,

196 903 459 972 separari
508 918 704 971 corpus
745 901 1031 968 Ecclesize;
1081 905 1173 959 sed
1221 907 1449 962 similem
1498 923 1595 976 per
1636 908 1814 962 omnia

197 993 462 1063 proﬁteri
492 992 685 1046 Filium
714 993 966 1060 genitori,
1001 995 1310 1050 substantim
1334 1011 1464 1051 vero
1505 1004 1685 1052 tacere
1717 1013 1816 1050 no-

199 1098 358 1136 men.
427 1081 537 1137 Sed
587 1081 852 1137 fallaciam
903 1085 1193 1138 sentientes
1238 1086 1431 1140 horum
1477 1086 1816 1141 homousiani

197 1173 525 1245 pontiﬁces,
557 1189 652 1230 eos
690 1175 1094 1231 abdicaverunt.
1137 1177 1240 1246 Ipsi
1277 1193 1408 1230 vero
1453 1164 1646 1232 litteris
1690 1178 1819 1232 insi-

199 1273 524 1318 nuaverunt
555 1265 866 1334 imperatori
889 1267 1162 1335 propriam
1186 1266 1517 1322 voluntatem
1542 1285 1555 1322 :
1579 1267 1821 1323 dicentes

198 1357 354 1410 ﬁlios
386 1372 451 1411 se
478 1372 600 1412 esse
625 1355 840 1411 Patrum
869 1357 1065 1412 Nicmni
1086 1359 1319 1424 concilii,
1343 1359 1548 1429 pariter
1567 1369 1622 1414 et
1651 1359 1819 1415 hzere-

196 1446 322 1500 des.
353 1446 781 1510 TIIEODORETUS,
813 1446 902 1502 lib.
936 1464 991 1512 tt,
1021 1464 1138 1518 cap.
1164 1448 1252 1515 18,
1283 1467 1335 1520 p.
1370 1448 1459 1503 97.

277 1538 412 1594 Hoc
461 1547 642 1592 tamen
689 1538 988 1600 sciendum,
1030 1541 1284 1610 quoniam
1322 1545 1560 1612 synodus
1603 1539 1818 1609 quidem

201 1627 505 1684 Ursacium
545 1634 599 1682 et
647 1627 949 1690 Valentem,
997 1629 1322 1683 Auxentium
1364 1638 1420 1684 et
1463 1628 1818 1695 Germinium,

197 1719 414 1775 Gaium
447 1727 504 1773 et
525 1719 922 1788 Demophilum,
951 1734 1248 1790 eorumque
1276 1721 1454 1775 socios
1493 1720 1821 1775 condemna-

1921 549 1977 594 et
2001 543 2406 602 examinat'mne
2449 553 2810 624 conscriptam
2843 563 3158 631 exposuisse
3200 543 3381 636 fidem,
3417 569 3510 639 qui

1919 645 2042 686 cum
2083 634 2152 688 ab
2190 635 2292 692 hac
2315 637 2435 694 luce
2468 640 2792 712 baptismate
2819 662 3075 723 percepto
3100 634 3516 726 discesseI-it,—et

1919 722 1987 823 ad
2010 727 2228 793 praemia
2257 729 2450 785 debitae
2480 735 2627 802 pacis
2653 736 2869 804 abierit,
2898 722 3250 815 incongruum
3273 767 3395 808 esse
3415 722 3513 823 ju-

1920 813 2160 871 dicamus
2194 829 2318 888 post
2355 822 2502 878 illum
2533 826 2734 896 aliquid
2761 834 3018 891 novitatis
3053 813 3358 906 admittere,
3393 813 3515 899 tan-

1921 913 2114 976 tesque
2157 921 2376 967 sanctos
2421 917 2782 987 confessores,
2826 933 2883 978 et
2924 937 3211 1000 martyres,
3251 942 3306 987 et
3355 934 3516 1005 hujus

1921 994 2188 1064 dogmatis
2252 1004 2652 1075 conscriptores
2717 994 3132 1086 inventoresque
3195 994 3512 1091 despicere.

1920 1085 2010 1154 qui
2066 1091 2359 1145 secundum
2407 1096 2680 1165 antiquam
2723 1098 2980 1158 Ecclesite
3032 1085 3368 1163 sanctionem
3419 1127 3519 1181 per

1921 1182 2099 1235 omnia
2150 1185 2393 1251 sapuisse
2441 1198 2753 1245 noscuntur.
2785 1190 3026 1258 Quorum
3071 1196 3227 1253 tidem
3279 1199 3419 1255 Deus
3462 1202 3514 1255 in

1923 1277 2166 1340 tempora
2192 1274 2400 1344 imperii
2423 1278 2498 1331 tui
2523 1272 2833 1347 transmisit,
2850 1300 2946 1353 per
2967 1286 3250 1344 Dominum
3271 1301 3515 1347 nostrum

1920 1357 2100 1414 Jesum
2123 1362 2418 1431 Christum,
2449 1382 2546 1435 per
2573 1384 2734 1437 quem
2767 1373 2863 1426 tibi
2907 1374 3190 1445 imperium
3227 1381 3335 1435 tale
3384 1398 3516 1437 con-

1921 1465 2130 1506 cessum
2158 1463 2262 1517 est,
2291 1466 2349 1510 ut
2377 1459 2541 1512 etiam
2564 1463 2735 1517 nostri
2756 1463 2903 1520 orbis
2933 1469 3190 1525 terminos
3218 1473 3512 1530 obtineres.

1925 1541 2130 1599 Rursus
2159 1560 2290 1615 ergo
2318 1549 2555 1606 infelices
2577 1551 2687 1613 isti,
2717 1561 2773 1609 ct
2798 1557 3061 1626 sapientia
3092 1561 3356 1632 vilissimi,
3380 1582 3518 1635 pne-

1923 1636 2231 1704 sumptione
2271 1638 2472 1695 nefaria
2529 1642 2705 1712 impia:
2751 1647 3096 1715 cogitationis
3136 1655 3518 1721 pmdicatores

1925 1727 2247 1796 semetipsos
2296 1733 2780 1801 annuntiaverunt,
2831 1746 2890 1792 et
2940 1741 3184 1799 veritatis
3226 1748 3517 1804 terminum

199 1813 310 1879 vit,
356 1811 620 1864 Arianum
651 1809 842 1878 dogma
881 1810 1342 1864 anathematizare
1391 1809 1674 1879 fugientes.
1717 1809 1816 1876 Qui
1855 1819 1898 1880 Β
1925 1829 2134 1873 mutare
2158 1824 2510 1878 contendunt.
2548 1826 2680 1881 Dum
2702 1829 2843 1884 enim
2865 1835 3159 1890 secundum
3195 1844 3344 1893 tuum
3376 1857 3514 1911 pra:-

201 1911 448 1974 propter
474 1901 614 1957 hanc
641 1902 1042 1956 damnationem
1085 1902 1361 1971 indignati,
1405 1903 1472 1957 ad
1518 1902 1816 1973 principem

201 1993 476 2047 celeriter
520 1992 878 2056 advenerunt,
924 2002 1203 2062 portantes
1248 1993 1441 2048 lectam
1491 1994 1544 2048 in
1592 1994 1822 2049 concilio

201 2081 406 2137 ﬁdem.
437 2081 740 2147 Socnncs,
772 2082 863 2136 lib.
896 2099 955 2150 u,
984 2098 1101 2154 cap.
1133 2083 1233 2151 29;
1262 2085 1386 2138 edit.
1411 2083 1604 2140 Christ.
1647 2085 1820 2141 Vales.

196 2187 332 2241 cap.
371 2170 467 2235 5S,
500 2189 553 2241 p.
581 2171 706 2225 I36.

283 2261 552 2330 Apertius
579 2270 759 2316 autem
784 2261 1045 2333 integram
1080 2263 1200 2320 ﬁdei
1222 2265 1462 2334 regulam
1488 2281 1676 2322 eorum
1707 2265 1824 2337 epi-

194 2352 356 2406 stola
391 2352 462 2406 ad
488 2351 859 2408 Constantium
882 2352 1078 2426 scripta
1110 2357 1447 2411 monstrabit.
1471 2355 1638 2427 Cujus
1660 2359 1821 2412 verba

198 2451 342 2498 sunt
371 2443 512 2498 hzec.
546 2443 963 2513 Tleononerus,
995 2445 1088 2504 lib.
1113 2462 1170 2511 Il,
1204 2465 1319 2518 cap.
1351 2447 1419 2500 18
1438 2458 1490 2502 et
1526 2449 1611 2516 l9,
1639 2466 1695 2520 ρ.
1727 2447 1816 2503 97.

809 2624 1039 2681 CAPUT
1077 2626 1216 2680 XXI.
1279 2616 1290 2621 ί

204 2733 461 2805 Epistola
488 2736 691 2789 concilii
713 2736 1063 2816 _A_riminensis
1103 2740 1510 2816 orthodoxam":
1557 2744 1821 2816 episcopo-

511 2823 624 2860 rum
653 2807 723 2858 ad
749 2809 1111 2878 imperatorem
1143 2809 1522 2866 Constantium.

279 2919 482 2972 Divina
524 2918 766 2987 jussione
815 2926 870 2972 et
916 2928 1189 2988 prmcepto
1242 2921 1457 2990 pietatis
1506 2930 1630 2987 ture,
1688 2923 1820 2978 olim

199 3011 582 3080 dogmatizata
631 3011 968 3065 conﬁdimus.
1027 3011 1082 3064 In
1127 3011 1426 3068 Ariminum
1475 3029 1708 3085 namque
1752 3030 1821 3071 ex

204 3104 490 3160 universis
518 3101 956 3158 Occidentalibus
983 3104 1292 3161 civitatibus
1338 3121 1530 3162 omnes
1560 3108 1819 3163 conveni-

1927 1917 2141 1976 ceptum
2171 1914 2380 1968 concilii
2406 1915 2528 1983 jura
2557 1919 2978 1991 celebrarentur,
3003 1926 3079 1982 illi
3100 1930 3385 1987 consilium
3405 1949 3517 1989 sua:

1923 1997 2151 2054 fallacia:
2179 2002 2534 2062 nudaverunt.
2561 2008 2882 2068 Nitebamur
2899 2017 3041 2072 enim
3065 2019 3358 2079 calliditate
3381 2038 3517 2094 qua-

1928 2087 2052 2144 dam
2083 2101 2246 2162 atque
2273 2097 2538 2154 seditione
2563 2101 2766 2173 aliquid
2794 2108 3050 2163 novitatis
3073 2109 3289 2168 inferre.
3319 2087 3520 2186 Hujus-

1921 2183 2070 2238 modi
2127 2187 2270 2241 enim
2331 2191 2549 2248 malitia:
2595 2204 2786 2266 captos
2825 2199 3128 2258 invenimus
3191 2183 3517 2264 Germanum

1924 2275 2234 2343 quemdam,
2287 2289 2342 2333 et
2396 2281 2755 2354 Auxentium,
2799 2299 2964 2360 atque
3011 2294 3222 2363 Gaium,
3273 2299 3517 2357 haeresim

1924 2368 2437 2440 contentionemque
2482 2372 2758 2435 facientes.
2810 2381 3050 2448 Quorum
3109 2385 3356 2445 doctrina
3414 2408 3517 2448 una

1925 2457 2140 2524 quidem
2170 2461 2427 2529 existens,
2469 2467 2770 2524 universam
2811 2473 3010 2529 molem
3058 2479 3224 2550 238
3269 2481 3521 2554 blasphe-

1924 2545 2150 2600 miarum
2183 2555 2563 2610 transcendere
2609 2562 3017 2629 comprobatur.
3058 2545 3334 2633 Qui'cum
3372 2545 3520 2632 vide-

1925 2644 2047 2690 rent
2071 2652 2170 2692 nos
2199 2655 2372 2708 neque
2399 2658 2510 2698 sua:
2531 2646 2824 2704 voluntatis
2853 2667 2995 2721 esse,
3025 2671 3198 2727 neque
3223 2664 3520 2722 concordes

1925 2724 2118 2780 horum
2139 2743 2258 2796 qua:
2288 2730 2428 2786 male
2452 2749 2642 2803 sapere
2664 2738 3004 2811 videbantur,
3035 2760 3064 2799 a
3096 2724 3282 2804 nostro
3308 2767 3366 2806 se
3387 2767 3518 2806 con-

1923 2813 2049 2871 ciIio
2075 2826 2438 2887 nmtaverunt,
2469 2833 2527 2877 ut
2547 2828 2702 2894 quasi
2731 2829 2874 2884 aliud
2908 2837 3248 2893 conscribere
3277 2841 3521 2898 videren-

1925 2915 2029 2962 tur.
2083 2908 2213 2965 Erat
2247 2928 2376 2968 vero
2426 2925 2637 2987 tempus
2683 2922 2866 2990 breve,
2922 2929 3066 2994 quod
3113 2931 3275 2985 etiam
3328 2949 3517 2992 eorum

1924 3001 2136 3069 aperuit
2163 3003 2486 3062 voluntates.
2517 3007 2622 3064 Sed
2645 3022 2704 3065 ut
2733 3028 2839 3068 non
2887 3031 3101 3088 semper
3136 3023 3521 3084 ecclesiasticas

1923 3107 2100 3148 causa:
2129 3095 2180 3149 in
2211 3099 2426 3154 easdem
2458 3100 2733 3159 incurrant
2761 3111 3147 3167 concussiones
3190 3119 3335 3184 (nam
3361 3121 3515 3176 turba

203 3211 335 3250 mus
358 3194 520 3250 simul
542 3195 798 3264 episcopi,
835 3204 892 3249 ιη
918 3202 975 3249 ει
1003 3193 1132 3252 ﬁdes
1151 3197 1432 3252 caumin
1458 3212 1818 3267 cognoscere.
1844 3197 1892 3260 ε
1923 3193 2086 3278 atque
2131 3189 2326 3243 seditio
2365 3193 2596 3262 repetita
2650 3197 2900 3254 universa
2945 3204 3268 3278 confundit),
3306 3209 3518 3268 ﬁrmmn

203 3291 302 3340 ωτ
321 3283 608 3349 Ecclesiae,
638 3292 694 3338 et
727 3285 817 3354 qui
861 3286 1131 3340 contraria
1173 3288 1389 3357 sapiunt
1430 3289 1812 3358 penderentur.

205 3376 450 3432 Multum
510 3391 745 3446 namque
809 3377 1231 3446 diseeptantibus
1292 3381 1450 3436 nobis
1515 3381 1818 3438 invenimus

203 3467 486 3536 optimum
514 3479 635 3522 esse
656 3476 912 3522 statutam
945 3466 1102 3524 ﬁdem
1133 3470 1429 3540 antiquitus
1473 3487 1814 3542 permanere,

202 3572 378 3628 quam
403 3559 572 3613 etiam
602 3561 896 3630 propheta),
930 3563 1292 3632 evangelistm,
1317 3581 1419 3620 nec
1447 3583 1554 3622 non
1583 3569 1814 3638 apostoli

207 3665 310 3719 per
350 3647 537 3704 Jesum
581 3649 852 3705 Christum
899 3652 1184 3708 Dominum
1215 3665 1458 3710 nostrum
1499 3658 1816 3726 pmdicasse

205 3749 519 3795 noscuntur
547 3740 660 3810 (qui
690 3750 744 3796 et
771 3743 845 3796 tui
874 3744 1023 3812 regni
1053 3754 1347 3814 protector,
1379 3756 1592 3819 tuaeque
1626 3750 1816 3808 salutis

205 3833 511 3887 auxiliator
539 3836 666 3899 est),
698 3843 964 3902 quatenus
988 3834 1130 3891 hanc
1158 3846 1406 3895 tenentes
1424 3841 1810 3907 custodiamus,

206 3931 264 3978 et
283 3923 658 3979 custodientes
676 3923 744 3978 ad
771 3925 928 3979 linem
954 3943 1122 3996 usque
1139 3944 1434 3986 servemus.
1456 3931 1813 4002 Incongruum

203 4016 354 4072 enim
384 4015 759 4085 nefariumque
788 4017 1000 4073 videtur
1020 4036 1088 4076 ex
1117 4021 1200 4076 his
1227 4039 1348 4093 qua:
1375 4033 1525 4080 recte
1557 4027 1814 4098 justeque

205 4104 435 4162 deﬁnita
469 4118 596 4161 sunt
621 4107 821 4177 aliquid
851 4120 1179 4179 permutare,
1234 4115 1284 4168 id
1331 4124 1418 4169 est
1458 4117 1648 4172 horum
1691 4132 1813 4187 qum

205 4195 403 4255 Nicata:
456 4204 817 4257 communiter
860 4219 983 4258 cum
1025 4205 1415 4274 gloriosissimo
1455 4207 1812 4268 Constantino

205 4299 304 4344 tuo
331 4299 492 4361 patre
516 4299 573 4344 et
603 4290 927 4360 imperatore
955 4294 1252 4350 deliberata
1277 4307 1440 4365 atque
1465 4298 1640 4353 deﬁxa
1661 4309 1808 4356 sunt.

203 4378 454 4446 Quorum
484 4378 728 4432 doctrina
760 4389 922 4449 atque
950 4398 1141 4439 sensus
1169 4384 1440 4451 discurrit,
1466 4395 1522 4442 et
1549 4388 1810 4458 praedica-

204 4480 294 4526 tus
323 4478 411 4525 est
441 4469 494 4523 in
523 4471 762 4525 omnium
791 4472 1066 4530 hominum
1095 4475 1312 4532 auditus
1334 4485 1389 4532 et
1426 4488 1652 4534 mentes.
1683 4479 1808 4538 Haec

1921 3277 2078 3333 nobis
2104 3279 2278 3334 visum
2305 3291 2408 3347 est,
2441 3293 2497 3338 ut
2525 3301 2646 3356 quae
2670 3289 2869 3346 dudum
2897 3292 3112 3350 decreta
3145 3277 3299 3370 sunt,
3332 3302 3517 3373 legali-

1921 3373 2007 3421 ter
2060 3368 2571 3445 immutabiliterque
2625 3393 2928 3440 serventur.
2979 3368 3291 3448 Prmdictos
3336 3368 3518 3454 autem

1917 3461 2064 3515 viros
2087 3477 2117 3516 a
2149 3472 2334 3519 nostra
2357 3470 2736 3526 communione
2757 3477 3105 3534 secrevimus.
3131 3480 3246 3551 Qua
3266 3483 3332 3540 de
3354 3502 3518 3543 causa

1918 3551 2126 3621 legatos
2177 3556 2244 3611 ad
2292 3565 2440 3613 tuam
2488 3565 2950 3623 mansuetudinem
2995 3573 3256 3642 misimus,
3301 3581 3520 3636 concilii

1917 3647 2240 3702 sententiam
2303 3666 2401 3720 per
2446 3661 2689 3709 nostram
2737 3657 3151 3720 denuntiaturos
3205 3669 3492 3739 epistolam

1918 3735 2132 3806 Legatis
2150 3749 2329 3797 autem
2353 3760 2461 3814 prae
2486 3749 2736 3805 omnibus
2767 3751 2866 3808 ista
2896 3735 3255 3828 praecipimus,
3291 3773 3347 3816 ut
3372 3767 3517 3820 veri-

1918 3836 2082 3885 tatem
2112 3830 2380 3890 afﬁrment
2408 3852 2476 3892 ex
2508 3839 2697 3909 priscis
2725 3850 2780 3896 ct
2801 3842 2961 3911 justis
3000 3848 3298 3906 rationibus
3341 3867 3514 3923 expo—

1917 3931 2125 3989 nentes,
2157 3927 2246 3997 qui
2277 3929 2441 3983 etiam
2485 3939 2629 3986 tuam
2671 3935 2990 4004 religionem
3042 3938 3516 4014 instruant;quo-

1915 4014 2060 4068 niam
2090 4032 2219 4081 non,
2249 4017 2388 4073 sicut
2407 4020 2483 4073 ait
2511 4019 2761 4079 Ursacius
2806 4034 2861 4080 et
2907 4026 3127 4096 Valens,
3152 4031 3256 4086 erit
3293 4049 3419 4103 pax,
3466 4035 3514 4091 si

1915 4108 2044 4178 quid
2069 4108 2333 4177 justarum
2372 4115 2708 4170 sanctionum
2753 4117 2914 4174 fuerit
2956 4120 3316 4179 immutatum.
3365 4126 3514 4195 Quo-

1916 4201 2076 4254 modo
2097 4201 2238 4257 enim
2263 4219 2368 4272 pax
2393 4219 2512 4258 esse
2538 4207 2805 4264 credenda
2835 4218 2919 4266 est
2947 4214 3088 4284 apud
3117 4230 3212 4272 eos
3239 4217 3332 4287 qui
3364 4221 3514 4289 pacis

1910 4291 2032 4357 jura
2060 4291 2414 4348 subvertunt?
2441 4294 2732 4354 Contentio
2763 4301 2908 4356 enim
2937 4313 2992 4358 et
3013 4305 3211 4362 seditio
3256 4325 3352 4379 per
3396 4311 3512 4367 hac

1915 4382 2057 4436 inter
2083 4384 2315 4453 reliquas
2339 4388 2589 4445 civitates
2609 4399 2665 4446 et
2685 4391 2975 4451 Ecclesiam
3007 4397 3306 4456 Romanam
3335 4405 3514 4475 potius

1913 4473 2142 4528 orietur.
2171 4474 2515 4547 Quapropter
2543 4488 2647 4534 tua:
2693 4487 3089 4543 mansuetudini
3123 4473 3510 4569 supplicamus,

203 4565 338 4620 ﬁdes
368 4563 489 4620 sola
527 4563 778 4619 Arianam
813 4565 1061 4622 limresim
1111 4572 1437 4638 expugnavit
1463 4581 1519 4627 et
1544 4573 1808 4642 perdidit;

1918 4572 1973 4618 ut
2015 4565 2238 4634 placidis
2280 4569 2499 4623 auribus
2527 4579 2741 4628 nostros
2778 4572 3004 4642 legatos,
3047 4586 3105 4632 et
3151 4564 3310 4636 oculo
3360 4593 3510 4640 tran-

202 4673 302 4727 per
330 4671 498 4726 quam
547 4671 654 4710 non
685 4657 772 4711 illa
813 4659 948 4723 sola,
980 4660 1075 4714 sed
1122 4662 1284 4715 etiam
1318 4663 1534 4732 reliqua:
1576 4665 1809 4722 hereses

201 4754 329 4801 sunt
354 4746 646 4820 damnate.
671 4745 768 4802 Cui
799 4763 926 4802 vere
953 4758 1007 4803 et
1037 4749 1235 4805 addere
1279 4753 1568 4822 quidquam
1618 4754 1823 4811 incau-'

205 4845 319 4892 tum
352 4845 455 4904 est,
480 4845 536 4893 et
558 4836 770 4893 auferre
799 4839 1180 4908 periculosum.
1212 4841 1280 4896 Et
1319 4844 1581 4911 siquidem
1615 4846 1806 4902 horum

204 4926 437 4982 alterum
461 4928 573 4991 ﬁat,
605 4928 709 4982 crit
734 4927 964 4985 inimicis
986 4928 1215 4985 facultas
1241 4933 1434 5002 agendi
1455 4949 1575 5004 qua:
1600 4936 1802 4992 volunt.

204 5014 550 5087 Quapropter
572 5015 826 5074 Ursacius
856 5027 911 5072 et
949 5017 1170 5086 Valens,
1213 5021 1468 5089 quoniam
1519 5025 1808 5095 participes

204 5115 260 5159 et
283 5107 581 5163 concordes
620 5109 803 5163 Ariani
851 5108 1118 5178 dogmatis
1160 5121 1334 5177 erant,
1381 5131 1411 5168 a
1454 5127 1637 5170 nostra
1682 5127 1808 5172 sunt

208 5198 590 5252 communione
613 5199 900 5268 segregati.
933 5200 1104 5266 Quam
1135 5211 1196 5256 ut
1234 5204 1570 5274 reciperent,
1599 5222 1806 5276 cogno-

207 5295 422 5343 scentes
477 5287 674 5344 delicta
723 5290 919 5358 quibus
986 5305 1384 5362 peccaverunt,
1431 5298 1804 5368 pmnitentiam

209 5385 368 5444 atque
387 5379 600 5434 veniam
636 5379 924 5449 impetrare
955 5383 1278 5450 poscebant;
1321 5393 1376 5438 et
1417 5388 1678 5456 rescripta
1708 5404 1808 5444 eo-

208 5481 321 5520 rum
352 5469 467 5525 htec
489 5472 560 5527 ita
591 5487 649 5527 se
680 5471 880 5526 habere
911 5479 1196 5538 testantur,
1237 5490 1335 5544 pcr
1371 5491 1490 5544 qua:
1520 5478 1803 5534 criminum

212 5561 415 5615 veniam
448 5564 725 5620 consecuti
748 5574 893 5620 sunt.
929 5564 1057 5618 Erat
1086 5566 1227 5619 enim
1280 5576 1490 5638 tempus
1528 5587 1637 5640 quo
1684 5571 1804 5626 hmc

208 5659 353 5712 gesta
379 5663 690 5715 noscuntur,
720 5656 938 5722 quando
955 5654 1244 5712 Mediolani
1275 5659 1512 5726 synodus
1529 5663 1801 5719 celebrata

208 5747 309 5804 est,
340 5747 686 5810 praesentibus
716 5745 969 5802 Ecclesia:
1002 5747 1258 5804 Romana:
1305 5752 1646 5824 presbyteris.
1690 5753 1800 5832 Co-

207 5841 522 5898 gnoscentes
547 5839 701 5893 simul
730 5841 893 5894 etiam
922 5851 1043 5910 post
1069 5853 1297 5897 mortem
1330 5844 1651 5913 dignissimm
1683 5839 1796 5902 mc-

479 5931 751 5992 Parnm..
793 5935 1021 5994 LXIX.

1913 4656 2082 4724 quillo
2112 4659 2390 4728 respicias,
2420 4675 2596 4730 neque
2615 4663 2684 4718 ad
2714 4664 2961 4734 injuriam
2981 4667 3360 4727 defunctorum
3384 4677 3508 4730 novi

1914 4747 2116 4818 aliquid
2141 4749 2408 4806 immutari
2431 4754 2741 4822 permittas;
2765 4757 2859 4812 sed
2883 4773 3202 4827 permanere
3227 4779 3328 4820 nos
3363 4766 3510 4822 sinas

1913 4840 1968 4894 in
2009 4841 2094 4896 bis
2116 4857 2236 4910 qua:
2275 4859 2305 4897 a
2345 4849 2774 4914 progenitoribus
2824 4850 3042 4908 definita
3089 4866 3254 4926 atque
3299 4860 3510 4914 sancit:

1915 4942 2040 4986 sunt
2070 4951 2082 4987 :
2131 4935 2330 5006 quippe
2357 4952 2497 5006 quos
2525 4941 2703 4996 omnia
2751 4957 2873 4998 eum
2901 4945 3312 5009 deliberatione.
3346 4957 3509 5019 atque

1913 5025 2195 5093 sapientia,
2247 5035 2302 5081 et
2342 5026 2548 5098 Spiritu
2589 5041 2782 5087 sancto
2821 5035 3125 5092 celebrasse
3163 5035 3512 5096 conﬁdimus.

1913 5116 1988 5171 Ea
2018 5119 2159 5172 enim
2206 5133 2328 5187 qua:
2373 5121 2573 5176 abillis
2602 5139 2744 5178 nunc
2775 5125 3117 5191 innovantur,
3166 5127 3510 5185 credentibus

1910 5208 2126 5276 quidem
2156 5209 2582 5266 incredulitatem
2606 5211 2858 5279 inferunt,
2883 5223 2990 5271 non
3010 5218 3355 5274 medentibus
3377 5236 3508 5290 vero

1911 5299 2302 5356 credulitatem.
2346 5300 2718 5374 Supplicamus
2763 5306 2944 5375 itaque
2980 5316 3042 5362 ut
3083 5312 3364 5381 prmcipias
3411 5328 3508 5369 eos

1911 5391 2001 5461 qui
2021 5406 2122 5460 per
2148 5391 2356 5446 diversa
2389 5393 2503 5450 loca
2530 5395 2858 5461 detinentur,
2881 5412 3019 5467 quos
3043 5408 3101 5454 et
3119 5403 3297 5458 :etatis
3316 5417 3507 5472 grava-

1909 5496 2031 5534 mcn
2062 5490 2118 5534 et
2140 5482 2384 5550 angustia
2419 5487 2751 5553 paupertatis
2789 5484 2996 5553 allligit,
3041 5489 3106 5542 ad
3155 5493 3368 5562 propria
3416 5509 3504 5549 re-

1910 5585 2092 5624 meare
2119 5589 2130 5624 :
2159 5587 2225 5625 ne
2253 5571 2509 5628 desolata:
2537 5574 2762 5628 sublatis
2789 5576 3054 5646 episcopis
3079 5579 3364 5638 videantur
3401 5583 3502 5640 Ec-

1909 5663 2086 5719 clesiae
2115 5680 2454 5734 permanere.
2484 5665 2660 5738 Super
2689 5669 2802 5726 haec
2827 5673 2990 5727 etiam
3020 5674 3122 5730 hoc
3151 5690 3406 5745 rogamus
3445 5693 3502 5736 ut

1908 5757 2038 5812 nihil
2071 5757 2155 5812 his
2182 5773 2299 5826 qua:
2337 5759 2448 5828 jam
2487 5760 2771 5817 terminata
2819 5773 2965 5830 sunt,
2995 5775 3088 5822 aut
3131 5768 3384 5837 addatur,
3412 5783 3504 5828 aut

1908 5851 2202 5913 adimatur;
2226 5848 2324 5904 sed
2354 5850 2531 5904 omnia
2578 5851 2830 5908 inviolata
2863 5869 3212 5926 permaneant
3237 5877 3356 5930 quae
3391 5872 3444 5919 et
3473 5883 3504 5923 ίι

3023 5955 3101 6008 32
