3972 6458
467 340 616 399 ’1003
1717 346 1784 401 Μ.
1829 346 2080 401 ACREIJ

2194 346 2539 402 ASSIODORI
3633 346 3779 405 ποι

474 458 677 527 pietate
721 458 794 512 tui
829 457 1014 526 patris,
1056 466 1111 510 et
1159 457 1263 511 tuis
1309 474 1525 528 quoque
1578 469 1702 514 sunt
1757 468 2071 515 conservata
2103 463 2152 523 Α
2178 470 2517 530 quantusque
2546 476 2764 529 mmror,
2799 469 2857 515 ut
2892 460 3217 519 beatissimis
3255 461 3591 535 temporibus
3647 467 3781 530 tuis,

472 547 827 617 temporibus.
862 548 1045 617 Neque
1072 548 1140 603 de
1169 558 1369 604 extero
1391 566 1489 605 nos
1519 548 1753 620 fatigari,
1790 559 1846 605 et
1885 566 1914 605 a
1947 566 2074 621 pro-
2176 561 2337 606 tautae
2371 552 2623 608 Ecclesiae
2652 554 2871 621 privata:
2901 554 3184 609 videantur
3208 556 3498 626 episcopis.
3530 553 3602 609 Et
3652 570 3782 626 pro-

469 639 605 708 priis
633 640 902 709 parochiis
928 640 1134 699 alienos
1160 657 1281 697 esse
1312 644 1609 712 permittas,
1651 654 1916 713 quatenus
1955 642 2072 713 epi-
2176 653 2359 713 pteren
2390 662 2577 702 rursus
2604 656 2749 701 tuam
2781 646 3122 702 clementiam
3152 648 3525 719 deprecamur,
3555 646 3783 706 domine

470 730 623 799 scopi
654 744 774 785 cum
804 733 1025 803 proprio
1062 733 1266 803 popqu
1305 734 1363 787 in
1398 750 1531 805 pace
1579 751 1739 790 orare
1789 744 1844 790 et
1890 735 2073 790 divino
2177 737 2289 791 Deo
2309 738 2555 793 amabilis
2596 740 2909 809 imperator,
2937 747 2996 794 ut
3033 750 3159 797 ante
3189 740 3537 811 asperitatem
3586 737 3781 794 hiemis

469 822 636 878 cultui
668 840 862 881 vacare
891 826 1098 897 possint
1122 844 1137 879 :
1160 826 1530 897 supplicantes
1555 827 1667 882 Deo
1713 843 1811 898 pro
1842 842 1974 898 pace
1995 826 2072 881 tui
2176 830 2243 897 (si
2274 840 2452 885 tamen
2480 840 2672 885 vestrm
2701 832 2877 901 placet
2898 832 3104 902 pietati)
3130 849 3228 888 nos
3248 832 3316 887 ad
3340 839 3554 887 nostras
3582 829 3779 888 Eccle-

472 916 684 987 imperii
707 918 912 988 pariter
939 926 994 974 et
1014 919 1221 984 salutis,
1247 935 1407 988 quam
1441 919 1531 973 tibi
1554 918 1816 974 Divinltas
1844 920 1897 974 in
1948 932 2073 989 per-
2173 924 2283 979 sias
2310 940 2553 979 remeare
2578 926 2885 996 praecipias;
2918 934 3183 994 quatenus
3207 926 3371 981 etiam
3410 942 3555 983 nunc
3600 926 3777 997 possi-

468 1016 695 1081 petuum
744 1008 1021 1077 largiatur.
1075 1010 1255 1066 Nostri
1300 1026 1432 1067 vero
1478 1012 1639 1081 legati
1695 1014 2073 1083 episcoporum
2175 1031 2294 1069 mus
2338 1015 2692 1085 omnipotenti
2740 1013 2852 1069 Deo
2894 1023 2947 1069 et
2994 1014 3221 1070 Domino
3262 1015 3532 1071 Salvatori
3591 1024 3780 1073 nostro

470 1098 896 1170 subscriptiones
925 1111 979 1156 et
1007 1105 1227 1158 nomina
1253 1102 1520 1168 deferunt,
1543 1105 1635 1172 qui
1660 1104 1820 1159 etiam
1844 1104 2076 1161 lectione
2175 1104 2413 1173 Christo,
2435 1105 2553 1175 ejus
2583 1105 2718 1160 Filio
2746 1107 3044 1174 unigenito,
3077 1123 3175 1177 pro
3206 1115 3297 1162 tuo
3325 1108 3553 1180 imperio
3582 1109 3780 1164 solem-

472 1190 667 1246 divime
692 1191 988 1263 Scripturze
1014 1195 1331 1264 religionem
1362 1204 1508 1249 lnam
1535 1206 1791 1267 poterunt
1819 1198 2071 1256 edocere.

475 1280 894 1349 'I'usonons'rus,
919 1284 1011 1337 lib.
1044 1301 1101 1346 ιι,
1131 1300 1249 1355 cap.
1275 1284 1341 1338 I8
1364 1296 1413 1339 et
1443 1284 1531 1349 l9,
1561 1305 1615 1356 p.
1649 1288 1737 1342 97.

546 1371 673 1430 Ilzcc
698 1375 881 1445 itaque
895 1375 1134 1446 synodus
1153 1377 1392 1446 scripsit,
1411 1386 1466 1433 et
1490 1394 1587 1448 per
1605 1379 1890 1449 episc0pos
1913 1379 2075 1435 desti-

476 1467 641 1521 navit.
681 1465 929 1522 Ursacius
958 1476 1138 1521 autem
1162 1477 1218 1522 et
1241 1468 1439 1524 Valens
1467 1484 1655 1524 eorum
1688 1471 2078 1540 praevenientes

476 1557 786 1623 adventum,
840 1558 1241 1628 derogaverunt
1288 1560 1562 1616 concilio:
1594 1562 1943 1618 ostendentes
1972 1562 2074 1616 im-

475 1651 711 1718 peratori
741 1652 1137 1720 expositionem
1166 1649 1287 1707 ﬁdei
1318 1667 1479 1721 quam
1507 1654 1815 1723 portabant.
1848 1653 2081 1725 Impera-

478 1750 563 1794 tor
588 1741 791 1797 Ariano
818 1742 1055 1810 dogmati
1089 1741 1295 1805 laveris,
1330 1744 1641 1812 indignatur
1685 1744 1943 1799 adversus
1990 1760 2079 1816 sy-

2177 1212 2275 1251 ncs
2315 1197 2593 1252 orationes
2621 1197 2901 1253 celebrare
2930 1214 3050 1254 cum
3082 1200 3307 1271 populo.
3348 1199 3659 1271 Socn'res,
3686 1203 3776 1257 tib.

2176 1304 2232 1352 tt,
2266 1304 2381 1361 cap.
2412 1288 2513 1354 29;
2540 1289 2665 1343 σεῦε.
2697 1287 2889 1344 Christ.
2933 1289 3104 1344 Vales.
3138 1307 3256 1362 cap.
3288 1290 3381 1355 57,
3410 1309 3464 1362 ρ.
3500 1290 3629 1346 159.

2744 1420 2974 1478 CAPUT
3013 1420 3201 1477 XXIV.

2180 1515 2331 1581 Quod
2378 1514 2756 1570 discedentibus
2808 1516 3059 1583 episcopis
3108 1517 3265 1585 fuerit
3306 1514 3645 1569 Constantius
3692 1515 3781 1570 in-

2842 1586 3107 1640 diauatus.

2842 1604 3107 1656 atgnatus.

2252 1675 2385 1731 Cum
2415 1676 2531 1730 Inec
2581 1674 2941 1745 scripsissent,
2987 1681 3041 1729 ct
3091 1673 3363 1730 modicum
3402 1676 3785 1730 sustinuissent

2185 1780 2417 1839 tempus,
2450 1772 2778 1838 imperatore
2809 1768 3013 1824 nullum
3036 1769 3200 1825 dante
3239 1786 3585 1840 responsum,
3628 1773 3789 1843 259

477 1835 701 1931 ’ξοάυωξ
726 1843 780 1889 εί
813 1834 1092 1931 υηθςίιιω
1122 1836 1498 1931 “ﬁdentem
1540 1837 1721 1931 ιξ⁰¹ί³ξδ
1766 1837 2075 1931 Ῑξ⁰¹¹⁰τξ¹νίίο
2113 1839 2155 1899 Β
2183 1860 2251 1915 ad
2295 1834 2539 1917 civitates
2579 1861 2823 1931 proprias
2870 1869 3233 1915 recesserunt.
3274 1834 3536 1931 Princeps
3581 1834 3782 1926 att—ten;

476 1924 840 1992 Quamobrem
867 1929 958 1997 qui
986 1944 1017 1982 a
1038 1928 1271 1983 concilio
1298 1927 1512 1982 fuerant
1550 1927 1803 1981 destinati
1836 1927 2081 1982 tardave—

478 2030 621 2086 runt,
649 2037 761 2075 non
789 2022 1032 2076 valentes
1062 2022 1352 2092 impetrare
1371 2035 1711 2093 responsum.
1741 2019 1876 2075 Sero
1899 2029 2079 2075 tamen

478 2112 546 2166 ad
603 2113 868 2184 synodum
914 2113 1265 2169 Constantius
1315 2128 1412 2185 per
1456 2122 1751 2183 praesentes
1798 2112 2083 2183 episcopos

474 2203 786 2270 huiusmodi
813 2205 1018 2273 scripta
1048 2204 1264 2259 direxit.
1298 2205 1597 2270 Socns'rss,
1631 2203 1722 2258 lib.
1755 2218 1812 2269 ιι,
1844 2218 1963 2273 cap.
1985 2201 2080 2267 29;

496 2298 605 2353 .dit.
633 2297 828 2352 Christ.
866 2296 1040 2351 Vales.
1066 2314 1185 2367 cap.
1210 2298 1298 2361 57,
1330 2315 1382 2366 p.
1416 2295 1539 2349 I39.

1077 2422 1304 2485 CAPUT
1347 2429 1507 2485 XXII.

616 2522 854 2594 Epistolu
883 2521 1174 2579 Constantii
1202 2524 1269 2577 ad
1299 2525 1623 2578 Ariminense
1646 2525 1949 2579 concilium.

552 2614 901 2671 Constantius
946 2618 1122 2671 victor
1144 2632 1208 2674 ac
1256 2616 1617 2687 triumphator
1655 2619 1927 2685 Augustus
1968 2617 2085 2673 uni-

478 2708 650 2763 versis
678 2708 949 2779 episcopis
976 2708 1221 2764 Arimino
1242 2708 1583 2778 congregatis
1611 2708 1862 2764 salutem.

550 2800 776 2871 Semper
798 2798 1047 2871 equidem
1077 2808 1135 2855 et
1163 2815 1275 2870 pra:
1314 2799 1568 2855 omnibus
1596 2799 1836 2869 cogitare
1875 2816 1976 2855 nos
2018 2799 2089 2857 de

478 2907 634 2947 sacra
657 2900 711 2945 et
739 2889 1012 2945 adoranda
1033 2890 1172 2961 lege,
1192 2906 1296 2945 non
1321 2890 1534 2961 ignorat
1554 2898 1735 2947 vestra
1758 2889 2084 2959 benignitas.

480 2984 631 3041 Nunc
660 2994 840 3039 autem
870 2982 1057 3053 viginti
1097 2998 1235 3053 quos
1273 2992 1454 3039 vestra
1494 2983 1760 3053 sapientia
1798 2982 2065 3039 destinavi

478 3077 784 3147 episcopos,
815 3074 1101 3145 legationis
1138 3090 1250 3130 sua:
1288 3090 1471 3138 causa,
1504 3074 1719 3130 interim
1769 3072 1952 3129 videre
1992 3089 2089 3129 ne-

476 3168 765 3237 quivimus,
798 3184 921 3223 cum
944 3168 1015 3223 sit
1035 3168 1190 3224 nobis
1219 3167 1589 3224 necessarium
1636 3166 1780 3221 cirm
1822 3165 2086 3222 barbaros

479 3260 605 3325 iter,
630 3267 706 3326 et,
749 3257 886 3315 sicut
911 3257 1099 3323 nostis,
1125 3257 1317 3314 deceat
1345 3260 1527 3312 animo
1556 3272 1695 3327 puro
1717 3256 1786 3311 ab
1818 3257 1965 3312 omni
1986 3273 2083 3313 co-

477 3350 740 3419 gitatione
764 3349 1049 3406 utilitatem
1080 3349 1272 3403 divina:
1302 3350 1434 3418 legis
1454 3350 1792 3405 examinare.
1820 3348 2087 3406 Iussimus

482 3439 646 3508 igitur
685 3439 969 3510 episcopos
1019 3440 1071 3494 in
1122 3438 1473 3510 Atlrianopoli
1522 3449 1767 3499 nostram
1814 3441 2086 3497 sustinere

484 3530 911 3598 regressionem;
935 3538 995 3583 ut
1021 3545 1141 3584 cum
1164 3530 1411 3584 universa
1437 3530 1737 3597 respublica
1761 3528 1925 3584 fuerit
1949 3531 2087 3587 bene

482 3620 760 3691 disposita,
787 3628 913 3675 tunc
933 3636 1053 3691 quae
1072 3621 1338 3689 gesserint
1358 3619 1543 3674 audire
1566 3620 1850 3688 possimus.
1883 3620 2089 3676 Vestra:

483 3726 615 3782 ergo
638 3713 911 3769 sanctitati
933 3729 1040 3768 non
1071 3712 1320 3768 videatur
1348 3728 1636 3768 onerosum
1666 3728 1852 3768 eorum
1892 3727 2086 3783 exspe-

487 3812 641 3858 ctare
667 3816 1004 3873 regressum;
1038 3812 1097 3857 ut
1124 3801 1251 3858 dum
1281 3802 1512 3859 redeunt
1540 3813 1785 3858 nostrum
1816 3804 1970 3858 vobis
2001 3819 2089 3859 re-

486 3895 725 3952 ferentes
753 3911 1093 3965 responsum,
1116 3894 1418 3966 perducere
1448 3895 1665 3965 possitis
1701 3893 1767 3949 ad
1800 3894 2088 3949 terminum

484 4006 606 4061 qua:
647 3988 902 4046 Ecclesia:
932 3988 1218 4044 catholica:
1251 3988 1401 4043 utilia
1451 4002 1571 4043 esse
1619 3994 1933 4043 noscuntur.
1980 3983 2090 4041 Has

485 4085 693 4139 litteras
720 4081 1073 4152 suscipientes
1100 4080 1362 4151 episcopi,
1396 4080 1521 4134 talia
1544 4078 1960 4150 rescripseruut.
1984 4076 2087 4134 So-

484 4192 711 4240 cnnes,
761 4171 851 4228 lib.
892 4189 948 4240 II,
992 4189 1109 4242 cap.
1156 4170 1260 4240 29;
1309 4172 1436 4228 edit.
1486 4171 1682 4228 Christ.
1738 4170 1916 4226 Vales.
1967 4188 2086 4244 cap.

482 4269 571 4333 37,
603 4288 656 4339 p.
688 4267 810 4322 I59.
876 4288 881 4293 -

1061 4420 1294 4479 CAPUT
1333 4422 1519 4478 XXIII.

482 4517 726 4587 Epistola
755 4519 1102 4573 Ariminensis
1124 4518 1327 4572 concilii
1350 4518 1419 4571 ad
1438 4520 1802 4589 imperatorem
1828 4516 2085 4572 Constan-

1074 4590 1202 4642 tium
1230 4589 1512 4643 destinata.

560 4677 791 4733 Litteras
819 4679 1121 4733 clementiae
1168 4686 1277 4732 tuas
1321 4679 1676 4748 suscepimus,
1726 4676 1945 4732 domine
1970 4675 2084 4732 Deo

480 4768 736 4823 amabilis
761 4769 1091 4835 imperator:
1128 4769 1323 4839 quibus
1349 4768 1679 4832 continetur,
1711 4768 1832 4837 quia
1862 4777 2088 4837 propter

482 4858 866 4917 necessitatem
897 4858 1166 4929 publicam
1198 4857 1415 4913 interim
1464 4874 1569 4912 non
1603 4859 1825 4927 potuisti
1869 4866 2087 4913 nostros

487 4952 672 5007 videre
701 4950 928 5019 legatos,
964 4966 1171 5020 nosque
1192 4950 1395 5020 jubetis
1418 4958 1477 5004 ut
1506 4965 1694 5004 eorum
1724 4950 2085 5006 sustineamus

478 5040 801 5104 adventum,
838 5040 1013 5096 donec
1065 5054 1131 5095 ea
1160 5056 1283 5111 qum
1328 5054 1357 5094 a
1384 5040 1539 5095 nobis
1585 5041 1804 5095 decreta
1858 5048 1985 5093 sunt
2027 5047 2085 5094 et

488 5135 688 5189 nostris
712 5134 1151 5203 progenitoribus
1185 5147 1489 5189 consonare
1533 5140 1848 5195 noscuntur,
1897 5132 1965 5186 ab
2008 5132 2089 5186 eis

484 5228 664 5298 pictas
685 5234 862 5280 vestra
887 5237 1200 5295 cognoscat.
1225 5224 1591 5292 Quamobrem
1621 5231 1678 5277 et
1704 5237 1846 5277 nunc
1867 5235 1964 5291 per
1990 5221 2087 5276 has

487 5317 698 5371 litteras
727 5314 1041 5385 proﬁtemur
1069 5326 1232 5384 atque
1263 5315 1539 5369 ﬁrmamus
1565 5328 1904 5383 nequaquam
1934 5326 2031 5366 nos
2054 5326 2083 5365 a

487 5410 772 5481 pr0posito
797 5417 982 5463 nostro
1011 5408 1292 5463 recedere.
1317 5406 1433 5462 Hoc
1458 5407 1619 5462 etiam
1654 5406 1855 5460 nostris
1894 5404 2086 5473 legatis

488 5502 841 5571 iniunximus.
873 5500 1251 5570 Supplicamus
1282 5499 1444 5567 igitur
1476 5507 1535 5552 ut
1574 5498 1754 5552 animo
1795 5496 2085 5565 tranquillo

490 5608 546 5653 et
573 5606 866 5670 prmsentes
895 5606 1093 5652 nostra:
1122 5595 1508 5650 mediocritatis
1546 5593 1751 5647 litteras
1788 5591 1952 5661 relegi
1996 5588 2085 5658 ju-

490 5694 643 5758 beas,
676 5700 732 5746 et
770 5690 859 5744 illa
886 5704 1005 5758 qua:
1043 5705 1141 5757 per
1171 5689 1377 5755 legatos
1425 5693 1638 5739 nostros
1691 5683 2082 5746 mandavimus,

495 5783 722 5837 libenter
745 5783 997 5851 accipias.
1044 5780 1178 5835 Illud
1207 5783 1387 5848 itaque
1421 5779 1698 5835 nobiscum
1740 5777 2087 5833 considerare

499 5888 589 5927 tua
649 5875 1005 5928 mansuetudo
1067 5873 1259 5941 debet,
1317 5880 1517 5940 quanta
1540 5872 1611 5927 sit
1662 5870 1823 5927 modo
1867 5870 2083 5925 tristitia

2112 3219 2159 3282 C

2184 1971 2307 2011 cum
2338 1964 2392 2009 et
2422 1955 2570 2024 prius
2612 1953 2970 2009 contenderet
2999 1953 3252 2008 Arianam
3291 1961 3497 2008 sectam
3544 1968 3647 2023 per
3689 1952 3786 2008 Ec-

2184 2045 2379 2099 clesias
2425 2046 2714 2109 seminare,
2765 2043 3108 2098 occasionem
3154 2043 3365 2113 injuria:
3409 2059 3522 2098 sua:
3574 2043 3783 2098 illorum

2184 2140 2371 2195 habuit
2398 2140 2816 2194 discessionem:
2847 2138 3031 2192 dicens
3055 2153 3114 2191 se
3134 2146 3526 2206 contemptum,
3546 2152 3619 2193 eo
3644 2136 3785 2206 quod

2183 2239 2379 2301 praeter
2398 2231 2694 2299 jussionem
2726 2230 2844 2297 ejus
2874 2230 3164 2284 concilium
3196 2229 3471 2287 videretur
3494 2245 3619 2285 esse
3646 2230 3784 2285 sola-

2186 2327 2319 2374 tum.
2346 2319 2685 2391 Quapropter
2717 2318 2939 2374 Ursacio
2969 2328 3025 2375 et
3055 2320 3136 2374 his
3166 2320 3258 2389 qui
3287 2321 3428 2376 circa
3460 2336 3591 2375 eum
3640 2329 3787 2375 erant

2184 2413 2597 2483 permissionem
2628 2411 2772 2467 dedit
2807 2420 2998 2467 contra
3027 2411 3297 2467 Ecclesias
3335 2412 3531 2481 agendi
3563 2412 3784 2468 ﬁducia-

2185 2503 2311 2558 Iiter
2363 2504 2726 2573 quodcunque
2778 2504 3092 2573 placuisset.
3144 2503 3599 2573 Explanationem
3660 2519 3788 2558 vero

2186 2596 2340 2652 lectae
2380 2596 2434 2651 in
2476 2596 2717 2651 Arimino
2761 2595 2882 2652 ﬁdei
2921 2596 3083 2665 jussit
3130 2612 3227 2666 per
3270 2596 3543 2652 Ecclesias
3584 2598 3788 2653 Italicas

2186 2685 2447 2741 destinari
2484 2703 2496 2738 :
2526 2685 2849 2755 przecipicns
2878 2694 2936 2738 nt
2984 2684 3230 2739 nolentes
3261 2685 3315 2739 in
3356 2701 3419 2741 ea
3451 2685 3788 2742 subscribere

2187 2776 2521 2847 pellerentur
2546 2774 2821 2842 Ecclesiis,
2851 2775 2981 2829 etin
3013 2791 3200 2830 eorum
3226 2774 3361 2830 locis
3402 2776 3493 2831 alii
3530 2776 3786 2844 subroga-

2187 2877 2375 2923 rentur
2394 2866 2655 2936 episcopi.
2676 2865 2974 2931 Sncnnss,
2995 2866 3084 2920 lib.
3110 2883 3166 2930 tt,
3191 2866 3423 2938 cap.29;
3452 2868 3576 2922 edit.
3597 2864 3783 2922 Christ.

2068 2992 2092 3038 ι
2196 2956 2376 3011 Vales.
2412 2974 2528 3027 cap.
2560 2955 2652 3023 57,
2680 2974 2731 3028 p.
2760 2956 2883 3012 HO.

2763 3090 2995 3147 CAPUT
3034 3090 3194 3147 XXV.

2392 3185 2472 3241 De
2496 3186 2696 3259 synodo
2720 3187 2775 3241 in
2806 3185 2859 3240 Ν
2866 3187 2997 3241 iam
3026 3186 3268 3242 Thraciae
3293 3188 3579 3245 celebrata.

2263 3279 2515 3336 Ursacius
2534 3288 2715 3334 autem
2736 3281 2963 3348 ejusque
2980 3280 3334 3335 consentanei
3356 3281 3425 3335 ab
3444 3280 3596 3336 Italia
3616 3280 3789 3338 disce

2188 3374 2399 3438 dentes,
2430 3382 2701 3427 venenint
2733 3374 2799 3427 ad
2849 3373 3123 3428 civitatem
3154 3371 3399 3429 Thracias
3435 3374 3657 3429 nomine
3698 3373 3791 3428 N-

2188 3478 2357 3521 mm
2382 3482 2395 3515 :
2426 3478 2536 3532 quo
2559 3463 2711 3517 brevi
2738 3471 2985 3533 tempore
3006 3472 3410 3521 commorautes
3444 3464 3591 3519 aliud
3616 3462 3791 3521 facere

2189 3557 2497 3613 concilium.
2531 3555 2599 3610 Et
2620 3556 2815 3611 lectam
2845 3558 2898 3611 in
2946 3557 3192 3612 Arimino
3225 3558 3625 3628 expositionem
3665 3559 3788 3616 ﬁdei

2187 3649 2378 3705 ϐιωοο
2402 3649 2824 3718 interpretantes
2841 3648 3059 3719 eloquio
3088 3648 3416 3718 publicatam
3437 3648 3790 3705 conﬁrma”.

2190 3746 2346 3804 runt;
2373 3747 2429 3792 et
2450 3746 2639 3807 postea
2668 3736 3016 3804 divulgabant
3042 3752 3162 3791 eam
3190 3752 3313 3791 esse
3355 3736 3516 3793 ﬁdem
3564 3753 3683 3807 qua
3721 3740 3790 3794 ab

2192 3830 2483 3886 universali
2503 3828 2733 3885 concilio
2760 3838 2815 3883 et
2842 3828 3040 3883 dictata
3070 3837 3214 3883 esset
3235 3838 3292 3884 et
3319 3830 3463 3884 edita
3495 3831 3547 3885 in
3579 3831 3789 3897 Nitrata;

2192 3931 2251 3977 ut
2277 3922 2627 3977 similitudine
2651 3919 2887 3975 nominis
2924 3920 3125 3975 Nicaeui
3158 3921 3519 3991 simpliciores
3546 3923 3647 3979 hac
3671 3922 3789 3978 sub-

2190 4014 2438 4084 reptione
2464 4013 2772 4082 deciperent
2796 4030 2808 4064 :
2835 4012 3099 4081 putabant
3134 4013 3276 4068 enim
3323 4013 3379 4068 in
3407 4013 3584 4069 Nicaea
3610 4014 3789 4087 Bithy-

2191 4109 2295 4164 nia:
2319 4122 2440 4163 esse
2480 4106 2739 4162 dictatam
2770 4104 2953 4159 ﬁdem.
2995 4104 3102 4160 Sed
3145 4105 3279 4160 nihil
3320 4106 3524 4176 profuit
3564 4108 3644 4162 eis
3682 4108 3791 4163 tale

2190 4207 2575 4257 commentum.
2616 4196 2746 4253 Post
2788 4197 3064 4267 paululum
3092 4212 3327 4268 namque
3374 4197 3584 4254 confusi
3627 4206 3788 4269 atque

2190 4290 2352 4347 derisi
2380 4299 2523 4347 sunt.
2555 4288 2856 4358 Socuns,
2886 4290 2978 4345 lib.
3017 4305 3072 4357 tt,
3108 4305 3227 4361 cap.
3275 4291 3377 4358 39;
3426 4294 3551 4347 edit.
3593 4292 3786 4347 Christ.

2200 4382 2377 4438 Vales.
2410 4398 2525 4451 cep.
2554 4381 2645 4447 57,
2673 4399 2725 4452 p.
2758 4382 2881 4437 Ml.

2752 4513 2982 4570 CAPUT
3023 4514 3213 4571 XXVI.

2113 4602 2166 4662 D
2191 4602 2460 4671 Quomodo
2488 4606 2806 4659 Athanasius
2834 4608 3065 4677 furorem
3104 4605 3398 4661 Constantii
3426 4606 3596 4663 denuo
3632 4608 3787 4662 decli-

2879 4676 3103 4729 noverit.

2259 4767 2470 4824 Interea
2501 4769 2742 4823 sentiens
2765 4766 3091 4822 Athanasius
3111 4764 3211 4822 sibi
3234 4767 3454 4823 insidias
3475 4770 3782 4840 prtparari,

2188 4871 2528 4927 nequaquam
2558 4858 2623 4912 ad
2648 4858 3033 4927 imperatorem
3070 4857 3256 4913 venire
3304 4860 3662 4930 praesumpsit,
3690 4875 3785 4914 ne-

2186 4965 2293 5019 que
2322 4950 2424 5004 hoc
2453 4948 2583 5003 utile
2608 4948 2897 5019 judicavit;
2930 4949 3023 5005 sed
3051 4948 3251 5005 electos
3273 4964 3341 5004 ex
3366 4947 3604 5021 Egypto
3626 4953 3783 5021 quin-

2190 5056 2297 5110 que
2325 5040 2647 5110 episcopos,
2666 5040 2805 5094 inter
2830 5054 2969 5108 quos
3016 5038 3366 5109 Serapionem
3400 5037 3781 5094 Thmuiensem

2192 5133 2365 5186 virum
2395 5132 2663 5201 prmcipua
2693 5130 2803 5185 vita
2832 5139 3079 5186 sanctum
3101 5139 3157 5186 et
3185 5129 3253 5184 ad
3275 5129 3601 5200 loquendum
3631 5131 3784 5186 valde

2190 5225 2489 5295 copiosum,
2516 5223 2680 5299 mittit
2709 5221 2777 5276 ad
2803 5222 3097 5293 principem
3130 5233 3257 5279 tunc
3285 5223 3338 5277 in
3363 5220 3654 5279 Occidente
3693 5224 3779 5277 de.

2188 5322 2423 5384 gentem,
2456 5330 2577 5369 cum
2606 5314 2801 5383 quibus
2821 5314 2983 5369 etiam
3008 5320 3120 5369 tres
3139 5315 3507 5385 presbyteros,
3538 5329 3634 5385 per
3652 5330 3788 5385 quos

2186 5407 2289 5462 sibi
2341 5408 2585 5478 placaret
2628 5407 3028 5476 imperatorem,
3082 5414 3138 5460 et
3190 5421 3292 5475 pro
3346 5405 3789 5477 derogationibus

2186 5500 2561 5556 satisfacerent
2604 5498 2975 5563 inimicorum;
3021 5496 3233 5567 aliaque
3287 5496 3531 5552 facerent
3566 5512 3685 5566 quae
3732 5496 3782 5551 ei

2189 5590 2273 5644 vel
2304 5589 2558 5644 Ecclesiis
2587 5588 2921 5659 expedirent.
2953 5589 3158 5654 Quibus
3197 5588 3598 5656 navigantibus,
3624 5588 3783 5657 paulo

2189 5691 2311 5750 post
2334 5680 2525 5734 litterae
2549 5686 2813 5733 venerunt
2842 5670 3181 5746 imperatoris
3209 5686 3504 5732 evocantes
3527 5692 3668 5732 eum.
3702 5673 3783 5729 0b

2189 5786 2351 5842 quam
2385 5788 2500 5827 rem
2531 5780 2585 5826 et
2623 5771 2971 5836 Athanasius,
3010 5780 3066 5825 et
3122 5770 3353 5840 pupillus
3398 5779 3479 5825 cst
3516 5771 3774 5829 turbatus,

2170 5887 2312 5935 rum
2331 5887 2502 5939 neque
2525 5867 2784 5922 hmrctieo
2806 5866 3115 5935 imperatori
3137 5864 3359 5920 obedire
3380 5874 3599 5920 cautum
3618 5872 3777 5927 esset,
