3972 6442
194 300 338 361 ιοθες

1280 298 1598 356 HISTORIA
1639 291 2075 353 TRIPARTI'I’A.
2119 260 2321 351 LIDER
2364 296 2427 351 ν.

3354 296 3495 355 1006

192 440 376 497 neque
404 422 655 480 reluctari
682 422 801 477 sine
825 416 1086 492 periculo.
1110 418 1494 474 Verumtamen
1526 417 1602 471 ire
1627 415 1797 469 distu—
1825 416 1877 474 Α
1903 411 2003 467 Cui
2050 414 2235 483 utique
2281 414 2613 483 derogabant
2656 415 2897 490 )Egyptii
2938 417 3214 485 monachi,
3264 433 3495 490 quorum

195 520 282 587 lit,
309 526 368 572 et
407 516 707 571 litterarum
742 514 971 584 portitor
997 513 1116 566 sine
1150 510 1343 567 ell'ectn
1390 523 1639 564 reversus
1684 513 1791 560 est.

193 606 628 677 Superveniente
655 612 833 659 autem
879 611 1064 657 asstate
1088 601 1309 655 veniens
1346 599 1483 654 alius
1511 599 1579 653 ab
1628 598 1802 666 impe-

194 708 385 754 ratore
414 697 609 753 missus
637 711 758 751 cum
790 691 1365 765 priivincimjudicibus
1398 690 1629 758 cogebat
1655 706 1798 755 eum,

195 789 460 858 cleroque
483 787 644 842 nimis
664 793 782 840 erat
810 785 1055 838 infestus.
1082 783 1248 836 Porro
1276 781 1533 851 populum
1558 790 1801 851 paratum

196 881 395 935 ridens
418 879 486 935 ad
509 880 727 944 bellum,
762 879 925 932 etiam
947 878 1050 933 iste
1073 891 1325 931 reversus
1353 884 1455 930 est.
1487 875 1603 931 Non
1633 876 1803 931 multo

201 981 331 1044 post
358 981 607 1044 tempore
630 979 1030 1041 congregantur
1053 984 1118 1024 ex
1147 968 1385 1041 Egypto
1414 977 1470 1022 et
1513 967 1678 1040 Libya
1725 970 1804 1023 le-

198 1065 418 1133 giones.
450 1064 667 1119 Etcum
693 1064 994 1118 nuntiatum
1038 1062 1226 1116 fuisset
1264 1061 1427 1116 celari
1455 1061 1804 1116 Athanasium

200 1156 256 1209 in
290 1155 545 1221 ecclesia,
572 1168 693 1224 qua:
720 1161 947 1209 vocatur
972 1151 1239 1207 Theonis:
1285 1166 1566 1206 assumens
1610 1151 1808 1208 milites

198 1246 310 1301 dux
334 1260 546 1310 eorum,
577 1253 634 1301 et
660 1244 921 1299 Hilarium
964 1245 1032 1299 ab
1061 1244 1388 1314 imperatore
1426 1243 1605 1299 denuo
1642 1244 1810 1299 desti-

202 1348 413 1403 natum,
446 1339 723 1409 inepinato
744 1336 923 1392 fractis
946 1336 1126 1404 januis
1154 1336 1206 1389 iu
1236 1334 1520 1391 ecclesiam
1550 1335 1808 1401 introivit,

199 1441 259 1486 et
289 1432 491 1503 ubique
513 1431 794 1501 requirens
824 1431 1174 1485 Athanasium
1205 1445 1315 1484 non
1347 1429 1571 1484 invenit.
1611 1428 1813 1486 Dicitur

202 1524 353 1578 enim
384 1525 509 1593 quia
539 1526 734 1594 sapius
754 1524 938 1579 divino
966 1525 1157 1578 nuntio
1184 1522 1422 1593 pericula
1452 1522 1621 1577 multa
1660 1522 1813 1591 fuge-

208 1619 307 1678 rit,
380 1616 520 1670 sicut
569 1616 753 1682 etiam,
815 1614 925 1670 Deo
973 1614 1313 1684 providente,
1360 1614 1465 1667 hoc
1527 1612 1814 1668 discrimen

202 1706 408 1761 evasit.
439 1706 733 1773 SOIOIEN.,
767 1708 856 1760 lib.
893 1722 966 1773 iv,
988 1722 1109 1776 cap.
1139 1706 1199 1771 8;
1230 1705 1356 1758 edit.
1403 1704 1595 1759 Clu-ist.
1637 1704 1812 1759 Vales.

206 1812 332 1869 cap.
362 1795 422 1863 9,
455 1806 507 1867 β.
541 1795 665 1852 567.

769 1965 1001 2021 CAPUT
1040 1963 1255 2020 XXVII.

285 2075 567 2143 Quomodo
594 2079 815 2149 paganis
844 2075 1209 2149 incohantibus
1232 2077 1459 2147 futuram
1482 2077 1749 2132 tristitiam

857 2148 1202 2218 prophetuvit.

286 2279 368 2334 Ex
400 2278 485 2334 his
509 2279 895 2347 ethujusmodi
928 2278 1083 2333 factis
1105 2278 1155 2333 ei
1195 2294 1224 2332 a
1266 2276 1381 2334 Deo
1429 2278 1818 2350 prmnunliatis,

210 2387 244 2426 a
281 2372 509 2441 paganis
551 2380 607 2426 et
640 2370 908 2425 barreticis
953 2370 1330 2441 appellabatur
1366 2384 1573 2439 magus.
1629 2372 1821 2427 Sermo

214 2478 455 2532 namque
502 2461 692 2529 fertur,
734 2478 802 2516 eo
831 2462 977 2531 quod
1024 2463 1332 2532 aliquando,
1383 2479 1450 2520 eo
1494 2462 1821 2535 procedente

214 2570 317 2626 per
343 2553 640 2621 civitatem,
671 2555 958 2623 contigerit
981 2556 1291 2611 avolantem
1328 2558 1658 2613 corniculam
1706 2559 1820 2613 cla-

217 2647 440 2699 tuitare.
462 2642 581 2710 Quo
603 2644 746 2699 facto
773 2655 953 2699 astans
982 2645 1269 2701 multitudo
1291 2661 1642 2716 paganorum,
1677 2649 1823 2704 velut

215 2755 382 2808 mago
407 2738 752 2807 derogantes,
776 2739 1032 2807 petebant
1060 2746 1117 2792 ut
1157 2739 1236 2793 eis
1264 2737 1501 2808 aperiret
1521 2738 1650 2809 quid
1693 2756 1818 2795 cor-

216 2829 400 2885 nicula
428 2828 516 2884 illa
542 2826 888 2898 signiﬁcaret.
918 2827 1013 2884 Ille
1036 2845 1164 2884 vero
1193 2830 1362 2883 lertur
1384 2830 1601 2885 silentio
1622 2830 1824 2886 dixisse

217 2921 510 2977 subridens
534 2939 547 2973 :
578 2920 712 2975 Cras
741 2919 929 2975 Latina
959 2922 1138 2990 lingua
1164 2922 1279 2975 dies
1302 2930 1525 2976 ventura
1553 2923 1825 2992 signitica-

218 3024 331 3071 tur.
358 3013 471 3070 lloc
494 3028 623 3082 ergo
648 3013 907 3079 clamans,
938 3014 1145 3069 triSIem
1161 3014 1315 3069 vobis
1335 3016 1631 3069 crastinum
1659 3014 1824 3085 signi-

220 3111 353 3165 licat
381 3109 542 3173 diem,
575 3124 671 3178 per
698 3108 1038 3178 imperatoris
1068 3106 1292 3162 Romani
1318 3106 1637 3176 iussionem.
1663 3105 1728 3161 Et
1748 3108 1821 3163 ita

220 3199 457 3267 contigit
481 3208 539 3252 ut
568 3174 843 3253 Athanasii
874 3211 1072 3261 sermo,
1106 3199 1233 3252 licet
1267 3174 1476 3252 derisus
1506 3195 1684 3263 fuerit,
1722 3214 1818 3253 ve-
1849 3174 1894 3235 ε

221 3292 368 3347 nerit
396 3291 464 3346 ad
486 3292 756 3347 eli'ectum.
789 3291 970 3346 Altera
994 3304 1226 3359 namque
1246 3288 1332 3345 die
1352 3290 1607 3361 principis
1632 3291 1825 3346 litterae

222 3391 495 3440 venerunt
534 3383 845 3452 adjudiccs,
872 3383 1123 3453 juben‘tes
1149 3392 1207 3437 ut
1253 3382 1446 3453 pagani
1486 3398 1583 3437 sua
1618 3381 1823 3452 ingredi

222 3493 333 3532 non
356 3479 801 3547 permitterentur
821 3478 887 3531 ad
913 3477 1132 3547 templa,
1158 3488 1333 3546 neque
1353 3475 1624 3531 solemnes
1645 3490 1828 3547 super-

218 3570 476 3625 stitiones
506 3568 936 3641 festivitatesque
955 3571 1314 3625 celebrarent.
1346 3566 1499 3624 Tunc
1520 3583 1650 3638 ergo
1678 3568 1827 3626 festi-

218 3664 363 3719 vitas
400 3677 586 3717 eornm
620 3665 941 3719 venerabilis
979 3663 1355 3732 generalisque
1395 3662 1673 3717 destructa
1716 3671 1821 3717 est.

216 3752 530 3820 Somnum,
560 3756 649 3811 lib.
697 3770 774 3820 ιν,
797 3773 922 3823 cap.
952 3755 1015 3822 9;
1058 3755 1183 3811 edit.
1228 3754 1423 3810 Christ.
1482 3753 1656 3809 Vales.
1706 3769 1825 3825 cap.

223 3846 316 3917 to,
341 3867 401 3919 p.
434 3845 561 3901 549.

764 4005 1001 4061 CAPUT
1039 4003 1272 4060 XXVIII.

296 4120 434 4189 ρηω
455 4123 591 4177 mola
620 4140 713 4195 per
742 4120 1017 4195 Georgium
1037 4126 1090 4177 in
1114 4120 1435 4177 Alexandria
1460 4114 1606 4193 gesta
1633 4123 1759 4177 sint.

296 4263 439 4321 Cum
487 4262 647 4329 igitur
677 4260 1003 4327 frequenter,
1043 4258 1181 4312 sicut
1206 4258 1411 4311 dictum
1441 4265 1543 4319 est,
1591 4254 1833 4309 Athana-

124 4428 127 4429 ν
225 4359 345 4413 sius
369 4353 611 4425 pericula
638 4352 982 4410 declinasset.
1014 4351 1191 4404 clerus
1218 4359 1273 4403 et
1300 4349 1532 4417 populus
1553 4349 1603 4402 ei
1644 4347 1832 4403 favens

228 4450 455 4504 tenebat
475 4446 747 4509 ecclesias,
776 4444 951 4498 donec
972 4442 1252 4512 praefectus
1277 4440 1496 4511 λεαντιῑί
1523 4450 1578 4495 ct
1601 4441 1707 4496 dux
1734 4442 1835 4495 mi-

230 4543 390 4596 litum
441 4538 722 4606 ejicieutes
776 4551 872 4591 eos
926 4543 981 4589 et
1043 4535 1400 4596 sustinentes,
1457 4533 1693 4602 Georgio
1740 4550 1833 4589 eas
1860 4540 1913 4606 ι)

230 4630 635 4687 contraderent.
668 4626 771 4693 Qui
794 4640 899 4680 non
922 4626 1093 4680 multo
1114 4634 1237 4694 post
1264 4625 1432 4689 venit,
1471 4633 1527 4679 et
1569 4625 1831 4681 ecclesias

228 4742 336 4781 suo
351 4724 477 4794 jure
505 4719 763 4792 possedit.
791 4718 892 4786 Qui
939 4717 1067 4772 dum
1099 4730 1295 4787 praeter
1323 4717 1539 4771 schema
1569 4725 1625 4770 et
1653 4730 1835 4773 mores

233 4814 527 4871 sacerdotii
553 4813 823 4867 violentus
851 4811 1129 4873 existeret,
1150 4817 1208 4863 et
1234 4807 1467 4861 maxime
1486 4807 1631 4862 circa
1658 4806 1831 4860 Atha-

235 4906 373 4961 nasii
406 4905 733 4967 laudatores,
756 4903 950 4971 quibus
970 4902 1155 4969 utique
1176 4899 1386 4955 vincula
1414 4907 1468 4954 et
1496 4899 1679 4969 plagas
1702 4898 1833 4953 viris

237 5005 292 5050 et
323 4994 536 5050 feminis
562 4994 709 5049 velut
736 5002 997 5065 tyrannus
1039 4991 1334 5054 inferebat;
1371 5004 1631 5045 accensus
1659 5003 1831 5059 popu-

237 5088 320 5141 Ius
346 5101 488 5157 pene
516 5092 822 5156 peremerat
850 5100 991 5147 eum,
1022 5083 1122 5137 nisi
1151 5083 1237 5137 vix
1265 5080 1388 5153 Ima.
1422 5079 1572 5150 Lyr.,
1593 5078 1669 5150 vi]
1714 5093 1835 5147 erce

238 5184 360 5244 ptus
386 5170 612 5243 iugisset
633 5173 699 5227 ad
726 5174 1041 5243 principem.
1070 5172 1189 5237 Quo
1216 5170 1380 5233 facto,
1409 5185 1595 5224 rursus
1631 5183 1830 5237 sequa-

236 5279 329 5318 ces
371 5262 651 5318 Athanasii
701 5262 959 5316 ecclesias
1002 5262 1172 5315 multo
1220 5269 1467 5327 tempore
1521 5264 1828 5311 tenuerunt.

238 5352 386 5418 Quae
429 5354 624 5408 iterum
648 5352 871 5406 veniens
904 5352 1009 5405 dux
1040 5348 1280 5421 Egypzi,
1320 5348 1539 5416 Georgii
1591 5347 1835 5402 noscitur

242 5447 524 5502 tradidisse
577 5443 896 5499 fautoribus.
957 5440 1086 5495 Post
1139 5442 1253 5495 lucc
1307 5450 1488 5493 autem
1540 5444 1836 5506 exceptore

246 5536 498 5607 principis
534 5536 802 5599 veniente,
843 5532 997 5587 multi
1042 5528 1526 5585 Alexandrinorum
1570 5526 1833 5595 supplicio

244 5626 421 5681 traditi
442 5636 583 5682 sunt.
614 5625 743 5680 Post
763 5638 923 5693 quem
953 5622 1115 5677 etiam
1158 5621 1271 5689 ipse
1306 5617 1569 5687 Georgius
1620 5614 1833 5670 terribi-

248 5715 348 5773 lior
370 5720 698 5790 supervenit,
726 5727 780 5773 et
806 5716 974 5787 priori
999 5724 1240 5784 tempore
1261 5710 1429 5778 magis
1449 5707 1682 5771 odibilis,
1718 5714 1836 5761 tan-

244 5824 411 5885 quam
444 5813 537 5884 qui
581 5812 810 5867 moverit
847 5809 1141 5881 principem
1184 5804 1252 5860 ad
1290 5802 1581 5858 multorum
1621 5813 1830 5855 necem.

1844 1795 1895 1857 B

1902 506 2130 572 gloriam
2161 506 2449 562 multitudo
2478 510 2725 564 universa
2756 512 3113 581 sequebatur,
3141 521 3197 567 et
3233 529 3361 569 vera
3401 530 3499 569 eo-

1902 616 2024 654 rum
2063 600 2370 655 testimonia
2400 599 2717 669 judicabat:
2757 604 2882 671 quia
2913 605 2965 659 in
2998 619 3223 660 summa:
3256 606 3499 676 philoso-

1904 690 2045 759 phi.c
2067 690 2262 745 virtute
2290 690 2575 759 degebant.
2601 690 2900 761 Somnum,
2926 693 3017 749 lib.
3039 712 3112 761 iv,
3140 713 3259 767 cap.
3285 694 3348 764 9;
3370 698 3495 754 edit.

1905 780 2097 845 Christ.
2140 780 2309 835 Vales.
2335 798 2453 852 cap.
2486 782 2573 846 l0,
2606 801 2659 853 p.
2690 781 2817 837 550.
3200 810 3201 813 η

1976 874 2111 941 Quia
2138 874 2298 943 igitur
2318 874 2615 944 expositam
2646 874 2803 930 Iidem
2834 876 2889 929 in
2914 874 3089 932 Nicma
3118 876 3363 934 Thracia:
3379 894 3503 935 om-

1909 984 2008 1025 nes
2027 977 2280 1023 accusant
2310 968 2505 1022 milites
2529 968 2797 1036 veritatis,
2826 977 2882 1023 et
2905 970 3175 1040 pragcipue
3199 971 3504 1028 habitantes

1908 1057 2244 1130 Hesperiam,
2277 1067 2540 1114 testantur
2565 1059 2755 1115 littera:
2774 1061 2843 1113 ab
2863 1060 2944 1115 eis
2959 1060 3026 1114 ad
3045 1060 3314 1132 lllyricum
3336 1061 3506 1118 desti-

1910 1164 2069 1207 natae.
2099 1152 2337 1220 Quarum
2363 1152 2660 1207 litterarum
2705 1166 2897 1207 anetor
2942 1151 3041 1207 fuit
3073 1154 3359 1224 episcopus
3396 1153 3505 1209 Ec-

1910 1248 2087 1304 clesiae
2110 1247 2364 1303 Romana:
2388 1256 2514 1303 tunc
2534 1248 2812 1317 Damasus,
2825 1248 2916 1317 qui
2938 1256 3060 1318 post
3078 1247 3349 1305 Liberium
3373 1265 3509 1319 pon-

1913 1339 2146 1396 tificatus
2161 1344 2284 1409 jura
2312 1349 2641 1410 susceperat,
2670 1340 2852 1396 multis
2878 1342 3135 1397 virtutum
3157 1352 3381 1398 ornatus
3421 1343 3509 1398 iu-

1914 1435 2174 1503 signibus.
2201 1433 2504 1504 Ilabuitque
2531 1435 2584 1488 in
2603 1435 2683 1488 his
2705 1435 2895 1490 litteris
2916 1439 3207 1504 nonaginta
3227 1446 3512 1494 consortes

1913 1544 1983 1583 ex
2003 1527 2161 1582 Italia
2184 1537 2349 1596 atque
2370 1524 2557 1581 Galliis
2585 1526 2637 1580 in
2670 1526 2912 1582 Romana
2940 1529 3074 1583 urbe
3100 1530 3507 1585 convenientes.

1914 1617 2157 1684 Quorum
2180 1612 2398 1673 nomina
2421 1626 2642 1687 propter
2664 1618 3059 1673 multitudinem
3083 1633 3286 1702 ponere
3305 1620 3503 1676 distuli.

1919 1714 2126 1770 Textus
2154 1723 2338 1767 autem
2366 1711 2607 1782 epistola:
2628 1708 2756 1767 talis
2784 1720 2888 1767 est.
3116 1717 3123 1723 ’

2384 1871 2550 1943 27o
2584 1823 2831 1924 caper
2852 1864 3046 1922 xxnx.

1920 1988 2137 2044 Littera:
2182 1985 2403 2040 Damasi
2444 1994 2496 2038 et
2538 1992 2844 2037 ceterorum
2894 1983 2965 2035 ad
3018 1966 3289 2052 Illyricth
3330 1991 3515 2037 contra

2170 2058 2443 2113 concilium
2474 2058 2527 2109 in
2560 2052 2743 2108 Nicaa
2768 2052 3007 2108 Thracia:
3027 2055 3244 2125 factum.

1993 2196 2276 2258 Damasus,
2318 2197 2374 2247 et
2415 2189 2754 2254 Valerianus,
2791 2195 2848 2242 et
2876 2187 3057 2241 ereteri
3101 2187 3344 2257 episcopi
3382 2187 3517 2243 dile-

1922 2287 2178 2343 ctissimis
2204 2284 2456 2339 fratribus
2493 2282 2547 2335 in
2578 2278 2791 2351 Illyrico
2818 2279 3127 2335 constitutis
3169 2280 3439 2351 episcopis
3464 2278 3517 2335 in

1923 2381 2155 2437 Domino
2180 2378 2430 2434 salutem.

1994 2471 2275 2527 Credimus
2302 2475 2542 2524 sanctam
2586 2463 2748 2520 fidem
2792 2468 3031 2518 nostram
3072 2461 3126 2518 in
3146 2461 3519 2532 apostolorum

1923 2565 2228 2623 eruditione
2255 2561 2547 2625 fundatam,
2580 2558 2723 2613 hanc
2742 2571 2839 2611 vos
2860 2563 3068 2621 tenere,
3098 2562 3153 2609 et
3176 2554 3314 2611 hanc
3344 2570 3520 2625 popu-

1925 2658 1991 2712 lis
2021 2656 2285 2711 universis
2326 2664 2619 2721 exponere,
2666 2662 2787 2718 qua:
2830 2647 3081 2702 videlicet
3122 2661 3155 2700 a
3211 2647 3522 2701 constitutis

1924 2750 2145 2805 Patrum
2174 2747 2319 2801 nulla
2347 2744 2559 2798 ratione
2585 2738 2856 2804 dissentit,
2894 2753 2991 2809 per
3027 2751 3166 2807 quos
3202 2735 3410 2805 justum
3438 2745 3523 2791 est

1924 2851 2153 2899 caeteros
2178 2836 2397 2893 erudiri.
2420 2834 2527 2890 Sed
2554 2832 2819 2888 relatione
2836 2828 3237 2885 Gallicanorqu
3262 2835 3319 2883 et
3344 2826 3514 2881 Vene-

1926 2944 2103 2991 torum
2143 2930 2386 2993 fratrum,
2425 2924 2686 2996 quosdam
2739 2916 3029 2977 lmresibus
3057 2915 3237 2973 favere
3265 2918 3524 2987 cognovi-

1926 3041 2064 3081 mus.
2089 3022 2243 3091 Quod
2264 3020 2462 3075 malum
2487 3033 2592 3072 non
2617 3016 2790 3071 solum
2814 3027 3009 3070 cavere
3036 3010 3235 3066 debent
3260 3010 3519 3080 episcopi,

1927 3118 2022 3174 sed
2050 3116 2216 3171 etiam
2243 3111 2497 3168 reluctari
2524 3116 2715 3163 contra
2745 3121 2809 3161 ea
2839 3119 2959 3175 quae
2979 3110 3130 3173 gesta
3152 3109 3278 3156 sunt
3306 3100 3527 3171 imperi-

1926 3211 2000 3264 tia
2024 3217 2116 3262 aut
2144 3204 2487 3277 simplicitate
2535 3198 2891 3271 quorumdam
2918 3195 3097 3266 pravis
3121 3193 3525 3264 interpretatio-

1926 3303 2085 3357 nibus
2116 3300 2489 3366 deceptorum.
2527 3286 2702 3348 Variis
2744 3305 2874 3360 ergo
2919 3287 3179 3344 doctrinis
3218 3300 3328 3342 non
3366 3287 3527 3342 decet

1923 3395 2262 3458 labefactari,
2300 3390 2393 3447 sed
2437 3389 2606 3457 magis
2654 3384 2873 3441 Patrqu
2921 3391 3230 3439 nostrorum
3280 3380 3525 3436 roborari
3612 3428 3626 3439 .

1924 3489 2272 3547 sententiam.
2302 3484 2625 3540 Auxentium
2648 3480 2809 3552 igitur
2848 3477 3131 3537 Mediolani
3163 3476 3433 3547 przecipue
3472 3474 3529 3531 in

1924 3582 2030 3637 hac
2074 3594 2237 3635 causa
2274 3574 2586 3631 damnatum
2634 3586 2756 3626 esse
2805 3567 3172 3640 praescriptum
3220 3575 3321 3621 est.
3376 3563 3529 3623 Unde

1924 3671 2129 3742 justum
2175 3680 2262 3725 est
2312 3682 2502 3723 omnes
2550 3665 2604 3719 in
2665 3663 2920 3717 universo
2978 3659 3343 3715 Romanorum
3395 3658 3529 3714 orbe

1928 3765 2182 3819 doctores
2202 3761 2352 3829 legis,
2375 3774 2439 3814 ea
2466 3772 2585 3828 quxc
2606 3755 2738 3823 legis
2765 3761 2889 3808 sunt
2911 3767 3120 3823 sapere,
3149 3759 3207 3806 ct
3231 3766 3341 3806 non
3367 3749 3523 3805 fidem

1927 3854 2193 3911 doctrinis
2224 3851 2385 3907 variis
2414 3846 2709 3902 maculare.
2731 3842 2920 3913 itaque
2946 3843 3071 3898 dum
3097 3842 3328 3911 primum
3353 3840 3525 3895 bxcre-

1929 3948 2163 4003 ticorum
2192 3943 2445 4013 erupisset
2465 3939 2702 4008 nequitia
2729 3934 3016 4006 pullulare,
3042 3934 3183 3989 sicut
3203 3932 3366 3986 etiam
3389 3946 3532 3986 nunc

1931 4034 2264 4111 blasphemia
2290 4032 2644 4090 nefandorum
2664 4037 2813 4101 patet
2827 4026 3171 4090 Arianorum,
3196 4033 3324 4079 tunc
3343 4022 3531 4080 Patres

1934 4132 2105 4189 nostri
2135 4129 2365 4185 trecenti
2393 4126 2578 4181 decem
2604 4133 2660 4178 et
2697 4132 2823 4177 octo
2849 4120 3029 4187 electi,
3072 4118 3257 4174 habito
3299 4126 3528 4175 tractatu

1920 4214 1989 4279 in
2034 4224 2165 4277 urbe
2206 4220 2445 4282 Nicmna,
2483 4217 2627 4271 hunc
2682 4228 2892 4268 murum
2935 4209 3297 4266 firmissimum
3340 4216 3529 4263 contra

1934 4330 2085 4369 arma
2124 4310 2384 4367 diabolica
2423 4314 2759 4371 statuerunt;
2802 4311 2858 4359 et
2898 4304 3000 4358 hoc
3045 4300 3285 4356 remedio
3325 4315 3532 4355 venena

1935 4404 2210 4460 mortifera
2233 4410 2358 4456 sunt
2382 4398 2627 4472 depulsa,
2651 4405 2709 4451 ut
2739 4394 2899 4449 Pater
2926 4403 2981 4449 et
3008 4393 3174 4448 Filius
3199 4392 3354 4447 unius
3391 4392 3532 4447 divi-

1937 4500 2142 4564 nitatis,
2173 4495 2328 4550 unius
2356 4493 2590 4557 virtutis,
2627 4490 2893 4559 uniusque
2921 4486 3306 4556 magnitudinis
3337 4485 3536 4542 debeat

1934 4593 2104 4656 credi,
2147 4590 2410 4657 uniusque
2439 4584 2704 4648 essentne,
2746 4583 2861 4636 sive
2898 4580 3232 4642 substantitc,
3271 4576 3435 4638 simul
3482 4585 3538 4632 et

1932 4684 2168 4755 Spiritus
2189 4687 2428 4734 sanctus.
2458 4676 2629 4730 Aliter
2656 4688 2787 4727 vero
2814 4673 3084 4741 sapientes
3106 4670 3313 4723 alienos
3341 4666 3462 4723 esse
3506 4685 3537 4722 a

1937 4784 2121 4830 nostra
2164 4769 2546 4827 communione
2587 4764 2981 4834 judicaverunt.
3026 4760 3198 4828 Quem
3244 4760 3537 4813 terminum

1868 4902 1871 4905 ‹
1936 4867 2227 4923 salutarem
2249 4861 2693 4928 adorabilemque
2716 4856 3165 4912 deliberationem
3186 4866 3541 4921 corrumpere

1934 4961 2155 5033 quidam
2177 4957 2298 5014 aliis
2319 4946 2736 5023 cogitationibus
2756 4954 2917 5018 atque
2937 4956 3203 5002 temerare
3229 4941 3540 4997 voluerunt.

1937 5056 2046 5113 Sed
2074 5056 2126 5110 in
2158 5054 2273 5123 ipso
2303 5048 2568 5121 principio
2593 5043 2765 5099 abhis
2799 5042 2928 5113 ipsis
2955 5040 3048 5111 qui
3079 5040 3130 5092 in
3168 5034 3412 5091 Arimino
3453 5050 3538 5089 re-

1938 5161 2141 5204 novare
2163 5153 2323 5214 atque
2344 5147 2638 5196 retractare
2652 5132 3133 5205 compellebantur,
3158 5142 3327 5198 usque
3350 5126 3417 5182 ad
3436 5126 3541 5182 hoc

1937 5254 2098 5296 causa
2123 5243 2368 5292 correcta
2396 5240 2498 5295 est,
2522 5240 2582 5284 ut
2616 5226 3003 5285 conﬁterentur
3028 5222 3132 5277 alia
3172 5220 3274 5277 sibi
3306 5222 3540 5277 circum-

1939 5330 2195 5385 ventione
2234 5326 2566 5394 subreptum,
2598 5328 2691 5374 aut
2736 5324 2885 5374 certe
2924 5314 3050 5384 quia
3103 5328 3212 5367 non
3258 5310 3541 5367 intellexe-

1940 5428 2069 5475 runt
2096 5416 2314 5472 Patrum
2340 5413 2619 5469 sententia:
2647 5411 2700 5464 in
2730 5408 2904 5462 Niczca
2932 5406 3259 5464 constitutae,
3286 5404 3393 5458 hoc
3418 5417 3540 5458 esse

1942 5514 2291 5571 contrarium.
2330 5508 2518 5577 Neque
2557 5506 2701 5560 enim
2744 5500 3109 5571 pratjudicium
3153 5496 3371 5567 aliquod
3423 5494 3543 5569 lteri

1941 5607 2231 5679 potuitper
2259 5614 2540 5657 numerum
2571 5595 2812 5649 Arimino
2854 5600 3241 5660 congregatum
3280 5608 3294 5644 :
3322 5585 3538 5658 quando

1942 5708 2156 5757 constat
2184 5712 2359 5767 neque
2383 5695 2683 5749 Romanum
2714 5691 3047 5761 episcopum,
3074 5686 3226 5755 cujus
3260 5694 3387 5739 ante
3415 5698 3536 5739 om-

1904 5790 1911 5797 “
1945 5792 2032 5845 nia
2060 5789 2288 5845 decebat
2307 5800 2403 5839 eos
2426 5789 2743 5851 exspectare
2771 5780 3071 5844 decretum,
3099 5790 3275 5847 neque
3303 5774 3538 5831 Vincen-
