3972 6450
504 303 640 365 (πη

493 517 642 578 divit,
711 531 884 584 neque
938 516 1072 570 alios
1132 516 1327 570 talibus
1384 516 1673 585 prtebuisse
1727 529 2078 575 consensum;

492 608 726 662 innime
763 607 913 674 dum,
956 607 1095 661 sicut
1131 607 1496 676 ptmdiximus.
1555 606 1641 661 isti
1684 607 1803 675 ipsi,
1853 607 1944 674 qui
1985 620 2082 675 per

489 701 904 757 etinveutionem
925 701 1224 755 declinasse
1244 701 1579 768 videbantur,
1607 701 1705 770 ipsi
1727 701 1903 755 denuo
1925 708 2081 754 uten-

476 808 568 850 tes
601 796 807 851 meliori
832 798 1076 860 consilio,
1111 797 1226 852 hare
1261 798 1361 852 sibi
1391 798 1675 868 displicere
1705 798 1886 851 testati
1932 805 2078 851 sunt.

490 889 754 956 l‘erspicit
782 889 964 958 itaque
985 898 1165 944 vestra
1192 890 1479 944 salubritas
1507 891 1645 946 hanc
1683 891 1853 944 solam
1895 889 2076 955 fnlem,

484 999 602 1052 qum
635 982 822 1036 Niczeze
843 981 1210 1052 apostolorum
1235 982 1554 1036 auctoritate
1590 981 1804 1036 fundata
1832 990 1932 1044 est,
1959 995 2078 1034 esse

485 1084 747 1144 perpetua
789 1073 1039 1128 firmitate
1084 1075 1434 1136 servandam;
1475 1083 1530 1127 et
1582 1074 1741 1128 simul
1780 1072 2078 1128 Orientales

487 1167 588 1220 hoc
613 1165 811 1220 lacere
845 1165 1121 1219 nobiscum
1149 1165 1240 1234 qui
1285 1179 1343 1218 se
1378 1164 1668 1218 catholicos
1708 1180 1830 1219 esse
1876 1178 2078 1232 cogno-

481 1265 661 1322 scunt,
685 1254 1057 1312 Occidentales
1085 1257 1260 1311 etiam
1289 1257 1524 1325 gloriari.
1572 1255 1853 1312 Credimus
1895 1267 2075 1311 autem

473 1351 802 1417 languentes
828 1350 880 1403 in
903 1349 1329 1424 isto'couamipe,
1362 1365 1468 1403 non
1497 1347 1650 1403 tarde
1679 1363 1707 1401 a
1759 1357 1941 1403 nostra
1985 1363 2074 1403 se-

469 1440 758 1508 rparandos
779 1455 898 1494 esse
919 1439 1322 1502 communione,
1347 1446 1403 1492 et
1423 1439 1495 1492 ab
1509 1439 1588 1493 eis
1607 1438 1952 1508 episcopatus
1976 1454 2075 1493 no-

471 1545 611 1583 .men
639 1528 856 1593 auferri,
887 1537 1154 1598 quatenus
1189 1528 1370 1598 pepuli
1399 1544 1590 1583 eorum
1630 1529 1841 1583 liberati
1889 1544 2074 1583 errore

484 1623 768 1690 respirent.
801 1620 958 1674 Nullo
999 1619 1142 1673 enim
1187 1619 1348 1674 modo
1383 1635 1413 1673 a
1461 1620 1778 1688 deceptione
1820 1627 2075 1688 poterunt

486 1713 756 1780 corrigere
782 1711 1062 1782 populum,
1091 1710 1183 1780 qui
1219 1710 1552 1779 deeeptionis
1588 1709 1786 1779 laqueo
1827 1709 2074 1764 detinen-

483 1812 589 1857 tur.
612 1802 915 1858 Concordet
945 1803 1106 1871 igitur
1135 1817 1257 1855 cum
1286 1802 1535 1854 omnibus
1556 1801 1649 1855 Dei
1677 1799 2065 1866 sacerdotibus,

483 1895 642 1948 etiam
671 1895 947 1962 charitatis
967 1903 1161 1947 vestra:
1196 1894 1485 1961 sententia,
1512 1893 1694 1962 in-qua
1724 1909 1820 1947 vos
1849 1892 2068 1947 stabiles

469 2001 543 2040 ac
572 1961 752 2041 ﬁrmos
774 1985 1006 2039 existere
1021 1983 1347 2052 judicamus.
1373 1982 1462 2039 Sic
1484 1997 1614 2052 ergo
1638 1984 1799 2037 etiam
1838 1997 1939 2037 nos
1966 1998 2066 2036 vo-

479 2079 683 2134 hiscum
711 2086 854 2132 recte
875 2076 1096 2132 credere
1121 2075 1399 2130 debemus.
1431 2075 1634 2131 Vestrae
1665 2091 1762 2130 nos
1789 2074 2069 2130 cbaritatis

461 2169 744 2224 .ltetilicate
765 2169 1060 2237 reciprocis
1076 2167 1284 2222 litteris.
1309 2167 1516 2232 Valete,
1540 2166 1732 2220 fratres
1745 2165 2064 2221 charissimi.

483 2263 894 2326 Tusonoaerus,
921 2259 1010 2314 lib.
1041 2278 1097 2324 ιι,
1125 2278 1242 2331 cap.
1263 2260 1353 2326 22,
1382 2279 1439 2330 p.
1471 2259 1593 2314 102.

551 2349 656 2403 Sed
683 2358 738 2402 et
767 2349 1028 2404 maximus
1053 2349 1374 2404 Athanasius
1405 2350 1458 2402 in
1487 2349 1712 2420 epistola
1733 2362 1895 2418 quam
1936 2348 2068 2401 scri-

465 2442 587 2511 ..psit
605 2440 670 2496 ad
687 2438 868 2509 Afros,
891 2440 1069 2497 taliter
1086 2440 1154 2496 de
1174 2440 1736 2500 Ariminensiconcilio
1757 2441 2064 2510 disputavit.

1056 2641 1289 2698 CAPUT
1328 2640 1495 2697 XXX.

618 2753 704 2808 Ea:
733 2755 918 2811 litteris
945 2757 1220 2812 Athanasii
1241 2757 1306 2811 de
1332 2758 1647 2812 Ariminensi
1681 2758 1919 2814 concilia.

539 2889 642 2946 .llis
668 2891 850 2960 itaque
887 2890 1135 2962 prolatis,
1175 2891 1296 2962 quis
1321 2892 1547 2962 recipiat
1597 2909 1692 2948 eos
1739 2893 1829 2964 qui
1873 2891 2068 2948 Arimi-

458 2999 642 3061 nense
664 2990 758 3037 aut
783 2982 930 3037 aliud
959 2984 1244 3039 concilium
1267 2993 1462 3054 przeter
1487 2984 1756 3040 Nicaenum
1789 2986 2068 3040 nominare

475 3076 837 3146 prtesumunt?
881 3075 990 3130 Aut
1030 3076 1151 3144 quis
1199 3091 1306 3130 non
1350 3075 1548 3131 habeat
1585 3092 1680 3131 eos
1723 3077 1937 3131 odiosos
1973 3077 2064 3146 qui

469 3175 734 3236 respuunt
759 3165 975 3237 quidem
1001 3166 1294 3220 constituta
1327 3164 1568 3234 Patrum,
1589 3175 1646 3222 et
1668 3182 1730 3221 ea
1751 3183 1870 3236 qua:
1893 3183 2065 3237 nuper
2087 3159 2135 3222 C

453 3259 712 3328 Arimino
741 3258 1078 3313 contentiose
1106 3268 1270 3329 atque
1294 3258 1560 3314 violenter
1577 3261 1874 3328 composita
1916 3270 2059 3324 sunt,

472 3351 823 3420 praeponunt?
853 3348 982 3416 Quis
1006 3349 1120 3405 istis
1146 3345 1498 3422 Concordabit
1527 3350 1858 3415 hominibus,
1886 3365 2060 3421 neque

451 3442 686 3510 ,propria
715 3440 1128 3510 recipientibus?
1156 3440 1286 3494 Nam
1315 3441 1368 3496 in
1389 3442 1500 3496 suis
1520 3441 1708 3498 decem
1733 3451 1786 3497 et
1811 3443 2059 3512 amplius,

471 3530 625 3583 sicuti
657 3529 893 3598 praedixi,
927 3530 1170 3584 conciliis
1201 3530 1306 3585 alio
1341 3538 1585 3601 tempore
1625 3531 1771 3585 aliud
1820 3533 2061 3586 conscri-

453 3620 679 3684 bentes,
705 3618 974 3673 manifesti
994 3627 1145 3687 sunt,
1183 3622 1303 3690 quia
1345 3622 1552 3690 singula
1593 3638 1781 3677 eorum
1805 3639 2061 3678 accusare

447 3718 783 3764 ~noscuntur.
809 3707 877 3764 Et
895 3709 997 3764 hoc
1025 3711 1297 3778 patiuntur
1315 3713 1456 3780 quod
1481 3721 1605 3766 tunc
1628 3711 1794 3768 Judzri
1821 3716 2062 3786 prodito-

446 3818 555 3872 ;res
586 3803 822 3872 perpessi
858 3811 1000 3856 sunt.
1031 3802 1184 3868 Nam,
1216 3804 1356 3858 sicut
1383 3804 1456 3858 illi
1488 3805 1853 3876 relinquentes
1887 3808 2058 3862 solum

473 3893 690 3948 Fontem
728 3911 878 3965 aqua?
931 3895 1163 3959 viventis,
1213 3895 1354 3949 lacus
1405 3897 1609 3950 sibimet
1662 3899 1925 3969 foderunt,
1973 3902 2062 3972 qui

444 4004 652 4057 «(quam
677 3987 937 4039 continere
964 4004 1066 4040 non
1095 3995 1308 4055 possunt
1343 3987 1471 4053 (Jer.
1505 4005 1560 4054 ll,
1589 3989 1701 4061 l5),
1742 3989 1886 4062 quod
1926 3992 2060 4045 srri-

453 4090 614 4146 .plttttt
639 4087 720 4132 est
741 4077 880 4148 apud
904 4077 1194 4133 Jeremiam
1231 4082 1546 4151 prophetam
1572 4101 1586 4136 :
1610 4085 1688 4140 sic
1714 4093 1769 4140 et
1800 4085 1885 4139 isti
1912 4085 2056 4140 relu-

464 4175 673 4222 rtantes
701 4169 985 4224 universali
1007 4171 1258 4238 concilio,
1281 4171 1529 4227 foderunt
1553 4174 1651 4229 sibi
1679 4176 1847 4230 multa
1871 4161 2058 4231 conci:-

461 4259 556 4318 tia.
587 4274 706 4328 qua:
735 4260 875 4328 apud
902 4276 998 4314 eos
1020 4261 1195 4316 inania
1223 4269 1279 4316 et
1303 4263 1552 4318 virtutem
1575 4281 1680 4320 non
1711 4266 1914 4322 habere
1942 4284 2055 4321 ma-

465 4349 657 4403 uifesm
689 4360 833 4406 sunt.
867 4351 980 4406 Non
1023 4352 1183 4420 igitur
1209 4354 1476 4422 patiamur
1503 4370 1598 4411 eos
1625 4358 1716 4425 qui
1746 4367 1942 4427 praeter
1977 4359 2056 4414 Ni.

463 4455 668 4495 cteuum
698 4439 1033 4497 Ariminense
1078 4454 1424 4512 praesumunt,
1457 4447 1540 4501 vel
1582 4448 1725 4502 aliud
1771 4451 2053 4506 nominare

1711 308 1778 363 Μ.
1823 309 1958 365 λυιι
1970 306 2102 362 El."
2138 307 2544 364 CASSlODOlll

485 429 644 486 illum.
672 425 766 494 qui
780 425 940 478 tantis
958 424 1112 478 annis
1125 424 1491 493 episcopatum
1516 421 1890 476 inviolabiliter
1902 429 2084 476 custo-
2113 425 2156 479 Α

3635 311 3778 372 ιως

2752 419 2978 479 CAPUT
3019 421 3204 479 XXXI.

2185 554 2313 619 ορατ
2365 558 2503 628 mola
2561 557 2891 612 Macedonius
2929 560 2983 612 in
3022 558 3603 628 Constantinopolitano
3649 554 3780 614 urbe

2253 627 2582 696 commiserit,
2641 640 2689 682 et
2729 631 2866 697 quod
2911 630 3137 700 postluec
3178 627 3452 698 oﬂ'enderit
3491 631 3776 700 insperato-

2251 715 2378 751 rem.

2250 855 2458 910 Interea
2523 856 2870 912 Macedonius
2920 857 3120 912 vicinas
3161 856 3774 928 Constantinopolitanat

2180 951 2296 1003 urbi
2324 949 2624 1022 provincias
2663 950 3017 1017 civitatesqtte
3062 949 3350 1003 turbabat:
3383 951 3632 1005 excitans
3671 952 3774 1002 mi-

2178 1042 2375 1095 nistros
2404 1040 2604 1110 proprii
2634 1040 2904 1108 languoris
2931 1040 3188 1094 adversus
3207 1039 3500 1106 Ecclesias,
3519 1049 3577 1093 et
3599 1041 3652 1092 in
3668 1040 3760 1109 Cy-

2176 1135 2295 1188 zico
2316 1134 2530 1202 quidem
2561 1131 2827 1194 Eleusium
2859 1132 2984 1186 fecit
3008 1134 3339 1202 episcopum,
3375 1133 3426 1185 in
3462 1132 3768 1186 Nicomedia

2176 1223 2597 1288 Marathonium,
2628 1225 2720 1293 qui
2764 1225 2996 1292 primum
3033 1223 3289 1280 diaconus
3325 1222 3524 1286 fuerat,
3565 1222 3771 1275 habens

2175 1316 2409 1370 studium
2438 1315 2796 1370 constituendi
2821 1314 3145 1369 monasteria
3177 1315 3414 1369 virorum
3449 1330 3515 1368 ac
3541 1313 3769 1368 femina-

2174 1404 2388 1460 rum.ls
2406 1406 2591 1474 itaque
2639 1406 2981 1461 Macedonius
3015 1406 3328 1475 episcopatu
3357 1406 3583 1474 potitus,
3632 1403 3768 1458 ami-

2173 1500 2333 1567 gebat
2357 1515 2453 1553 eos
2477 1499 2569 1568 qui
2593 1499 2690 1567 ipsi
2721 1498 3031 1553 consentire
3062 1496 3359 1566 fugiebant,
3383 1504 3437 1548 et
3464 1511 3574 1550 non
3604 1497 3763 1566 27],

2173 1591 2345 1646 solum
2373 1591 2724 1655 orthodoxos,
2757 1590 2852 1644 sed
2879 1592 3039 1644 etiam
3062 1590 3428 1644 Novatianos:
3458 1590 3641 1643 sciens
3668 1603 3766 1642 eos

2172 1699 2387 1755 quoque
2424 1684 2996 1740 consubstantialitatis
3032 1699 3226 1736 nomen
3275 1683 3571 1750 suscipere.
3621 1680 3765 1746 0m-

2103 1784 2144 1842 Β
2174 1792 2291 1830 rum
2323 1777 2608 1845 episcopus
2633 1775 2866 1842 Agelius,
2897 1775 3276 1844 persecutione
3325 1772 3577 1835 faciente,
3609 1769 3761 1836 fugit.

2174 1867 2393 1922 Plurimi
2441 1885 2571 1923 vero
2609 1870 2843 1937 insignes
2885 1868 2982 1922 viri
3028 1867 3250 1930 detenti,
3304 1867 3661 1934 nolentesque
3711 1865 3764 1916 ei

2171 1960 2591 2025 communicare,
2621 1959 2790 2030 puniti
2815 1967 2959 2014 sunt.
2985 1958 3084 2025 Qui
3117 1965 3237 2026 post
3262 1965 3530 2011 tormenta
3547 1951 3764 2008 ‘violen-

2172 2060 2254 2106 ter
2278 2055 2716 2107 commnionem
2746 2067 2843 2106 ore
2864 2068 2962 2106 suo
2993 2051 3268 2119 suscipere
3294 2058 3350 2103 et
3380 2058 3569 2104 tenere
3612 2063 3766 2101 com-

2172 2145 2528 2215 pellebantur.
2558 2144 2725 2213 Ligno
2746 2158 2978 2214 namque
2999 2158 3096 2197 ora
3124 2143 3399 2196 hominum
3428 2141 3760 2210 aperientes,

2170 2239 2248 2292 eis
2270 2245 2604 2292 sacramenta
2634 2235 2998 2304 deponebant.
3029 2233 3195 2288 Porro
3217 2233 3470 2286 mulieres
3491 2239 3546 2285 et
3568 2245 3758 2301 par-ru-

2161 2323 2252 2383 los
2280 2327 2621 2396 arripientes,
2649 2325 3048 2380 communicare
3070 2325 3357 2391 cogebant.
3390 2321 3445 2375 Si
3477 2321 3600 2389 quis
3635 2335 3760 2372 vero

2170 2415 2586 2480 contradiceret,
2631 2433 2755 2471 mox
2790 2416 2973 2484 plagm,
3013 2415 3222 2468 vincula
3265 2421 3321 2467 et
3365 2421 3636 2466 tormenta
3679 2425 3761 2462 se-

2168 2509 2503 2578 quebantur;
2532 2509 2603 2562 ita
2630 2516 2688 2560 ut
2717 2507 2876 2561 etiam
2899 2503 3214 2560 feminarum
3239 2502 3644 2559 communicare
3664 2517 3760 2553 no-

2169 2600 2392 2654 lentium
2425 2598 2688 2652 mamillas
2736 2599 2786 2651 in
2833 2613 2956 2651 arca
2999 2597 3441 2667 comprimentes,
3477 2591 3760 2647 abscinde-

2169 2700 2318 2754 rent;
2348 2690 2574 2743 aliarum
2615 2704 2742 2743 vero
2781 2698 2876 2743 aut
2921 2687 3086 2756 ferro,
3132 2698 3226 2742 aut
3279 2687 3396 2742 ovis
3445 2685 3762 2739 ardentibus

2161 2769 2358 2837 (eadem
2397 2782 2634 2836 membra
2667 2781 3066 2836 eomburerent.
3093 2778 3246 2846 Quod
3275 2792 3374 2846 ego
3403 2777 3472 2830 ab
3508 2776 3758 2829 Auxonio

2169 2890 2320 2941 sene,
2349 2873 2440 2943 qui
2471 2875 2655 2928 eadem
2681 2873 2940 2942 supplicia
2967 2880 3050 2927 est
3075 2888 3284 2941 passus,
3328 2870 3528 2925 audivi.
3561 2868 3760 2923 Socru-

2152 2954 2289 3028 l'rtzs,
2335 2965 2424 3020 lib.
2464 2981 2524 3033 ll,
2558 2983 2674 3036 cap.
2711 2964 2816 3030 ‘50;
2865 2965 2990 3018 edit.
3037 2961 3229 3017 Clu-ist.
3279 2962 3457 3017 Vales.
3505 2978 3623 3031 cap.
3664 2961 3757 3024 '53,

2169 3073 2292 3127 pag.
2323 3056 2444 3110 Ml.

2241 3167 2331 3222 Ilte
2361 3167 2522 3237 igitur
2555 3167 2847 3223 Macedonii
2890 3182 2988 3236 pro
3023 3165 3424 3220 Christianitate
3463 3172 3598 3220 orta:
3632 3174 3755 3218 sunt

2167 3261 2428 3326 actiones,
2447 3262 2637 3324 «cdes,
2658 3274 2866 3330 pugnae,
2879 3259 3104 3315 sollicita
3113 3259 3303 3324 tiones,
3324 3258 3578 3312 intestina
3593 3257 3757 3312 bella.

2168 3350 2299 3418 Qua:
2326 3366 2413 3405 res
2444 3367 2549 3404 non
2579 3351 2751 3404 solum
2803 3350 2944 3419 apud
2985 3364 3079 3405 eos
3119 3348 3212 3418 qui
3259 3347 3612 3412 Ludebantur,
3661 3347 3760 3401 sed

2165 3446 2328 3501 etiam
2357 3444 2497 3514 apud
2519 3444 2808 3499 familiares
2827 3444 2878 3497 ei
2903 3443 3082 3497 odium
3111 3443 3462 3497 vehementer
3481 3442 3754 3496 excitare-

2163 3546 2309 3593 runt.
2331 3534 2562 3590 Oﬂ‘endit
2587 3547 2766 3589 autem
2795 3537 2956 3589 etiam
2986 3534 3157 3605 ipsum
3181 3533 3583 3602 imperatorem,
3607 3541 3658 3584 et
3683 3531 3755 3585 ob

2162 3631 2269 3685 hoc
2291 3639 2348 3684 et
2377 3645 2475 3698 pro
2498 3628 2600 3682 alia
2632 3626 2937 3696 hujusmodi
2959 3641 3142 3682 causa.
3175 3625 3378 3679 Domus
3415 3625 3469 3679 in
3499 3641 3604 3694 qua
3635 3632 3754 3678 erat

2162 3736 2286 3775 arca
2327 3719 2666 3775 Constantini
2719 3718 2976 3788 principis
3010 3733 3207 3786 corpus
3259 3717 3488 3781 habens,
3541 3717 3755 3771 ruinam

2162 3813 2496 3878 minabatur;
2537 3811 2764 3881 ideoque
2793 3809 3047 3865 custodes
3069 3812 3183 3878 ejus
3211 3819 3266 3865 et
3299 3801 3390 3880 qui
3439 3810 3507 3864 ad
3551 3810 3752 3864 oratioo

2161 3918 2284 3958 nem
2314 3903 2587 3957 intrabant
2627 3911 2785 3957 erant
2810 3902 2972 3972 positi
3017 3901 3117 3957 sub
3148 3903 3362 3971 timore,
3405 3901 3755 3955 Macedonius

2159 4008 2290 4064 ergo
2316 3995 2572 4062 cogitavit
2598 3994 2937 4064 imperatoris
2965 4009 3086 4048 ossa
3127 3991 3439 4057 transferre,
3466 4008 3534 4047 ne
3564 4007 3749 4046 arcam

2159 4084 2327 4138 ruinae
2366 4099 2523 4140 casus
2568 4083 2970 4153 comprimeret.
3007 4081 3124 4138 Hoc
3167 4089 3522 4150 agnoscentes
3563 4081 3750 4152 populi

2159 4178 2536 4246 prohibebant,
2571 4175 2842 4241 dicentes,
2876 4191 2982 4230 non
3025 4183 3277 4245 oportere
3324 4173 3581 4245 principis
3622 4190 3744 4228 ossa

2158 4267 2394 4334 migrari,
2423 4283 2492 4322 ne
2538 4268 2692 4336 quasi
2729 4266 2964 4321 exorbiri
2991 4267 3097 4340 [est
3127 4264 3293 4321 Frob.
3320 4276 3372 4320 et
3392 4264 3542 4333 Nisa,
3583 4280 3743 4320 exso-

2158 4356 2281 4429 piri]
2305 4359 2323 4428 (
2338 4359 2394 4412 id
2420 4367 2515 4422 est,
2549 4373 2580 4414 e
2604 4359 2853 4429 sepulcro
2897 4357 3088 4430 cladi)
3114 4359 3440 4414 viderentur.
3470 4356 3553 4412 0b
3581 4373 3742 4427 quam

2158 4467 2270 4505 rem
2303 4452 2355 4505 in
2383 4451 2514 4506 duas
2538 4459 2721 4522 partes
2743 4452 2972 4522 populus
2999 4459 3082 4506 est
3105 4452 3307 4508 divisus
3331 4470 3346 4506 :
3371 4452 3489 4507 aliis
3513 4450 3744 4506 dicenti-

463 4532 786 4599 cnncilium;
830 4549 950 4588 cum
981 4544 1035 4590 et
1085 4535 1183 4605 ipsi
1224 4538 1313 4605 qui
1360 4538 1694 4594 Ariminense
1728 4542 2046 4611 suscipiunt,
2080 4536 2133 4598 Ι)
2157 4542 2256 4596 bus
2285 4543 2486 4596 nullam
2506 4557 2626 4597 esse
2646 4543 2877 4612 migrato
2897 4553 3112 4597 mortuo
3133 4542 3426 4607 kesionem,
3457 4541 3577 4596 aliis
3603 4555 3742 4594 asse-

439 4617 739 4689 'iguorasse
761 4640 879 4695 quae
915 4627 964 4679 in
1009 4643 1074 4681 eo
1101 4637 1251 4696 gesta
1297 4639 1422 4683 sunt
1455 4639 1778 4696 noscantur;
1808 4649 1933 4687 nam
1972 4645 2053 4688 ta-

443 4723 917 4784 “ccrc,potueraut.
961 4715 1137 4772 Nostis
1163 4719 1324 4784 enim,
1362 4720 1678 4785 charissimi,
1721 4738 2051 4792 cognoscen-

457 4814 546 4859 tes
573 4814 626 4860 et
653 4820 752 4860 vos
775 4822 803 4859 a
838 4801 1045 4869 vestris,
1079 4810 1166 4876 qui
1214 4819 1340 4866 tunc
1385 4813 1744 4868 interfuerunt
1785 4815 2044 4881 Arimino,

424 4899 715 4966 ~quoniam
741 4895 994 4954 Ursacius
1019 4910 1073 4956 et
1103 4895 1321 4966 Valens,
1348 4902 1622 4959 Eudoxius
1647 4914 1700 4959 et
1729 4907 2046 4970 Auxentius,

459 4985 725 5057 sinmlquc
747 4987 1090 5059 Demophilus
1111 4991 1449 5048 condemnati
1466 5005 1610 5060 sunt,
1632 4997 1875 5052 volentes
1901 4999 2046 5054 ali.:d

449 5094 618 5145 quam
642 5078 786 5148 quod
816 5088 1072 5134 statutum
1104 5091 1186 5136 cst
1214 5082 1401 5138 Nicmrc
1427 5087 1768 5142 conscribere
1793 5106 1806 5140 :
1831 5091 2047 5159 quando

434 5171 720 5251 cotnpulsi
746 5173 1201 5228 auathematizarc
1232 5173 1483 5229 Arianam
1535 5178 1778 5234 barresim
1821 5196 2044 5250 respue-

454 5270 596 5328 runt,
618 5263 704 5317 cui
726 5263 902 5331 potius
920 5265 1239 5332 patrocinari
1260 5266 1438 5320 conati
1458 5275 1603 5321 sunt.
1622 5266 1871 5339 Episcopi
1888 5285 2039 5334 vero,

451 5368 580 5405 vere
605 5351 795 5421 integri
818 5351 1031 5408 Domini
1059 5355 1220 5419 servi,
1254 5366 1508 5426 recteque
1557 5360 1862 5424 credentes,
1903 5375 2041 5430 pene

450 5441 669 5496 ducenti
694 5443 1126 5512 conscripserunt
1141 5445 1385 5501 sullicere
1407 5446 1674 5502 Niczenam
1699 5450 2038 5504 solummodo

432 5531 632 5596 ‘lidem,
664 5543 719 5586 et
749 5534 877 5587 nihil
920 5536 1146 5603 amplius
1175 5537 1413 5605 nihilque
1459 5540 1631 5592 minus
1660 5550 1854 5608 praeter
1894 5540 2037 5595 illum

448 5633 692 5686 quzrrcre
722 5622 878 5689 velle,
905 5639 1000 5677 seu
1017 5640 1226 5692 sapere.
1255 5625 1378 5681 lbcc
1408 5627 1549 5681 enim
1579 5630 1739 5684 etiam
1769 5629 2036 5686 Constan-

436 5711 528 5762 ‘tia
552 5711 1009 5778 signiticaveruut,
1039 5716 1128 5784 qui
1156 5716 1389 5784 iusserat
1433 5720 1693 5773 celebrari
1723 5722 2032 5778 concilium.

439 5797 862 5871 Tttmnontzws,
894 5804 984 5858 tib.
1017 5821 1069 5871 ιι,
1103 5822 1218 5873 mp.
1249 5806 1336 5873 ‘25,
1363 5827 1416 5877 ρ.
1452 5807 1567 5862 illi.

2155 4632 2396 4688 rentibus
2415 4648 2534 4687 esse
2557 4633 2724 4696 nefas,
2747 4648 2870 4687 cum
2891 4634 3083 4702 quibus
3101 4633 3266 4688 etiam
3292 4643 3447 4689 erant
3473 4634 3740 4690 homousii

2154 4723 2487 4779 defensores.
2527 4724 2868 4780 Macedonius
2913 4735 3092 4779 autem
3137 4725 3532 4796 parvipendens
3575 4729 3742 4782 verba

2152 4814 2659 4873 contradicentium.
2693 4815 2960 4869 transtulit
2981 4831 3182 4885 corpus
3208 4817 3549 4886 imperatoris
3572 4819 3624 4872 in
3645 4834 3741 4873 ec-

2151 4905 2368 4960 clesiam
2396 4905 2484 4960 ubi
2514 4921 2716 4976 corpus
2735 4905 2882 4975 jacet
2911 4909 3161 4979 martyris
3204 4909 3405 4963 Acacii.
3428 4910 3548 4976 Quo
3577 4912 3736 4971 tacto,

2151 5013 2448 5054 concursus
2475 4997 2896 5053 discordantium
2935 4999 3257 5070 populorum
3295 5001 3366 5054 ad
3405 5000 3551 5055 illam
3589 5003 3742 5054 venit

2149 5088 2448 5152 ecclesiam,
2480 5097 2536 5144 et
2565 5089 2632 5144 ad
2662 5105 2854 5144 manus
2879 5105 3049 5159 usque
3081 5099 3398 5160 perventum
3425 5098 3542 5154 est;
3575 5091 3645 5145 ita
3679 5099 3740 5144 ut

2147 5180 2296 5233 multi
2326 5180 2601 5234 hominum
2639 5190 2994 5246 morerentur,
3032 5190 3087 5236 et
3128 5183 3447 5237 vestibulum
3495 5183 3739 5238 ecclosize

2147 5285 2212 5325 ac
2234 5271 2406 5325 vicina
2437 5272 2679 5340 porticus
2709 5275 2966 5342 sanguine
2991 5273 3370 5342 compleretur.
3402 5272 3519 5328 Hoc
3564 5287 3734 5342 agno-

2145 5375 2303 5414 scens
2349 5360 2664 5428 imperator,
2708 5362 2956 5422 irascitur
3001 5371 3189 5417 contra
3237 5363 3630 5427 Macedonium,
3677 5374 3736 5417 et

2145 5461 2369 5521 propter
2385 5467 2480 5506 eos
2501 5451 2591 5520 qui
2615 5454 2811 5506 mortui
2836 5462 2978 5516 sunt,
2997 5462 3052 5508 et
3071 5455 3196 5523 quia
3216 5469 3411 5524 corpus
3431 5455 3599 5524 patris
3617 5456 3734 5522 ejus

2146 5543 2346 5610 absque
2369 5542 2536 5612 ipsius
2559 5543 2785 5597 consilio
2809 5544 3063 5611 migrasse
3100 5546 3519 5614 praesumpserit.
3550 5543 3730 5598 Relin-

2145 5633 2313 5705 quens
2339 5651 2466 5705 ergo
2495 5638 2907 5704 gubernatorem
2939 5637 3313 5708 Hesperiarum
3353 5640 3581 5707 partium
3611 5638 3730 5692 Ca!-

2143 5744 2314 5781 sarem
2344 5728 2634 5792 Juliauum,
2666 5730 2781 5799 ipse
2800 5731 3055 5798 pergebat
3097 5731 3163 5784 ad
3205 5729 3500 5784 Orientem.
3525 5729 3728 5788 Sosu-

2143 5835 2257 5884 τες,
2286 5818 2494 5883 ibidem,
2528 5829 2578 5871 et
2605 5819 2902 5886 Somnum,
2935 5838 3051 5889 cap.
3079 5820 3172 5884 20,
3201 5820 3327 5884 edit.
3360 5819 3536 5874 Christ
