3972 6444
187 361 334 421 1009

746 485 974 542 CAPUT
1011 481 1222 540 XXXII.

185 577 270 632 De
295 573 515 632 Leontio
542 576 856 646 Antiochensi
883 577 1140 646 episcopo,
1164 583 1213 627 et
1233 573 1400 636 A‘ctio,
1425 572 1511 643 qui
1531 573 1776 646 magister

790 644 1031 701 Eunomii
1059 644 1182 715 fuit.

261 753 521 810 Leontius
550 757 712 824 igitur
741 755 1111 810 Antiochenus
1139 755 1442 826 episcopus,
1473 770 1594 809 cum
1637 762 1779 808 esset

187 847 446 912 Arianus,
475 846 792 914 languorem
823 861 977 900 suum
1025 847 1204 902 celare
1233 846 1521 900 nitebatur.
1555 844 1780 900 Videns-

185 954 299 1007 que
329 937 529 992 divisos
550 938 865 992 sacerdotes
891 945 946 991 et
966 939 1244 1010 populum,
1275 946 1330 992 et
1354 937 1488 992 alios
1517 937 1778 1001 dicentes,

186 1029 376 1084 Gloria
407 1027 572 1094 Patri,
605 1037 661 1084 et
689 1029 854 1095 Filio;
880 1029 1033 1095 alios,
1065 1029 1246 1084 Gloria
1289 1027 1431 1082 Patri
1462 1044 1561 1098 per
1588 1027 1780 1082 Filium

188 1121 244 1175 in
270 1121 480 1190 Spiritu
508 1129 732 1185 sancto;
774 1120 888 1190 ipse
933 1121 1032 1174 sub
1060 1120 1277 1176 silentio
1322 1119 1534 1175 dicebat
1577 1119 1782 1174 oratio-

186 1226 336 1274 nent,
369 1219 426 1266 et
447 1210 578 1264 nihil
601 1209 744 1264 aliud
769 1209 1058 1265 audiebant
1082 1218 1338 1272 astantes,
1371 1209 1471 1263 nisi
1494 1224 1614 1263 eum
1635 1208 1785 1263 dice-

188 1311 295 1366 ret,
326 1301 386 1355 in
413 1301 606 1356 saecula
627 1301 968 1355 surculorum.
999 1299 1068 1354 Et
1093 1300 1358 1369 siquidem
1390 1299 1493 1354 hoc
1534 1315 1642 1353 non
1671 1314 1788 1351 ma-

185 1395 335 1464 ligne
362 1395 612 1457 fecisset,
659 1393 932 1448 diceretur
959 1395 1082 1462 quia
1128 1407 1226 1462 pro
1267 1391 1556 1446 concordia
1603 1389 1786 1460 populi

183 1488 366 1540 tleret.
400 1485 504 1540 Sed
534 1485 657 1554 quia
686 1493 742 1540 et
773 1494 959 1539 contra
984 1483 1181 1538 milites
1203 1482 1444 1538 veritatis
1469 1483 1783 1545 acuebatur,

181 1587 244 1631 et
273 1576 493 1631 nonnisi
521 1576 805 1632 hereticos
832 1573 1183 1646 proveltebat,
1207 1573 1590 1628 ostendebatur
1611 1570 1790 1626 celare

185 1666 606 1737 pestem,modo
636 1669 827 1721 timore
852 1665 980 1739 [ed.,
1014 1664 1221 1735 amore]
1250 1663 1450 1732 populi,
1490 1661 1650 1716 modo
1677 1659 1788 1714 for-

185 1757 399 1813 midine
447 1773 663 1826 pressus
711 1757 1073 1827 imperatoris,
1119 1755 1211 1824 qui
1254 1754 1448 1808 Filium
1477 1753 1788 1810 dissimilem

1259 359 1580 417 HISTORIA
1620 359 2061 414 'IIllPARTITA.
2109 358 2302 412 LIBI‘III
2342 355 2403 413 ν.

1807 488 1852 545 Α
1880 484 2038 538 stitia:
2094 482 2388 538 Antiochia:
2429 486 2732 552 gesserint,
2779 500 2918 556 opus
2944 485 3176 556 propria:
3225 483 3500 540 conscri-'

3299 358 3308 368 “
3334 354 3488 415 1010

1880 577 2082 646 ptionis
2136 577 2388 645 exquirit.
2440 575 2548 630 Nos
2575 586 2755 632 autem
2811 577 2878 632 ad
2929 578 3134 649 reliqua
3167 577 3470 633 veniamus.

1881 668 2292 736 Tusononsrus,
2315 669 2406 724 lib.
2438 685 2494 734 tt,
2525 687 2644 741 cap.
2665 669 2756 739 ει,
2782 689 2836 740 ρ.
2866 671 2986 726 106.

2415 826 2644 884 CAPUT
2684 826 2916 882 XXXIII.

1883 943 1963 1000 De
1982 942 2246 1003 Eudoxio.
2287 945 2371 1013 qui
2396 942 2984 1013 Antiocnemminrmit
3020 944 3416 1012 episcopatum;
3445 953 3492 997 et

2159 1011 2450 1068 terraémotu
2473 1014 2526 1066 in
2556 1011 2609 1066 Ν
2613 1015 2742 1067 ἱεαά
2768 1012 3029 1082 Bithynia:
3050 1011 3210 1081 facta.

1954 1125 2294 1181 Germanieia
2320 1126 2508 1180 civitas
2535 1134 2618 1181 est
2646 1125 2700 1179 in
2727 1125 2960 1180 termino
2981 1126 3201 1191 Cilicize,
3225 1127 3394 1197 Syria:
3422 1133 3491 1181 (ι’

1886 1218 2241 1288 Cappadocizc
2285 1218 2597 1272 constituta.
2627 1215 2794 1286 Ilujus
2824 1217 2970 1271 urbis
3007 1217 3249 1272 ecclesiae
3293 1217 3482 1286 pncsi-

1888 1306 2052 1362 debat
2073 1306 2369 1372 Eudoxius,
2397 1307 2488 1376 qni
2519 1307 2784 1362 moriente
2822 1306 3070 1376 Leontio,
3099 1309 3324 1378 arripuit
3365 1308 3478 1361 An-

1890 1399 2103 1454 tiochia:
2124 1398 2325 1463 sedem,
2341 1406 2395 1452 et
2420 1398 2587 1468 empit
2608 1409 2704 1454 sua
2735 1396 3014 1454 ferocitate
3030 1401 3239 1452 vineam
3266 1407 3480 1454 vastare

1889 1487 2239 1543 dominicam.
2270 1485 2454 1556 Neque
2476 1486 2586 1554 jam
2623 1487 2854 1550 celabat,
2880 1487 3039 1542 sicuti
3065 1486 3337 1551 Leontius,
3367 1502 3481 1540 ma-

1891 1581 2059 1634 litiam
2081 1595 2260 1633 suam:
2285 1579 2382 1633 sed
2412 1588 2598 1647 aperte
2621 1577 2934 1646 apostolicis
2960 1576 3302 1644 dogmatibus
3326 1592 3480 1645 repu-

1891 1669 2110 1739 gnabat,
2139 1677 2194 1722 et
2222 1669 2556 1723 orthodoxos
2598 1668 2779 1722 multis
2805 1667 3050 1722 cladibus
3077 1666 3363 1736 afﬂigebat.
3403 1665 3480 1721 Eu

1894 1769 2138 1829 tempore
2165 1759 2461 1829 Ancyrame
2485 1757 2739 1814 Ecclesia:
2765 1768 2890 1828 post
2917 1759 3224 1814 Marcellum
3254 1759 3484 1815 Basilius

189 1848 546 1918 prohibuerat
573 1848 694 1902 dici.
727 1845 798 1900 Ea
827 1847 1090 1916 siquidem
1117 1853 1439 1916 tempestate
1461 1845 1646 1899 Aetius
1675 1859 1790 1897 ma-
1827 1865 1870 1924 Β
1897 1851 2050 1920 pncsi
2073 1849 2247 1916 lebat;
2280 1848 2588 1904 Eustathius
2619 1865 2748 1904 vero
2769 1850 3026 1906 Sebastia‘.
3053 1851 3346 1916 Armenie;
3390 1852 3484 1921 qui

189 1941 363 2008 gister
390 1939 658 2004 Eunomii,
689 1939 782 2008 qui
825 1939 934 1991 Arﬁ
981 1937 1370 2006 blasphemiam
1414 1937 1524 1992 suis
1574 1935 1788 2004 opinio-

188 2031 356 2085 nibus
380 2041 621 2094 auxerat,
656 2030 707 2083 in
745 2029 1057 2084 diaconatus
1079 2028 1269 2083 ordine
1293 2027 1648 2081 ministrabat.
1681 2023 1790 2080 Sed

187 2122 484 2176 Flavianus
523 2130 576 2174 et
622 2119 888 2174 Diodorus
919 2119 1284 2174 monachicam
1329 2118 1543 2187 quidem
1587 2117 1792 2186 ample-

190 2223 413 2270 ctentes
443 2213 636 2275 vitam,
666 2212 813 2267 clare
853 2220 1034 2266 autem
1064 2227 1162 2281 pro
1210 2209 1526 2280 apostolicis
1573 2209 1792 2276 dogma-

189 2307 344 2360 tibus
374 2306 710 2371 laborantes,
735 2303 972 2372 episcopi
1003 2302 1323 2357 Autiocheni
1367 2300 1574 2356 Leontii
1607 2299 1791 2355 redar-

188 2405 430 2466 gucrunt
459 2411 593 2466 quas
621 2405 809 2450 contra
853 2397 1107 2465 pietatem
1137 2395 1360 2465 gerebat
1409 2393 1627 2447 insidias
1662 2387 1792 2447 ε’όὶ-

191 2497 383 2543 centes
409 2488 531 2558 quia
561 2487 811 2555 elegisset
827 2488 999 2540 virum
1022 2485 1212 2540 studiis
1234 2484 1480 2552 malignis
1505 2484 1788 2549 imbutum,

194 2582 289 2649 qui
343 2581 633 2650 impietatis
679 2596 836 2636 causa
886 2580 1096 2634 culmen
1151 2578 1468 2645 sumpsisset
1515 2577 1788 2647 potentiaz,

131 2705 135 2709 -
194 2684 367 2742 atque
395 2671 464 2726 ad
488 2669 744 2726 Ecclesiae
766 2668 972 2725 cladem
993 2670 1308 2724 diaconatus
1328 2669 1550 2722 haberet
1572 2682 1788 2722 nomen.

195 2765 546 2820 Minabautur
567 2773 748 2819 autem
784 2765 944 2818 etiam
972 2764 1039 2817 ab
1065 2762 1360 2832 apostolica
1391 2777 1514 2814 eum
1552 2778 1796 2816 commu-

196 2859 367 2912 uione
392 2855 671 2926 suspendi,
703 2864 757 2910 et
785 2855 852 2908 ad
883 2854 1194 2925 Hesperiam
1222 2855 1502 2908 venientes
1522 2894 1538 2915 ,
1584 2870 1646 2909 ea
1675 2871 1795 2925 qua:

199 2951 403 3007 callide
431 2951 757 3019 gerebantur
799 2949 1029 3017 aperire.
1074 2946 1190 3002 IIuc
1235 2955 1481 3001 metuens
1513 2945 1792 3011 Leontius,

199 3045 272 3100 ab
302 3042 482 3096 ofﬁcio
511 3041 788 3112 suspendit
809 3039 1039 3103 Aetium,
1071 3037 1189 3092 aliis
1227 3045 1408 3092 tamen
1457 3039 1616 3092 rebus
1649 3039 1796 3092 fove-

199 3137 296 3188 hat
323 3149 471 3188 eum.
513 3131 680 3186 Porro
725 3131 984 3186 mirabilis
1023 3130 1109 3183 illa
1135 3129 1398 3193 societas,
1431 3128 1481 3182 id
1524 3136 1624 3192 est,
1677 3127 1798 3181 Fla-

1890 1941 2225 2010 iniquitatem
2267 1939 2497 1995 Eudoxii
2526 1947 2583 1994 et
2631 1941 2834 1996 rabiem
2873 1951 3286 2012 cognoscentes,
3319 1943 3482 2014 272

1891 2032 2210 2088 Constantio
2241 2032 2292 2086 in
2315 2032 2608 2087 Occidente
2644 2033 2826 2102 posito
2856 2033 3048 2088 litteris
3069 2035 3182 2088 suis
3211 2035 3484 2089 indicave-

1892 2133 2034 2177 runt.
2061 2121 2225 2175 Erant
2251 2122 2393 2176 enim
2425 2122 2734 2191 imperatori
2765 2124 2899 2185 noti,
2931 2132 2988 2179 et
3013 2133 3236 2194 propter
3263 2125 3482 2180 clarita-

1893 2223 2001 2268 tem
2030 2216 2152 2267 vitzc
2181 2213 2298 2282 ejus
2334 2212 2518 2269 favore
2547 2216 2908 2286 potiebantur.
2937 2216 3094 2283 Quod
3116 2218 3240 2272 dum
3280 2231 3454 2287 coguo
3479 2250 3487 2259 -

1891 2308 2058 2362 visset
2102 2306 2480 2372 Constantius,
2519 2308 2868 2362 Antiochenis
2915 2308 3166 2377 scripsit,
3203 2309 3329 2378 quia
3370 2325 3477 2364 non

1894 2400 2008 2468 ipse
2043 2398 2285 2452 Eudoxio
2317 2397 2572 2454 Ecclesia:
2599 2399 2928 2453 concesserit
2951 2399 3319 2468 pnesulatum,
3349 2400 3491 2454 sicut

1896 2491 1983 2544 ille
2005 2490 2288 2558 vulgabat;
2321 2490 2602 2559 ipsumque
2628 2487 2930 2544 Eudoxium
2966 2490 3188 2562 expelli,
3214 2497 3270 2546 et
3299 2503 3498 2561 prunas

1894 2597 2165 2656 gestorum
2196 2603 2416 2641 suorum
2445 2587 2495 2640 Il
2521 2586 2697 2640 Νἰαιειι
2728 2585 2992 2656 Bithynia:
3011 2585 3142 2640 dare
3169 2587 3426 2656 prmeepit
3469 2603 3484 2638 :

1891 2677 2088 2744 jubens
2129 2675 2200 2730 ibi
2227 2675 2490 2729 celebrari
2536 2674 2844 2729 concilium.
2892 2673 3012 2744 Ipse
3039 2675 3184 2729 enim
3213 2675 3489 2731 Eudoxius

1896 2774 2080 2832 egerat
2101 2762 2240 2834 apud
2267 2772 2515 2832 potentes
2536 2764 2741 2833 palatii,
2756 2772 2815 2818 ut
2838 2763 2890 2818 in
2911 2763 3086 2819 Nicma
3105 2762 3342 2836 synodus
3361 2779 3489 2833 ago-

1897 2863 2065 2909 retur.
2090 2853 2193 2909 Sed
2217 2856 2458 2908 omnium
2483 2855 2732 2924 pncscius
2755 2853 2914 2919 Deus,
2932 2869 3267 2924 cognoscens
3286 2855 3486 2920 futura,

1899 2962 1963 3000 ac
1984 2946 2027 2999 si
2055 2948 2165 3014 jam
2194 2945 2392 3000 fuerint
2429 2954 2602 3013 gesta,
2646 2946 2879 3016 quodam
2921 2954 3230 3001 temcmotu
3264 2945 3491 3002 terribili

1898 3037 2172 3107 prohibuit
2200 3036 2482 3091 concilium
2505 3037 2765 3092 celebrari
2794 3038 2914 3108 (An.
2950 3036 3104 3092 Dom.
3130 3036 3280 3108 564).
3318 3038 3494 3092 Pluri-

1899 3141 2041 3179 mam
2089 3141 2320 3196 namque
2367 3127 2601 3181 civitatis
2647 3134 2854 3197 partem
2901 3137 3240 3184 terrtcmotus
3286 3130 3374 3184 ille
3401 3129 3492 3186 do-

201 3227 396 3280 vianus
417 3232 575 3295 atque
597 3223 876 3288 Diodorus,
899 3221 1218 3277 sacerdotali
1239 3219 1538 3276 ministerio
1559 3220 1794 3274 nondum
1823 3249 1870 3312 Ο
1903 3219 2126 3286 struxit,
2155 3225 2212 3273 et
2245 3219 2441 3274 nmltos
2469 3219 2824 3274 habitantium
2855 3219 3144 3276 interemit.
3176 3218 3291 3275 Hoc
3315 3233 3488 3287 agno-

201 3319 384 3388 potiti,
413 3317 623 3386 populis
647 3323 825 3368 tamen
857 3314 1077 3367 nimium
1100 3311 1522 3382 complacentes,
1553 3311 1798 3365 noctibus

202 3426 268 3465 ac
293 3408 485 3463 diebus
514 3415 736 3462 cunctos
774 3405 839 3459 ad
883 3405 1054 3459 zelum
1103 3403 1320 3474 pietatis
1360 3402 1658 3456 armabant.
1708 3399 1798 3454 Isti

200 3514 443 3570 namque
471 3499 624 3568 primi
655 3497 707 3551 in
737 3497 868 3551 duas
897 3503 1075 3565 partes
1121 3495 1316 3548 choros
1346 3493 1684 3559 psallentium
1716 3491 1798 3544 di-

201 3593 255 3645 vi
277 3593 471 3656 lentes,
487 3604 554 3644 ex
581 3586 921 3643 successione
944 3584 1248 3638 Davidicam
1273 3582 1560 3637 melodiam
1581 3589 1802 3636 cantare

203 3683 533 3737 docuerunt.
564 3679 628 3733 Et
657 3679 764 3733 hoc
793 3679 846 3732 in
876 3676 1163 3731 Antiochia
1195 3674 1442 3744 primitus
1472 3670 1583 3726 ﬁeri
1612 3673 1797 3741 cmpit,

203 3786 259 3829 et
286 3775 594 3844 dispersum
628 3771 694 3826 ad
728 3772 986 3825 terminos
1034 3769 1197 3822 totius
1226 3767 1371 3824 orbis
1417 3781 1586 3835 usque
1611 3779 1803 3836 perve-

207 3867 302 3920 nit.
357 3865 455 3919 Isti
490 3863 699 3918 divinos
755 3870 1024 3915 amatores
1071 3860 1136 3914 ad
1191 3859 1430 3930 sepulcra
1482 3867 1799 3928 martyrum,

207 3965 588 4026 provocantes,
620 3953 828 4020 vigilias
853 3952 1216 4012 celebrabant,
1240 3966 1358 4006 cum
1391 3950 1493 4004 illis
1524 3947 1801 4004 laudantes

207 4048 400 4102 Deum.
434 4045 558 4101 Ilaec
588 4043 842 4100 Leontius
871 4044 1080 4097 intuens
1100 4084 1115 4110 ,
1145 4041 1432 4111 prohibere
1473 4039 1691 4108 quidem
1715 4037 1802 4107 ju-

209 4140 410 4194 dicavit
455 4137 728 4192 incautmn
755 4178 770 4202 ,
818 4152 941 4191 cum
971 4134 1181 4189 videret
1223 4132 1618 4187 multitudinem
1647 4132 1801 4186 valde

211 4232 341 4286 viris
369 4229 474 4285 illis
496 4228 711 4300 optimis
748 4227 1040 4280 adluerere.
1071 4223 1177 4279 Sed
1209 4234 1362 4277 utens
1394 4222 1802 4277 mansuetudine

209 4334 544 4381 sermonum,
575 4319 833 4387 poscebat
864 4318 932 4370 ab
961 4316 1040 4369 eis
1070 4323 1126 4367 ut
1150 4313 1246 4368 has
1287 4313 1603 4367 lestivitates
1635 4313 1683 4366 in
1713 4328 1802 4367 ec-

208 4410 392 4464 clesiis
414 4407 594 4477 potius
623 4407 973 4460 celebrarent.
1006 4403 1170 4471 Cujus
1198 4403 1414 4472 quidem
1455 4402 1798 4457 calliditatem

211 4504 422 4569 integre
466 4507 878 4566 cognoscentes,
929 4497 1070 4566 quod
1107 4495 1396 4565 jubebatur
1440 4505 1702 4562 egerunt,
1747 4504 1804 4550 et

212 4604 486 4648 amatores
522 4605 650 4645 suos
677 4590 742 4644 ad
774 4589 1040 4645 Ecclesias
1078 4597 1558 4658 congregavernnt,
1593 4596 1652 4642 ut
1690 4589 1801 4642 ala-

215 4685 383 4737 criter
411 4681 576 4736 Deum
607 4681 858 4735 concordi
889 4695 1022 4735 voce
1052 4680 1359 4734 laudarent.
1391 4678 1495 4733 Sed
1545 4677 1803 4733 Leontius

211 4775 383 4829 tlexus
413 4790 519 4830 non
549 4779 632 4828 est
669 4781 728 4826 ut
769 4790 796 4825 a
844 4787 938 4826 sua
970 4772 1167 4825 malitia
1206 4778 1552 4841 temperaret.
1585 4769 1802 4824 Vultum

216 4879 448 4934 namque
500 4861 923 4916 mansuetudinis
966 4878 1198 4933 gerens,
1247 4860 1508 4932 Stephani
1537 4870 1591 4916 et
1620 4859 1806 4918 Placiti

215 4957 333 5028 [ms.
362 4963 411 5008 et
436 4955 542 5019 ed.,
582 4952 644 5006 V.
665 4993 679 5014 ,
712 4951 947 5023 Flacitzej
979 4953 1173 5007 celavit
1201 4953 1553 5024 iniquitatem.
1586 4951 1635 5006 ls
1661 4951 1804 5006 enim

215 5045 552 5102 adversarios
587 5046 853 5114 dogmatis
895 5045 1028 5099 recti
1059 5045 1374 5115 suscipiens,
1430 5043 1552 5099 licet
1593 5054 1801 5114 turpem

215 5141 476 5196 habentes
504 5141 689 5206 vitam,
716 5139 781 5192 ad
813 5139 1214 5210 presbyteratus
1250 5147 1429 5192 tamen
1474 5138 1716 5191 ordinem
1747 5145 1803 5190 et

216 5231 531 5286 diaconatus
557 5231 752 5285 evexit.
785 5229 895 5284 Eos
919 5239 1098 5283 autem
1124 5230 1212 5298 qui
1243 5229 1500 5282 universis
1519 5229 1803 5283 virtutibus

217 5323 542 5377 ornabantur
562 5331 616 5375 et
643 5321 938 5391 apostolica
969 5319 1223 5388 dogmata
1269 5317 1642 5382 defendebant,
1676 5318 1800 5371 abs-

216 5426 322 5480 que
348 5416 553 5466 honore
581 5411 835 5464 deseruit.
869 5409 982 5465 Ilac
1008 5409 1177 5478 gratia
1207 5409 1384 5464 clerus
1422 5409 1634 5478 quidem
1666 5408 1802 5462 mul-

219 5512 302 5557 tos
349 5503 582 5558 habebat
631 5502 945 5569 haereticos;
996 5503 1220 5572 populus
1250 5517 1376 5555 vero
1428 5502 1660 5557 maxime
1707 5518 1804 5574 pro

219 5595 523 5666 dogmatum
551 5595 875 5652 rectitudine
913 5595 1243 5658 deecrtabat,
1289 5595 1360 5648 ita
1411 5604 1470 5647 ut
1508 5611 1682 5664 neque
1708 5596 1803 5647 do-

221 5697 395 5742 ctores
425 5689 635 5743 illorum
666 5688 1054 5760 blasphemiam
1083 5703 1234 5741 suam
1281 5687 1479 5742 nudare
1508 5703 1802 5757 praesume-

224 5787 359 5832 rent.
391 5778 528 5846 Quid
554 5787 732 5834 autem
774 5778 1006 5834 Placitus
1051 5779 1169 5852 [ηδε.
1197 5785 1244 5831 et
1283 5777 1364 5831 ed.
1406 5776 1492 5842 V.,
1521 5777 1802 5849 Flacitus},

229 5873 284 5921 et
305 5866 625 5941 Stephanus,
657 5879 817 5939 atque
861 5869 1115 5926 Leontius
1161 5870 1446 5941 impietatis
1470 5878 1630 5941 atque
1658 5869 1796 5941 inju-

1903 3319 2116 3364 scentcs
2139 3309 2226 3378 qui
2254 3315 2637 3372 convenerant,
2667 3309 2733 3363 ad
2771 3325 2898 3366 suas
2927 3319 3269 3365 revertuntur
3305 3309 3492 3366 Eccle-

1900 3401 2030 3456 sias.
2055 3401 2299 3456 Arbitror
2325 3402 2468 3456 enim
2502 3401 2606 3457 hoc
2634 3400 2727 3456 Dei
2754 3401 3018 3472 sapientia
3047 3411 3288 3468 gestum;
3319 3402 3371 3456 in
3402 3402 3492 3457 illa

1904 3509 2133 3564 namque
2159 3494 2378 3549 civitate
2423 3493 2684 3548 adversus
2725 3493 2908 3548 Arium
2941 3509 2974 3549 a
3000 3494 3204 3550 sanctis
3250 3493 3496 3548 l’atribus

1902 3585 2211 3654 apostoliczc
2241 3583 2362 3640 ﬁdei
2387 3585 2629 3640 doctrina
2653 3585 2862 3656 prolata
2885 3595 2985 3641 est.
3007 3584 3074 3640 Et
3097 3585 3237 3641 forte
3255 3584 3494 3642 secunda

1901 3676 2246 3744 congregatio
2273 3675 2448 3744 potuit
2477 3675 2585 3730 illic
2610 3676 2809 3730 sentire
2836 3675 2941 3749 (ed.
2967 3674 3116 3743 Niv.,
3140 3675 3330 3742 Frob.,
3360 3691 3487 3732 san-

1902 3765 2035 3838 cire]
2064 3767 2356 3834 contraria,
2385 3775 2441 3821 ut
2467 3767 2680 3822 Ariauis
2707 3768 2922 3824 occasio
2951 3767 3081 3840 [ed.,
3111 3767 3406 3837 accusatio]
3425 3782 3494 3822 eo

1903 3859 2120 3914 nomine
2170 3860 2518 3930 prmberetur,
2542 3876 2650 3930 quo
2697 3861 2866 3930 magis
2911 3861 3266 3930 simpliciores
3293 3875 3491 3931 capere

1903 3959 2140 4020 possent,
2193 3959 2447 4018 tanquam
2480 3950 2627 4005 illam
2657 3960 2893 4006 veterem
2916 3951 3178 4022 synodum
3211 3952 3490 4022 proferen-

1901 4054 2004 4100 tes.
2051 4043 2156 4099 Sed
2203 4043 2568 4098 Ecclesiarum
2618 4052 2937 4114 prospector
2963 4045 3122 4098 citius
3176 4045 3339 4100 solvit
3386 4043 3493 4100 tale

1901 4136 2211 4191 concilium.
2254 4135 2672 4204 Tusonouerus,
2716 4134 2806 4188 lib.
2857 4151 2924 4202 tt,
2955 4151 3071 4208 cap.
3102 4133 3173 4189 25
3205 4145 3257 4190 et
3291 4135 3378 4202 26,
3429 4155 3495 4208 ρ.

1905 4227 2006 4281 108
2027 4236 2081 4282 et
2104 4229 2228 4282 l09.

1974 4319 2031 4374 In
2062 4328 2340 4374 momento
2369 4320 2636 4390 siquidem
2675 4322 2936 4395 temporis
2959 4320 3179 4378 civitate
3205 4333 3496 4384 concussa;

1903 4427 2079 4480 neque
2107 4411 2291 4481 fugere
2311 4421 2632 4482 potuerunt;
2657 4413 2752 4470 sed
2787 4414 2962 4484 primo
2993 4412 3366 4481 experimento
3397 4427 3494 4482 pe-

1903 4503 2055 4558 riculi
2095 4513 2220 4560 sunt
2247 4505 2530 4575 perempti.
2577 4505 2781 4560 Dicitur
2807 4513 2988 4560 autem
3027 4512 3312 4574 antequam
3343 4502 3499 4560 ﬁeret

1904 4611 1968 4649 ea
2001 4595 2200 4660 clades,
2233 4596 2516 4664 quemdam
2550 4593 2828 4653 Ursacium
2853 4596 2993 4670 [a155,
3023 4595 3328 4668 Arsaeium]
3356 4597 3496 4651 mili~

1907 4696 2013 4742 tem
2062 4687 2190 4760 [ed.,
2223 4685 2409 4750 Frob.,
2440 4686 2758 4759 exmilitem]
2788 4689 3115 4754 przevidisse,
3145 4701 3343 4758 genere
3367 4686 3497 4742 Por-

1903 4793 2039 4843 sam,
2070 4779 2161 4847 qui
2210 4779 2310 4833 sub
2356 4777 2563 4834 Licinio
2607 4779 2888 4836 confessor
2925 4779 3170 4844 ell‘ectus,
3201 4780 3500 4848 relictaque

1905 4870 2115 4938 militia,
2147 4871 2198 4924 in
2229 4877 2375 4924 turre
2403 4870 2638 4925 civitatis
2677 4870 2914 4926 divinam
2939 4869 3227 4926 exercebat
3252 4869 3496 4940 philosuo

1905 4961 2104 5031 phiam.
2124 4959 2220 5014 Cui
2251 4974 2480 5028 superna
2500 4958 2734 5014 visitatio
2760 4968 2947 5030 aperte
2963 4957 3232 5030 praecepit
3257 4957 3408 5012 exire
3428 4955 3498 5010 de

1905 5051 2124 5104 civitate
2154 5033 2375 5118 passura
2397 5065 2518 5119 qua:
2538 5058 2660 5119 post
2679 5051 2954 5120 paululum
2982 5049 3175 5106 ﬁerent
3189 5047 3494 5102 manifesta.

1907 5139 2026 5208 Quo
2073 5139 2235 5206 facto,
2272 5156 2393 5195 cum
2440 5140 2729 5196 velocitate
2779 5141 2848 5196 ad
2891 5140 3178 5196 ecclesiam
3227 5153 3454 5194 currens
3480 5178 3500 5205 ,

1909 5233 2178 5286 nuntiavit
2203 5232 2434 5297 clericis,
2465 5240 2528 5287 ut
2573 5232 2801 5289 Domino
2845 5232 3212 5302 supplicarent
3253 5245 3362 5300 quo
3399 5245 3499 5285 eos

1909 5323 1976 5376 ab
2007 5323 2302 5378 imminenti
2326 5323 2865 5394 periculoliberaret.
2896 5323 3102 5388 Quibus
3127 5337 3253 5378 cum
3280 5321 3498 5378 videre-

1911 5423 1997 5467 tur
2020 5429 2139 5469 esse
2189 5414 2497 5480 ridiculum,
2543 5429 2794 5469 reversus
2839 5413 2906 5468 ad
2937 5414 3146 5477 turrim,
3177 5429 3378 5483 pronus
3423 5415 3501 5467 la-

1910 5520 2120 5576 crymas
2147 5505 2313 5574 erepit
2341 5505 2638 5560 effundere.
2668 5503 2880 5558 Interea
2907 5511 3220 5558 terrmmotu
3242 5519 3500 5573 superve-

1911 5597 2094 5653 niente
2129 5597 2348 5668 plurimi
2390 5597 2685 5666 perierunt,
2728 5595 2920 5664 reliqui
2949 5609 3079 5650 vero
3116 5610 3214 5665 per
3257 5608 3417 5663 agros
3443 5604 3504 5650 et

1909 5695 2165 5741 tuontaua
2204 5686 2604 5757 dispersisunt.
2649 5683 2898 5740 Ursacius
2944 5693 3122 5740 autem
3150 5683 3203 5739 in
3233 5685 3323 5741 illa
3353 5693 3506 5742 turre

1909 5787 2154 5847 repertus
2185 5785 2272 5833 est
2317 5785 2590 5839 mortuus,
2621 5790 2827 5846 pronus
2869 5775 3078 5846 jacens,
3125 5777 3266 5833 sicut
3292 5777 3515 5835 solebat.

1913 5886 2096 5928 orare.
2124 5870 2316 5928 Sermo
2344 5878 2523 5926 tamen
2571 5875 2661 5924 est
2701 5869 2826 5942 quia
2873 5877 3161 5940 antequam
3199 5879 3506 5928 moreretur
