3972 6444
238 304 383 364 ωιδ

1308 308 1627 369 HISTORIA
1663 311 2101 369 'l‘lilPARTlTA.
2145 313 2346 370 LIBER
2382 317 2442 372 V.

3377 321 3537 378 ωτι

237 430 550 503 Scripturas
579 430 996 505 superinducere
1051 432 1105 488 in
1148 432 1513 489 ecclesiastica
1542 431 1665 488 (ide.
1695 431 1832 498 Quia
1863 443 1905 494 Α
1936 438 2139 484 mutata
2167 440 2281 495 est,
2317 431 2448 485 nihil
2477 432 2729 503 prohibet
2756 433 2920 492 etiam
2949 448 3093 490 nun'.
3120 434 3281 489 aliam
3320 434 3529 493 dictare

238 536 372 579 vero
400 523 563 594 aliqui
591 523 646 581 in
672 524 904 581 concilio
933 524 1069 580 alios
1096 533 1343 581 nostrum
1388 524 1596 592 injuriis
1639 521 1837 577 all'ece-

238 623 386 679 runt,
418 614 555 669 alios
597 614 744 683 loqui
785 614 1194 684 prohibuerunt,
1225 614 1361 669 alios
1388 614 1727 669 recluserunt
1755 613 1837 668 in-

238 702 401 766 vitos,
436 710 492 757 et
518 702 799 759 damnatos
824 719 1007 760 secum
1054 720 1121 759 ex
1164 704 1390 759 diversis
1417 705 1708 775 provinciis
1741 706 1838 759 ha-

238 792 519 860 buerunt,
549 809 651 849 nec
681 810 787 849 non
817 802 873 849 et
899 809 995 850 eos
1030 794 1121 863 qui
1148 802 1337 849 contra
1364 794 1577 862 regulas
1604 794 1835 849 ordinati

239 892 397 951 sunt,
439 884 854 941 introduxerunt
876 902 1091 952 secum;
1123 887 1196 941 ita
1224 894 1285 940 ut
1324 885 1558 955 undique
1605 887 1836 941 tumultu

234 974 480 1045 synodus
509 976 841 1046 impleretur,
884 977 1041 1031 sicuti
1075 985 1136 1032 et
1177 977 1259 1031 vir
1303 977 1630 1032 clarissimus
1656 992 1836 1032 comes

236 1062 456 1119 Leonas
485 1073 540 1120 et
579 1065 661 1119 vir
703 1065 1034 1121 clarissimus
1079 1067 1190 1121 dux
1232 1067 1523 1137 provincia:
1568 1065 1837 1125 Lauritius

235 1154 610 1226 inspexerunt.
649 1155 945 1226 Propterea
972 1156 1090 1211 haec
1118 1156 1550 1225 interloquimur,
1579 1157 1835 1226 quoniam

235 1263 348 1302 non
380 1247 717 1303 declinamus
745 1248 1047 1323 expositam
1074 1264 1199 1304 cum
1224 1249 1550 1303 auctoritate
1593 1248 1751 1303 tidem
1780 1248 1834 1302 in

235 1342 579 1396 Antiochena
601 1340 959 1404 dedicatione,
984 1338 1319 1411 proferenties
1338 1356 1489 1406 eam;
1514 1340 1641 1395 licet
1657 1348 1837 1409 patres

237 1434 420 1489 nostri
452 1434 545 1488 illo
575 1441 821 1504 tempore
848 1434 915 1489 ad
940 1433 1239 1502 subjectam
1263 1434 1636 1489 concurrerint
1659 1446 1835 1502 quaas-

235 1525 447 1581 tionem
477 1543 492 1577 :
524 1526 779 1594 quoniam
811 1526 1009 1581 multos
1040 1526 1276 1580 turbavit
1299 1525 1836 1581 eonsubstantialita—

234 1617 306 1672 tis
336 1632 539 1672 nomen
569 1618 843 1687 praterito
886 1604 1132 1688 tempore
1158 1626 1218 1674 et
1258 1632 1428 1687 usque
1456 1618 1523 1672 ad
1577 1632 1833 1688 praesens.

233 1705 397 1761 Nunc
451 1722 582 1762 vero
626 1708 751 1777 quia
782 1707 977 1764 dicitur
1006 1709 1320 1765 innovatum
1363 1708 1434 1763 ab
1473 1709 1742 1778 aliquibus
1769 1709 1837 1765 de

1941 521 2119 577 ﬁdem.
2149 520 2230 577 Ad
2256 522 2372 577 lucc
2396 521 2644 580 Eleusius
2668 523 2849 596 Cyzici
2877 526 2990 581 hate
3010 526 3173 582 verba
3202 526 3481 596 respondit
3506 544 3522 581 :

1940 614 2181 669 Praesens
2208 614 2495 669 concilium
2517 615 2849 671 celebratum
2875 625 2983 683 est,
3015 632 3123 673 non
3153 624 3214 673 ut
3239 618 3526 673 anathema

1936 704 2109 759 discat
2150 718 2327 773 neque
2354 713 2415 759 ut
2455 703 2579 759 ﬁdei
2608 706 3048 775 explanationem
3091 709 3375 779 suscipiat.
3408 718 3533 764 tan-—

1937 809 2101 865 quam
2130 809 2238 849 non
2266 794 2472 852 habens
2499 812 2649 862 eam;
2674 796 2771 851 sed
2793 798 3070 867 possidens
3092 798 3311 853 Patrum
3342 798 3542 868 fidem,

1938 883 2077 940 hanc
2105 900 2273 953 usque
2301 886 2369 940 ad
2394 887 2559 941 vitam
2584 897 2923 958 mortemque
2944 890 3232 945 custodiet.
3264 890 3358 947 llis
3397 906 3527 961 ergo

1939 977 2117 1032 verbis
2146 976 2392 1034 Eleusius
2421 979 2701 1035 sententia:
2738 981 2973 1035 occurrit
2998 980 3200 1048 Acacii,
3230 982 3389 1039 iidem
3418 982 3527 1039 Pa-

1939 1072 2079 1119 trum
2110 1082 2310 1122 vocans
2336 1068 2636 1124 Antiochiae
2670 1068 3019 1124 declaratam.
3061 1069 3161 1125 Cui
3189 1080 3338 1127 recte
3367 1073 3538 1142 quili—

1937 1157 2031 1212 bet
2061 1158 2264 1227 poterit
2310 1160 2563 1226 obviare,
2616 1160 2800 1217 dicens
2832 1179 2845 1215 :
2876 1160 3163 1227 Quomodo
3210 1161 3399 1218 Patres
3427 1164 3531 1220 hos

1939 1250 2205 1315 nominas,
2234 1266 2269 1307 ο
2297 1250 2498 1317 Eleusi,
2528 1253 2657 1308 dum
2685 1254 2901 1309 illorum
2931 1271 3037 1309 non
3068 1254 3266 1325 recipis
3295 1255 3482 1312 Patres
3504 1260 3529 1312 2

1940 1337 2007 1394 lli
2040 1355 2290 1411 namque,
2319 1343 2411 1411 qui
2442 1343 2492 1397 in
2523 1343 2699 1399 Nicaea
2719 1354 3109 1414 convenerunt,
3135 1347 3531 1403 concordantes

1937 1428 1991 1482 in
2022 1429 2593 1487 consubstantialitatis
2615 1432 2781 1487 verbo
2809 1447 2908 1502 pro
2931 1434 3033 1489 lide
3053 1436 3280 1500 sancito,
3312 1438 3532 1507 proprie

1937 1517 2189 1573 dicuntur
2226 1517 2433 1585 Patres,
2463 1536 2533 1576 eo
2559 1521 2704 1590 quod
2731 1529 2786 1576 et
2817 1530 3061 1593 tempore
3099 1533 3528 1593 praecesserunt;

1937 1616 1996 1662 et
2018 1608 2109 1676 qui
2141 1617 2327 1677 postea
2348 1609 2632 1666 Antiochia
2663 1621 3037 1667 convenerunt
3054 1613 3123 1668 ab
3151 1614 3254 1669 illis
3278 1618 3529 1671 sacerdo-

1938 1700 1998 1754 tii
2015 1699 2137 1768 jura
2177 1710 2550 1771 susceperunt.
2578 1703 2637 1758 Si
2665 1713 2845 1759 autem
2875 1703 2932 1758 hi
2960 1705 3051 1774 qui
3082 1702 3367 1761 Antiochia
3397 1723 3531 1762 eon-

234 1795 677 1851 dissimilitudine
705 1795 825 1852 Filii
860 1797 1002 1868 apud
1044 1796 1290 1866 Patrem,
1340 1798 1444 1854 hac
1490 1814 1620 1868 ergo
1666 1800 1835 1867 gratia
1871 1819 1913 1877 Β
1940 1792 2142 1860 gregali
2168 1802 2299 1848 sunt
2324 1792 2513 1848 Patres
2540 1794 2789 1864 proprios
2819 1803 3170 1863 negaverunt,
3195 1811 3530 1865 consequen-

235 1886 515 1958 ὃμιουσίον
544 1897 601 1943 et
627 1888 942 1959 ὁμοιονσίον,
984 1889 1037 1944 id
1061 1899 1148 1945 est
1174 1890 1416 1959 ejusdem
1446 1891 1757 1946 substantia:
1784 1900 1840 1947 et

232 1978 432 2033 similis
451 1980 766 2034 substantiae
785 1995 982 2035 nomen
1005 1980 1308 2049 abjicimus,
1330 1990 1582 2050 tanquam
1603 1980 1839 2051 Scriptu-

234 2082 421 2121 rarum
471 2079 828 2135 extraneum,
881 2071 1129 2141 ἁνομὶου,
1162 2069 1214 2124 id
1258 2078 1343 2124 est
1390 2070 1837 2125 dissimilitudinis

232 2158 465 2212 verbum
495 2160 1043 2225 anathematizamus,
1076 2166 1133 2214 et
1178 2175 1367 2215 omnes
1393 2159 1695 2227 bujusmodi
1723 2161 1839 2215 exi-

230 2256 444 2303 stentes
460 2247 528 2302 ab
548 2246 787 2303 Ecclesia
808 2249 1013 2303 alienos
1036 2247 1423 2303 existimamus.
1448 2247 1689 2302 Similem
1709 2264 1837 2303 vero

231 2338 431 2393 Filium
483 2340 625 2410 apud
672 2339 888 2395 Patrem
920 2352 1107 2410 aperte
1158 2341 1491 2411 proﬁtemur,
1542 2341 1836 2396 secundum

235 2431 559 2500 Apostolum
589 2431 857 2486 dicentem
881 2432 948 2486 de
973 2431 1108 2487 Filio
1139 2450 1154 2485 :
1186 2430 1285 2496 Qui
1326 2441 1402 2486 est
1430 2433 1600 2502 imago
1626 2430 1727 2486 Dei
1754 2433 1833 2485 itt-

230 2520 456 2575 visibilis
487 2520 709 2593 (Colon.
740 2537 777 2585 ι,
804 2520 913 2592 15).
939 2521 1268 2577 Conlitemur
1292 2530 1474 2577 autem
1494 2530 1552 2577 et
1569 2521 1837 2577 credimus

234 2612 292 2667 in
324 2628 489 2667 unum
521 2612 687 2668 Deum
712 2612 927 2667 Patrem
949 2614 1393 2683 omnipotentem,
1425 2612 1683 2669 factorem
1711 2614 1835 2670 caeli

228 2711 293 2759 et
320 2712 503 2771 terrae,
518 2704 805 2758 visibilium
831 2705 1069 2758 omnium
1085 2714 1141 2759 et
1161 2705 1525 2758 invisibilium.
1551 2704 1836 2759 Credimus

230 2806 419 2852 autem
449 2805 506 2851 et
535 2795 587 2850 in
618 2812 783 2851 unum
823 2794 1006 2850 Jesum
1047 2796 1318 2852 Christum
1365 2795 1558 2851 Filium
1589 2796 1737 2865 ejus,
1767 2811 1834 2852 ex

234 2904 305 2944 eo
332 2896 520 2944 natum
565 2888 963 2958 impassibiliter
993 2897 1119 2943 ante
1162 2888 1346 2943 omnia
1390 2888 1615 2955 smcula,
1664 2886 1834 2944 Deum

233 2997 427 3038 verum
461 2980 589 3053 [ed.,
621 2977 747 3034 Niu.
774 2989 825 3034 et
854 2978 1040 3045 Frob.,
1073 2978 1328 3050 Verbum]
1357 2994 1425 3035 ex
1454 2980 1565 3035 Deo
1595 2980 1836 3049 unigeni-

235 3082 381 3141 tum,
412 3073 614 3135 lumen,
646 3073 831 3137 vitam,
876 3073 1181 3135 veritatem,
1210 3072 1552 3142 sapientiam,
1582 3072 1833 3128 volunta-

1945 1892 2028 1938 ter
2052 1884 2277 1939 istorum
2319 1884 2522 1954 posteri
2551 1883 2769 1940 Patrum
2796 1885 3160 1941 destruetores
3181 1887 3353 1941 secuti
3381 1894 3527 1941 sunt.

1940 1972 2226 2039 Quomodo
2253 1987 2383 2042 ergo
2410 1981 2468 2029 et
2504 1989 2736 2045 quorum
2765 1975 2843 2030 illi
2870 1974 3027 2031 ﬁdem
3057 1977 3203 2031 velut
3230 1976 3529 2046 improbam

1941 2072 2293 2132 respuerunt,
2326 2064 2412 2120 isti
2441 2064 2594 2135 quasi
2644 2066 2978 2136 probabilem
3024 2070 3425 2138 susceperunt?
3471 2068 3530 2124 Si

1940 2162 2122 2209 autem
2155 2153 2232 2208 illi
2263 2148 2371 2210 rion
2396 2155 2703 2212 habuerunt
2728 2156 2986 2227 Spiritum
3011 2168 3286 2225 sanctum,
3316 2160 3408 2231 qui
3431 2175 3530 2231 per

1937 2242 2174 2298 cilicium
2214 2260 2402 2301 manus
2428 2246 2789 2315 impositionis
2808 2248 3091 2319 accipitur,
3121 2264 3298 2318 neque
3326 2250 3415 2305 isti
3441 2267 3530 2307 sa-

1935 2333 2236 2390 cerdotium
2256 2345 2634 2407 perceperunt.
2660 2336 2944 2406 Quomodo
2974 2340 3120 2395 enim
3157 2342 3466 2413 acciperent
3494 2360 3533 2400 a-

1936 2439 2046 2480 non
2073 2426 2398 2484 habentibus
2432 2430 2579 2498 quod
2633 2430 2903 2486 dabatur?
2951 2431 3080 2488 Hac
3120 2431 3361 2502 objicere
3402 2448 3541 2504 ergo

1939 2532 2199 2585 responsa
2227 2520 2429 2589 poterit
2463 2520 2690 2590 quilibet
2715 2520 2954 2578 Eleusio.

2008 2607 2146 2665 Cum
2184 2611 2302 2669 haec
2325 2613 2397 2668 ita
2425 2624 2736 2683 agerentur,
2764 2615 2834 2671 ad
2862 2616 3024 2672 aliam
3052 2632 3253 2674 venere
3278 2619 3533 2688 quzestio-

1938 2715 2086 2757 nem.
2110 2700 2249 2767 Quia
2288 2704 2431 2757 enim
2457 2703 2686 2760 Aeacius
2727 2704 2783 2759 in
2809 2705 2913 2761 tide
2934 2720 3054 2775 qua:
3076 2706 3214 2761 lecta
3241 2718 3345 2773 est,
3376 2709 3527 2763 simi-

1936 2790 2043 2845 lem
2070 2792 2207 2847 dixit
2252 2792 2447 2849 Filium
2496 2792 2663 2859 Patri,
2710 2796 3066 2852 consulebant
3103 2798 3417 2865 alterutros,
3444 2815 3532 2854 sc-

1936 2883 2171 2938 cundum
2198 2884 2324 2953 quid
2353 2895 2500 2943 esset
2527 2887 2717 2943 similis
2748 2887 2913 2944 Filius
2937 2887 3103 2944 Patri.
3146 2888 3215 2944 Et
3252 2890 3343 2961 qui
3385 2891 3529 2946 circa

1938 2972 2199 3029 Acacium
2252 2985 2408 3031 erant
2435 2977 2687 3033 dicebant
2731 2979 3027 3035 secundum
3070 2981 3402 3037 voluntatem
3440 2998 3532 3037 sn-

1936 3068 2237 3136 lummodo,
2266 3083 2376 3124 non
2401 3071 2697 3126 secundum
2728 3072 3084 3127 substantiam
3112 3072 3255 3129 Patri
3299 3074 3527 3132 similem

232 3171 351 3217 tem
380 3181 392 3215 :
418 3178 516 3233 per
542 3178 702 3232 quem
733 3163 913 3219 omnia
943 3162 1081 3218 facta
1110 3171 1236 3217 sunt
1258 3163 1310 3217 in
1331 3163 1481 3218 malis
1503 3162 1634 3217 etin
1665 3170 1830 3229 terra,
1862 3203 1906 3265 C
1939 3158 2130 3214 Filium
2162 3174 2301 3215 esse.
2345 3159 2446 3214 Alii
2490 3176 2620 3216 vero
2648 3178 2839 3217 omnes
2879 3164 3044 3218 etiam
3078 3166 3373 3220 secundum
3404 3168 3533 3221 sub-

232 3255 356 3311 sive
388 3255 613 3309 visibilia
643 3257 758 3310 sive
786 3255 1091 3310 invisibilia.
1121 3254 1276 3310 llunc
1304 3255 1574 3310 credimus
1617 3255 1669 3309 in
1701 3270 1833 3309 eon-

235 3346 603 3401 summatione
640 3346 959 3401 smculorum
987 3362 1086 3416 pro
1117 3346 1484 3401 destructione
1510 3346 1716 3415 peccati
1747 3360 1834 3400 as-

236 3436 535 3507 sumpsisse
556 3452 773 3491 caruem
802 3452 867 3491 ex
894 3447 1080 3491 sancta
1105 3436 1325 3505 Virgine
1359 3435 1543 3500 Maria,
1578 3445 1633 3491 et
1661 3437 1832 3491 homi-

228 3544 358 3584 nem
394 3527 617 3595 factum,
649 3543 864 3599 passum
894 3544 993 3598 pro
1022 3527 1259 3598 peccatis
1288 3528 1519 3595 nostris,
1561 3541 1623 3581 ac
1652 3542 1833 3580 resur-

236 3618 469 3680 rexisse,
502 3627 557 3674 et
585 3627 920 3688 assumptum
952 3619 1005 3672 in
1053 3618 1234 3685 cadis,
1284 3616 1473 3671 sedere
1516 3618 1566 3671 in
1609 3617 1829 3672 dextera

229 3708 447 3774 Patris,
491 3718 545 3763 et
574 3710 767 3763 iterum
798 3718 1082 3764 venturum
1114 3708 1165 3763 in
1215 3708 1384 3777 gloria
1409 3707 1651 3775 judicare
1679 3708 1832 3763 vivos

224 3810 285 3855 et
311 3809 584 3856 mortuos.
616 3798 897 3855 Credimus
920 3808 976 3855 et
1005 3800 1058 3854 in
1086 3799 1343 3871 Spiritum
1372 3808 1636 3864 sanctum,
1668 3814 1828 3868 quem

232 3890 599 3955 Paracletum,
630 3889 683 3944 id
716 3898 799 3945 est
827 3888 1227 3945 consolatorem
1257 3888 1554 3943 nominavit
1582 3888 1831 3943 Salvator

230 3981 494 4037 Dominus
517 3988 702 4036 noster
726 3979 906 4051 (Joan.
932 3996 1019 4045 xv,
1045 3979 1136 4049 26)
1154 3998 1165 4033 :
1186 3981 1521 4049 promittens,
1544 3989 1830 4050 postquam

233 4073 372 4138 iret,
424 4070 702 4143 discipulis
749 4088 870 4127 eum
919 4087 1039 4127 esse
1076 4072 1429 4139 mittendum,
1475 4086 1635 4140 quem
1665 4072 1827 4125 etiam

229 4164 563 4228 destinavit,
592 4180 689 4234 per
716 4179 876 4234 quem
903 4172 961 4219 et
987 4164 1288 4219 sanctiﬁcat
1325 4163 1608 4217 credentes
1647 4162 1699 4215 in
1726 4161 1829 4217 an

228 4258 429 4321 clesia,
478 4264 532 4311 et
558 4256 863 4325 baptizatus
892 4255 945 4308 in
977 4254 1195 4308 nomine
1225 4252 1429 4316 Patris,
1468 4262 1527 4305 et
1577 4250 1726 4315 Filii,
1776 4259 1832 4303 et

233 4350 469 4420 Spiritus
497 4350 688 4403 sancti.
741 4348 847 4402 Eos
876 4356 1052 4402 autem
1082 4347 1173 4415 qui
1222 4353 1418 4416 przeter
1465 4345 1620 4399 istam
1669 4344 1829 4400 ﬁdem

231 4441 383 4498 aliud
410 4440 701 4510 quidquam
732 4440 1045 4509 praedicant,
1079 4455 1109 4492 a
1159 4439 1423 4494 catholica
1454 4437 1694 4493 Ecclesia
1735 4437 1824 4491 de-

232 4534 504 4597 cernimus
533 4530 739 4585 alienos
765 4531 1020 4585 existere.
1068 4529 1193 4583 Haec
1220 4538 1302 4583 est
1341 4538 1521 4583 autem
1554 4527 1732 4584 Aeacii
1761 4529 1829 4583 de

232 4622 351 4690 ejus
382 4620 485 4675 lide
512 4620 760 4689 prolatio.
794 4618 891 4674 Cui
920 4620 1237 4689 subscripsit
1261 4628 1317 4673 et
1344 4619 1477 4689 ipse,
1510 4628 1565 4675 et
1594 4634 1825 4675 consen-

234 4712 431 4767 tientes
460 4712 531 4774 ei,
564 4727 789 4767 numero
812 4726 971 4780 quem
995 4711 1154 4781 paulo
1182 4719 1307 4764 ante
1335 4712 1698 4781 pnediximus.

307 4800 418 4857 liae
449 4800 549 4855 title
574 4801 729 4867 lecta,
754 4800 1090 4872 Sophronius
1112 4798 1566 4870 Pompeiopoleos
1591 4800 1826 4871 Paphla-

228 4896 405 4963 gonia:
434 4895 550 4950 hmo
574 4894 735 4949 verba
762 4895 1013 4948 clamavit
1043 4912 1057 4947 :
1090 4893 1146 4948 Si
1168 4908 1265 4963 per
1292 4892 1533 4961 singulos
1560 4892 1674 4947 dies
1700 4909 1826 4964 pro-

231 4989 404 5056 priam
449 4988 611 5043 edere
651 4988 860 5043 licuerit
894 4986 1086 5053 iidem,
1118 4987 1362 5040 veritatis
1392 4985 1672 5053 integritas
1718 5002 1824 5041 non

230 5080 491 5135 manebit.
538 5078 663 5135 Haec
703 5078 921 5149 quidem
969 5078 1306 5147 Sophronius
1354 5076 1447 5130 ait.
1492 5075 1606 5144 Ego
1634 5084 1816 5131 autem

230 5170 352 5225 dico
381 5172 503 5239 quia
535 5170 579 5224 si
600 5169 666 5224 ab
687 5170 840 5224 initio
870 5171 982 5224 lure
1014 5168 1174 5223 verba
1202 5168 1269 5222 de
1298 5165 1507 5221 Niczcna
1529 5166 1632 5220 ﬁde
1654 5167 1818 5221 dixis-

230 5270 352 5315 sent
379 5263 469 5332 qui
497 5269 621 5316 ante
651 5276 745 5315 eos
774 5271 825 5315 et
852 5271 974 5331 post
1005 5261 1124 5315 illus
1148 5260 1384 5326 fuerunt,
1411 5259 1586 5314 omnis
1612 5260 1819 5330 potuis-

228 5364 309 5407 set
339 5367 555 5408 cessare
583 5353 882 5408 contentio.
915 5351 1062 5406 Tune
1084 5366 1213 5419 ergo
1241 5349 1465 5419 plurima
1496 5350 1636 5405 inter
1654 5350 1818 5405 alter-

229 5457 380 5501 utros
410 5446 480 5502 ob
518 5446 621 5501 hoc
666 5454 723 5500 et
768 5454 991 5516 propter
1036 5460 1131 5499 eos
1168 5446 1259 5515 qui
1299 5444 1511 5501 fuerant
1559 5446 1819 5510 accusati,

228 5538 395 5591 verba
425 5538 667 5594 dicentes
706 5546 757 5592 et
800 5536 1106 5603 audientes,
1153 5536 1419 5591 abierunt.
1456 5537 1655 5604 Quarta
1686 5554 1817 5593 vero

230 5630 315 5685 dic
344 5632 725 5687 convenientes
750 5648 956 5695 omnes,
988 5647 1171 5685 rursus
1212 5632 1502 5686 movebant
1530 5646 1653 5685 eum
1684 5647 1816 5686 con-

231 5725 468 5778 tentione
511 5740 805 5778 sermones.
858 5724 1004 5778 inter
1048 5740 1185 5791 quos
1239 5723 1466 5778 Acacius
1518 5724 1599 5779 his
1638 5723 1817 5778 verbis

230 5828 379 5868 suam
434 5816 753 5869 sentes-tiam
804 5815 1095 5878 patefecit:
1129 5813 1183 5869 Si
1215 5815 1380 5871 semel
1430 5814 1644 5869 Niczcua
1686 5814 1816 5869 ﬁdes

1860 4581 1909 4640 Ι)

1936 3249 2191 3304 stantiam
2232 3250 2601 3306 declarabant.
2647 3251 2706 3306 ln
2747 3251 2851 3309 hac
2879 3268 3009 3322 ergo
3036 3256 3385 3310 contentione
3415 3263 3561 3310 tota.

1936 3351 2249 3399 manserunt
2275 3343 2381 3398 die.
2413 3341 2479 3397 Et
2519 3344 2773 3399 Acacium
2816 3358 3136 3413 arguerunt,
3186 3347 3277 3415 qui
3322 3348 3374 3401 in
3419 3348 3531 3402 suis

1934 3434 2277 3488 sermonibus
2306 3449 2442 3503 quos
2469 3434 2807 3504 conscripsit,
2837 3436 3064 3491 similem
3095 3452 3193 3508 per
3219 3439 3400 3493 omnia
3432 3437 3531 3493 Pa-

1938 3524 2005 3578 tri
2037 3524 2227 3578 Filium
2258 3525 2393 3579 dixit
2422 3541 2435 3577 :
2470 3526 2631 3597 274,
2659 3542 2803 3581 nunc
2843 3536 3031 3581 autem
3062 3528 3357 3583 secundum
3402 3531 3533 3584 sub-

1934 3616 2189 3669 stantiam
2218 3616 2445 3670 similem
2477 3616 2781 3686 denegavit.
2816 3616 3018 3684 Quibus
3047 3621 3269 3674 multum
3302 3630 3531 3676 conten-

1933 3705 2181 3761 dentibus
2220 3716 2276 3761 et
2314 3707 2379 3761 ad
2408 3707 2607 3761 nullam
2640 3710 2985 3764 concordiam
3012 3711 3373 3778 venientibus,
3413 3727 3541 3767 sur-7

1932 3810 2065 3866 gens
2102 3796 2315 3853 Leonas
2342 3799 2628 3854 concilium
2657 3800 2835 3855 solvit.
2883 3800 2951 3855 Et
2994 3803 3096 3856 iste
3125 3800 3223 3856 fuit
3269 3804 3532 3857 tern‘inus

1932 3888 2122 3960 synodi
2150 3889 2409 3943 Seleucia:
2440 3899 2797 3959 congregata‘.
2829 3890 3010 3944 Altera
3059 3906 3291 3958 namque
3319 3892 3407 3946 die
3434 3908 3525 3946 ro-

1932 3989 2087 4047 gatus
2115 3988 2173 4034 ut
2202 3979 2517 4041 interesset,
2562 3980 2753 4046 uoluit,
2785 3980 2971 4036 dicens
2997 3998 3009 4033 :
3043 3981 3287 4036 Directus
3315 3997 3432 4035 sum
3459 3983 3529 4037 ad

1933 4070 2284 4125 concordiam
2334 4070 2545 4125 concilii
2579 4087 2592 4122 :
2624 4071 2779 4125 vobis
2820 4071 3140 4125 distantibus
3178 4071 3528 4127 adesse’nou

1934 4175 2171 4229 possum.
2215 4159 2333 4225 Quo
2364 4160 2525 4223 facto,
2559 4174 2657 4214 nec
2683 4160 2773 4229 qui
2803 4160 2946 4214 circa
2986 4159 3243 4214 Acacium
3272 4170 3429 4217 erant
3459 4164 3537 4219 ad

1931 4248 2193 4319 synodum
2225 4263 2552 4303 concurrere
2579 4248 2883 4303 voluerunt.
2930 4250 3111 4304 Altera
3141 4266 3271 4305 vero
3301 4267 3424 4324 pars
3470 4253 3525 4308 iu

1931 4340 2213 4395 ecclesiam
2241 4340 2483 4405 veniens,
2518 4342 2769 4397 Acacium
2801 4350 2855 4397 et
2882 4343 2974 4412 qui
3005 4352 3159 4398 erant
3185 4360 3306 4399 cum
3335 4360 3403 4400 eo
3425 4361 3523 4401 vo-

1932 4432 2095 4496 cavit,
2132 4442 2189 4486 ut
2218 4431 2284 4485 de
2312 4432 2513 4503 Cyrillo
2543 4432 3035 4505 Hierosolymorum
3064 4435 3322 4506 episcopo
3359 4436 3543 4493 habe--

1933 4533 2083 4576 retur
2111 4521 2457 4577 examinatio.
2487 4522 2773 4581 Sciendum
2805 4524 2986 4594 itaque
3014 4527 3268 4595 quoniam
3297 4526 3539 4599 Cyrillus.

1926 4615 2038 4685 jam
2068 4617 2267 4671 dudum
2314 4616 2491 4671 luerat
2535 4625 2818 4672 accusatus
2846 4627 3007 4686 atque
3033 4618 3317 4675 damnatus
3347 4636 3360 4674 :
3391 4636 3526 4690 quo.-

1931 4707 2075 4761 niam
2104 4702 2248 4775 saepe
2278 4714 2539 4760 evocatus
2569 4706 2633 4758 ad
2659 4705 2940 4774 judicium,
2969 4704 3182 4761 duobus
3209 4709 3364 4764 annis
3384 4708 3523 4777 jugi-

1931 4807 2015 4853 ter
2067 4796 2383 4862 declinavit,
2439 4804 2684 4852 metuens
2729 4807 3068 4854 accusantes.
3125 4799 3526 4855 Coudemnatus

1930 4898 2129 4954 autem,
2163 4888 2537 4959 appellationis
2568 4888 2801 4944 libellum
2826 4891 3336 4946 eondemnatoribus
3355 4889 3525 4945 desti-

1930 4982 2104 5047 navit,
2152 4981 2410 5051 judicium
2460 4980 2634 5050 majus
2671 4982 2967 5053 appellans.
3026 4982 3125 5039 Cui
3172 4982 3521 5052 appellationi

1924 5076 2196 5129 consensit
2245 5076 2410 5129 etiam
2456 5074 2800 5132 Constantius
2843 5076 3152 5145 imperator.
3184 5073 3298 5131 lloc
3342 5075 3525 5145 itaque

1924 5167 2090 5233 solus,
2115 5175 2169 5221 et
2198 5167 2398 5237 primus
2419 5176 2612 5237 prmter
2636 5167 3055 5223 ecclesiasticam
3076 5168 3521 5225 consuetudinem

1923 5270 2089 5330 atque
2115 5262 2350 5329 regulam
2380 5261 2610 5333 Cyrillus
2640 5262 2765 5317 fecit
2811 5264 3129 5331 episcopus;
3179 5272 3257 5328 ut,
3287 5264 3428 5320 sicut
3469 5266 3522 5322 in

1925 5352 2407 5422 pulilicisjudiriis,
2451 5353 2642 5407 libellis
2672 5361 2910 5407 uteretur
2951 5353 3343 5422 appellatoriis.
3372 5353 3523 5411 Tunc

1926 5459 2055 5512 ergo
2082 5445 2132 5499 in
2163 5444 2410 5499 Seleucia
2440 5443 2680 5498 interluit
2710 5442 3047 5511 judicandus.
3081 5442 3148 5497 Et
3175 5444 3244 5499 ob
3272 5444 3376 5500 hoc
3402 5445 3519 5514 cpi.

1922 5538 2070 5606 smpi
2097 5536 2350 5591 Acacium
2394 5537 2621 5603 ejusque
2659 5543 3052 5590 consentaneus
3099 5536 3434 5601 evocabant;
3465 5546 3519 5591 ut

1921 5628 1986 5682 de
2013 5629 2440 5683 accusationibus
2480 5636 2888 5693 cognoscentes,
2917 5626 3190 5683 decretum
3231 5644 3521 5684 commune

1922 5722 2242 5793 proferrent.
2293 5720 2604 5773 Evecahaut
2647 5718 2805 5786 igitur
2845 5719 3006 5773 etiam
3052 5721 3189 5775 alios
3237 5722 3504 5792 quosdam

1921 5815 2010 5881 qui
2044 5816 2252 5867 fuerant
2299 5809 2563 5869 accusati.
2611 5818 2667 5864 ct
2711 5810 3027 5880 semctipsos
3077 5815 3418 5867 contulerant
3445 5813 3514 5867 ad
