3972 6466
558 325 697 385 1015

1782 330 1851 389 Μ.
1898 328 2171 388 Αυιυ-ξῐλ.
2218 319 2623 380 CASSIODORI

3639 344 3733 399 illiti

552 440 827 497 Acacium.
852 442 998 508 Quos
1024 451 1145 513 post
1174 442 1419 497 crebram
1441 442 1752 498 citationem
1780 446 2025 498 nolentes
2052 455 2143 495 oc-
2176 447 2219 498 Α
2252 438 2401 492 ribus
2424 438 2689 507 judicaret
2714 456 2726 492 :
2756 439 2982 494 credens
3004 439 3215 495 Aetium
3242 457 3343 498 non
3370 460 3514 512 posse
3529 450 3733 510 Vinciser.

552 550 790 597 currere,
822 535 1230 597 damnaverunt,
1262 544 1314 589 et
1346 535 1518 600 ipsum
1552 535 1823 601 Acacium,
1852 532 2139 600 Georgium

550 622 967 678 Alexandrinum
986 662 1003 688 ,
1045 622 1299 679 Uranium
1328 623 1471 695 Tyri,
1522 623 1854 677 Theodulum
1884 622 2141 689 Cherzcm,

526 709 752 766 .Penum
785 711 1055 784 Phrygite.
1104 713 1466 769 Theodosium
1515 713 1895 781 Philadelphia:
1940 712 2139 783 Lydae,

546 802 833 873 Evagrium
864 806 1047 861 insula:
1097 806 1371 878 Mytilene,
1407 806 1689 861 Leontium
1729 804 2006 873 Tripoleos
2037 802 2139 875 Ly-

545 897 675 962 dize,
702 907 759 953 et
803 899 1101 955 Eudoxium
1130 942 1144 965 ,
1191 902 1281 971 qui
1316 901 1489 969 primo
1536 900 1750 969 quidem
1788 897 2142 953 Germanicia:

546 990 666 1057 fuit,
694 1000 882 1061 postea
928 1009 1056 1046 vero
1098 992 1395 1046 Antiochia:
1420 991 1590 1061 Syria:
1632 990 1825 1044 invasit
1862 990 2143 1057 episcopa-

548 1088 695 1147 tum;
726 1082 1117 1137 damnaverunt
1154 1083 1358 1153 pariter
1396 1091 1445 1135 et
1500 1080 1886 1149 Patropltilum,
1921 1078 2044 1147 quia
2088 1087 2143 1131 et

548 1171 663 1240 ipse
692 1188 719 1225 a
753 1173 1026 1227 Dorotheo
1058 1175 1371 1245 tresbytero
1401 1182 1685 1227 accusatus
1706 1210 1720 1233 ,
1763 1178 2017 1225 evocatus
2040 1185 2142 1223 no—

550 1262 648 1317 luit
678 1264 917 1318 obedire.
952 1264 1061 1318 Hos
1106 1266 1285 1334 itaque
1311 1264 1721 1317 damnaverunt.
1760 1260 2143 1315 Excommuni-

472 1338 477 1339 ί
548 1364 809 1408 caverunt
824 1364 1004 1408 autent
1035 1356 1319 1419 Asterium,
1349 1354 1658 1417 Eusebium,
1683 1352 2142 1420 Abgaruttt,Basi-

550 1444 699 1507 liutn,
755 1443 1031 1507 thbum,
1084 1445 1345 1509 Fidelem,
1378 1445 1733 1516 Entycltium,
1777 1444 2057 1511 Magnum,
2089 1452 2143 1499 et

536 1533 910 1599 ,Ettstatltium,
939 1536 1017 1590 sic
1044 1552 1138 1590 eos
1177 1552 1396 1589 manere
1424 1536 1797 1597 decernentes,
1841 1535 2013 1589 donec
2042 1535 2141 1589 ha-

547 1626 660 1681 bita
698 1627 1101 1692 satisfactione,
1148 1626 1580 1682 accusationibus
1616 1628 1934 1695 semetipsos
1976 1642 2143 1681 exue-

546 1726 687 1772 rent.
713 1716 809 1772 llis
837 1719 992 1783 actis,
1023 1719 1424 1773 damnationem
1466 1719 1793 1773 celebratam
1822 1732 2011 1771 eorum
2041 1733 2139 1787 pa-

2248 530 2513 595 monibus,
2539 537 2595 585 et
2620 534 2791 599 magis
2822 534 3125 587 necessario
3150 535 3266 604 capi
3286 534 3549 604 judieantis
3566 546 3734 613 auditus,

2246 639 2309 679 ac
2349 627 2464 680 sine
2503 628 2851 682 contentione
2900 629 3193 696 pncvalere
3233 646 3478 686 conamen
3525 635 3732 700 Ιιαπθςεος,

2245 718 2485 785 Cumque
2516 718 2621 772 hoc
2650 718 2830 787 perfici
2862 720 3227 787 nequivisset,
3259 721 3471 789 proferri
3498 728 3733 795 scripturam

2244 806 2510 875 prolatam
2550 808 2618 862 ab
2663 808 2931 873 Arimino,
2966 819 3019 861 et
3047 826 3075 863 a
3107 809 3364 865 Seleucia:
3392 816 3573 883 synodo
3603 820 3734 877 missos

2246 896 2385 950 banc
2434 898 2729 967 suscipere,
2764 898 3148 968 deposcebaut.
3183 898 3246 954 Et
3274 917 3390 956 cum
3434 910 3622 973 qua:stio
3642 928 3735 968 esset

2243 984 2311 1039 de
2339 987 2651 1041 substantiae
2687 990 2930 1051 nomine,
2956 989 3308 1058 jurejurando
3350 992 3599 1051 ﬁrmabant
3624 1021 3633 1051 :
3657 1006 3735 1072 qui:

2246 1076 2550 1131 nullatenus
2578 1078 2888 1133 dissimilem
2917 1082 3216 1135 secundum
3247 1084 3569 1140 substantiam
3609 1089 3735 1146 Filium

2244 1164 2562 1234 faterentur,
2592 1184 2761 1238 seque
2790 1179 3005 1236 paratos
3035 1170 3179 1227 hanc
3207 1172 3445 1229 ha:resim
3472 1178 3671 1235 abdicare
3688 1184 3739 1236 di.

2243 1258 2459 1311 cebaut.
2491 1256 2557 1310 Et
2603 1260 2855 1327 quoniam
2901 1261 3181 1330 inopinate
3221 1260 3567 1323 Occidentales
3605 1288 3737 1329 nomen

2243 1347 2555 1402 substantia:
2586 1350 2638 1402 in
2678 1350 2920 1405 Arimino
2951 1354 3313 1423 reliquerant,
3346 1361 3653 1415 necessariam
3673 1366 3738 1419 illi-

2240 1436 2482 1503 jusmodi
2510 1440 2825 1509 scripturam
2852 1457 2970 1496 esse
2996 1443 3321 1499 fatebantur.
3351 1446 3579 1505 Dicebant
3618 1466 3737 1511 autem

2244 1530 2369 1599 quia
2398 1532 2441 1585 si
2469 1547 2666 1587 nomen
2696 1534 3011 1589 substantia:
3035 1545 3300 1600 taceatur,
3326 1553 3439 1592 cum
3468 1544 3643 1597 nomine
3663 1550 3741 1601 sub

2242 1621 2455 1674 stantia:
2483 1622 2644 1676 etiam
2667 1624 2794 1678 illud
2817 1626 2959 1695 quod
2976 1626 3043 1680 de
3069 1629 3598 1687 consubstantiaiitate
3615 1636 3740 1691 decre-

2244 1721 2356 1765 tum
2386 1721 2497 1777 est,
2547 1715 2665 1769 sine
2709 1716 3046 1771 dubitatione
3086 1720 3355 1773 tacebitur
3386 1739 3399 1772 :
3425 1722 3555 1789 quod
3594 1726 3739 1793 plurimi

546 1808 749 1862 ruebiis
780 1808 1161 1874 innotuerunt;
1192 1808 1351 1877 inque
1394 1809 1571 1862 locum
1615 1807 1835 1862 Eudoxii
1877 1809 2139 1862 Auianum
2175 1818 2217 1875 Β
2244 1802 2663 1859 Occidentalium
2686 1809 3023 1862 sacerdotum
3047 1827 3149 1881 pro
3170 1815 3466 1867 reverentia
3487 1814 3740 1874 Nicmnicon-

545 1903 946 1958 constituerunt
970 1902 1298 1972 episcopum,
1331 1916 1492 1970 quem
1515 1900 2031 1969 comprehendeutes
2052 1901 2143 1969 qui

546 1995 687 2049 circa
713 1995 967 2049 Acacium
997 2004 1173 2059 erant,
1209 1992 1402 2048 Leona:
1444 2002 1498 2047 et
1521 1992 1760 2047 Lauritio
1787 1994 2140 2059 tradiderunt,

548 2100 578 2137 a
608 2085 803 2154 quibus
829 2086 1021 2139 exsilio
1050 2086 1349 2141 destinatus
1399 2094 1500 2138 est.
1555 2085 1673 2150 Quo
1703 2085 1874 2148 laeto,
1907 2085 2143 2154 episcopi

546 2177 637 2244 qui
662 2177 1041 2231 ordinari-rant
1069 2174 1335 2230 Anianum
1357 2176 1811 2230 contestationem
1833 2176 2145 2229 obtulerunt

536 2264 749 2321 Leonte
775 2273 830 2321 et
864 2267 1100 2321 Lauritio
1143 2278 1333 2321 contra
1377 2267 1631 2320 Acacium
1663 2274 1719 2319 et
1754 2273 2146 2320 consentaneus

548 2354 686 2423 ejus,
718 2356 959 2411 dicentes
987 2357 1174 2428 synodi
1200 2356 1457 2424 judicium
1480 2354 1643 2408 fuisse
1670 2355 1948 2410 violatum.
1978 2354 2143 2409 Cum-

548 2460 658 2515 que
683 2446 812 2500 nihil
839 2458 1076 2513 agerent,
1108 2447 1630 2515 Constantinopolim
1662 2454 1788 2499 sunt
1818 2447 2061 2515 profecti,
2087 2456 2146 2501 ut

551 2552 673 2607 quae
696 2547 843 2605 gesta
869 2536 1076 2591 fuerant
1101 2538 1469 2607 ponderentur
1492 2539 1824 2606 imperatori.
1843 2537 2142 2607 Surenas,

550 2628 643 2684 lib.
669 2646 723 2693 ιι,
758 2647 873 2702 cap.
907 2629 996 2684 52.
1045 2630 1192 2685 Edit.
1218 2631 1409 2686 Christ.
1454 2631 1627 2686 Vales.
1668 2649 1783 2702 cap.
1811 2630 1899 2697 40,
1932 2649 1985 2702 p.
2021 2631 2142 2687 148.

1113 2764 1341 2823 CAPUT
1379 2766 1592 2823 XXXV.

626 2859 702 2915 De
727 2860 908 2932 legalis
940 2858 1142 2915 concilii
1174 2860 1441 2923 Seleucia,
1498 2870 1547 2915 et
1588 2860 1652 2914 de
1679 2862 2077 2932 examinatione

910 2933 1044 2985 Aetii
1064 2973 1077 2997 ,
1110 2941 1158 2984 ct
1185 2933 1345 3002 gestis
1374 2930 1793 2985 Arimineusium.

620 3022 773 3078 llunc
796 3024 1082 3077 terminum
1116 3024 1297 3077 habuit
1324 3024 1561 3094 synodus
1591 3024 1643 3077 in
1668 3022 1912 3077 Seleucia
1943 3023 2148 3077 consti-

550 3121 684 3168 tuta.
708 3111 807 3178 Qui
832 3128 960 3167 vero
984 3112 1213 3167 voluerit
1239 3112 1505 3167 subtiliter
1527 3113 1772 3168 universa
1794 3125 2143 3182 cognoscere,

2248 1895 2356 1949 cilii
2386 1895 2545 1950 nimis
2572 1898 3055 1969 amplectebantur.
3091 1899 3246 1955 lianc
3271 1911 3446 1956 autem
3474 1906 3607 1958 etiam
3631 1910 3742 1976 impe-

2247 1996 2395 2040 rator
2420 1985 2590 2042 ﬂexus
2617 1998 2699 2043 est
2728 1989 2947 2045 laudare
2972 1994 3429 2062 conscriptionent
3455 2015 3465 2049 :
3489 1999 3742 2055 considerans

2246 2079 2641 2133 multitudinem
2667 2081 2907 2136 Arimino
2928 2094 3333 2151 congregatum,
3358 2096 3409 2139 et
3428 2089 3537 2155 quia
3562 2105 3641 2143 non
3660 2107 3741 2160 pec-
3826 2070 3833 2089 ’

2246 2178 2395 2222 caret
2422 2171 2514 2239 qui
2544 2172 2773 2225 sintilent
2824 2171 2963 2227 l’atri
3011 2173 3207 2229 Filium
3256 2177 3454 2231 diceret
3482 2196 3493 2230 :
3524 2180 3632 2234 idem
3666 2198 3740 2237 esse

2247 2260 2446 2316 virtute
2470 2264 2712 2329 credens,
2744 2266 3266 2323 consubstantialem
3298 2278 3353 2323 et
3380 2272 3550 2326 similis
3572 2276 3740 2329 substan-

2248 2350 2336 2405 tia:
2365 2354 2789 2422 professionem;
2835 2356 3073 2427 nihilque
3116 2360 3396 2415 intellectu
3442 2362 3643 2429 dilierre,
3678 2366 3740 2419 nisi

2250 2443 2556 2497 nominibus
2585 2459 2704 2513 qua:
2734 2445 3011 2516 Scriptura
3043 2447 3226 2503 divina
3251 2452 3495 2506 nesciret.
3526 2452 3644 2509 lianc
3658 2471 3741 2523 ergo

2249 2532 2574 2586 sententiam
2604 2534 2829 2599 habens,
2854 2538 3139 2606 episcopos
3162 2542 3485 2593 concordare
3507 2544 3697 2612 praecepit
3711 2544 3742 2597 in

2249 2624 2603 2679 Ariminensis
2626 2627 2729 2681 tide
2750 2629 2987 2682 concilii.
3020 2630 3269 2700 Cumque
3295 2647 3353 2687 se
3381 2636 3532 2688 altera
3551 2636 3619 2690 die
3639 2653 3743 2703 para-

2249 2726 2333 2771 ret
2360 2716 2429 2771 ad
2452 2720 2791 2773 consulatum
2824 2722 2987 2790 (quod
3019 2724 3192 2792 prima
3233 2726 3321 2780 die
3364 2728 3546 2782 mensis
3580 2726 3744 2781 Januarii

2250 2804 2617 2861 Romanorum
2647 2824 2799 2865 more
2825 2810 3184 2884 celebratur),
3222 2823 3386 2869 totant
3416 2816 3542 2870 diem
3568 2829 3612 2870 et
3632 2819 3746 2870 mati-

2249 2914 2393 2953 mam
2432 2898 2604 2955 noctis
2644 2914 2850 2973 partem
2879 2905 3158 2974 expendit,
3191 2908 3332 2961 inter
3357 2909 3607 2978 episcopos
3629 2919 3747 2962 certa-

2250 3006 2375 3046 men
2404 2992 2625 3058 habens,
2648 2995 2822 3051 donec
2846 2998 3125 3067 scriptura:
3151 3016 3218 3054 ex
3246 3000 3480 3054 Arimino
3497 2999 3649 3053 delata:
3671 3004 3749 3053 sab-

2251 3086 2551 3141 scriberent
2576 3088 2817 3159 episcopi
2851 3106 2881 3143 a
2923 3090 3165 3146 Seleucia
3206 3094 3497 3147 venientes.
3521 3092 3747 3152 Sororem,

550 3214 897 3276 cxceptormtt
928 3202 1087 3258 debet
1116 3214 1235 3257 acta
1262 3203 1523 3272 relegere.
1556 3204 1684 3258 Post
1716 3202 1832 3258 haec
1860 3177 1989 3271 ergo
2019 3204 2142 3258 talia

2250 3177 2340 3231 lib.
2366 3194 2436 3243 tv,
2461 3195 2576 3248 cup.
2604 3178 2667 3232 21
2698 3190 2747 3235 et
2775 3179 2861 3233 22.
2895 3179 3038 3235 Edit.
3070 3180 3269 3237 Christ.
3311 3182 3496 3249 νάει,
3536 3200 3630 3253 cap.
3656 3182 3750 3235 δὶα

550 3306 698 3365 gesta
746 3304 888 3350 sunt.
918 3294 1329 3351 Consentientes
1353 3296 1568 3365 quidem
1593 3296 1787 3351 Aeacio
1816 3298 1882 3350 ad
1910 3297 2141 3367 impera-

550 3397 725 3443 torem
752 3403 911 3456 qnant
940 3401 1169 3455 propere
1188 3394 1567 3456 pervenerunt.
1600 3386 1833 3442 Alterius
1857 3403 1984 3441 vero
2015 3404 2140 3457 par-

553 3482 620 3532 tis
649 3480 886 3547 episcopi
931 3479 1125 3545 singuli
1167 3478 1233 3533 ad
1264 3479 1481 3549 prOpria
1512 3488 1637 3533 sunt
1688 3479 1911 3533 reversi.
1947 3478 2140 3534 Decem

552 3569 926 3623 tantummodo
942 3584 1128 3623 eorum
1151 3570 1421 3623 communi
1445 3570 1664 3624 decreto
1681 3570 1850 3637 missi,
1866 3570 2142 3625 venientes

552 3660 619 3714 ad
651 3661 944 3730 principem
966 3702 980 3727 ,
1017 3660 1336 3713 invenerunt
1368 3659 1601 3715 directos
1627 3660 1815 3714 decem
1850 3661 1917 3713 ab
1946 3660 2142 3716 Arimi-

554 3751 705 3805 nensi
734 3750 982 3805 concilio.
1016 3747 1185 3803 Porro
1214 3763 1475 3818 sequaces
1497 3748 1674 3803 Acacii
1694 3748 1806 3817 jam
1836 3762 2057 3816 egerant
2083 3759 2143 3805 ut

552 3849 802 3912 potentes
828 3838 1007 3910 palatii
1038 3838 1275 3908 ipsorum
1306 3847 1586 3893 tuerentur
1616 3846 1816 3907 partes,
1842 3848 1896 3894 et
1926 3856 2019 3908 per
2047 3858 2142 3897 eos

552 3933 706 3986 favor
732 3931 837 3987 illis
862 3930 1135 3985 arridebat
1163 3930 1518 3999 imperatoris.
1555 3928 1815 3984 Dicebant
1843 3932 1984 3985 enim
2009 3932 2142 3987 alios

551 4025 767 4093 quidem
797 4024 1010 4077 sibimet
1038 4023 1365 4088 consentire,
1392 4022 1526 4076 alios
1553 4032 1731 4076 autem
1758 4024 2143 4080 ecclesiasticis

550 4115 791 4185 peeauiis
819 4130 937 4168 esse
966 4122 1268 4184 corruptos,
1301 4114 1437 4168 alios
1481 4114 1786 4182 incongruis
1829 4115 1934 4169 falli
1983 4117 2143 4170 sedu-

548 4208 818 4261 ctionibus
855 4207 957 4277 led.
1013 4204 1096 4271 V.,
1129 4203 1521 4277 seditionibus].
1548 4205 1671 4260 iia:c
1699 4208 1891 4275 agebat
1919 4206 2143 4264 Aeacius

550 4310 738 4352 natura
770 4307 1034 4363 versutus,
1076 4306 1131 4352 et
1171 4306 1501 4368 pneparatus
1528 4297 1594 4351 ad
1623 4297 2025 4367 intelligendum
2056 4308 2140 4353 at-

547 4405 652 4458 que
674 4389 1116 4451 dicendum,cum
1140 4392 1300 4444 etiam
1324 4389 1580 4458 insignem
1603 4390 2138 4459 haberetecclesiam,

549 4482 600 4537 id
631 4491 714 4535 est
741 4481 954 4536 Eusebii
988 4479 1270 4552 Pamphili,
1302 4490 1425 4551 post
1452 4496 1612 4549 quem
1633 4484 1750 4549 ejus
1780 4482 2002 4537 tenebat
2028 4484 2143 4554 epi~

2250 3266 2339 3331 55,
2361 3286 2413 3338 p.
2438 3266 2562 3322 577.

2695 3384 2857 3456 275
2894 3382 3121 3439 CAPUT
3150 3384 3383 3441 XXXVI.

2248 3489 2515 3555 Quomodo
2559 3493 2922 3562 nﬁirmaverint
2958 3496 3113 3563 ﬁdem
3154 3499 3491 3551 Arim'ncmis
3514 3495 3754 3558 concilii,vl

2494 3564 2694 3617 Aelium
2726 3563 3055 3634 deposuerint
3082 3568 3239 3621 simul
3268 3569 3481 3622 clulius.

2318 3654 2546 3709 Aeacius
2582 3666 2760 3710 autem
2810 3666 2865 3711 et
2901 3656 2988 3726 qni
3029 3676 3149 3713 cum
3195 3678 3263 3714 eo
3312 3670 3458 3715 erant
3501 3662 3753 3727 aliquantum

2250 3755 2463 3817 tempus
2510 3747 3033 3819 Constantinopolim
3103 3762 3522 3813 cumtum-antes,
3564 3766 3754 3805 evocate-

2243 3845 2368 3889 rnnt
2397 3837 2682 3906 episcopos
2711 3854 2775 3891 ex
2824 3838 3087 3909 Bithynia,
3131 3841 3274 3895 inter
3301 3858 3433 3910 (pios
3467 3852 3568 3894 erat
3606 3848 3650 3893 et
3683 3836 3757 3889 lla.

2245 3926 2423 3979 carius
2453 3925 2858 3981 Macedonensis
2887 3927 3016 3999 [lege
3047 3929 3218 3983 Mares
3250 3926 3698 3996 Chalcedonensis],
3720 3932 3757 3978 cl

2249 4016 2490 4086 Ul,:hilas
2532 4018 2830 4073 Gothorum
2881 4020 3185 4091 episcopus.
3238 4024 3336 4090 Qui
3380 4038 3552 4075 omnes
3592 4034 3756 4074 numero

2245 4111 2628 4180 quinquaginta
2671 4112 3076 4174 convenientes,
3118 4114 3555 4167 conﬁrmaverunt
3582 4110 3757 4163 Arimino

2247 4201 2441 4257 lectam
2497 4202 2947 4271 conscriptionem
2991 4221 3003 4255 :
3053 4202 3370 4272 adjicicntes
3417 4212 3471 4258 ut
3520 4202 3578 4256 de
3615 4209 3757 4253 uetera
3810 4226 3817 4241 ι

2247 4309 2586 4364 nequaquam
2631 4295 2931 4349 substantia
2975 4294 3057 4350 vel
3096 4299 3332 4351 essentia
3380 4296 3692 4350 nominaretur
3721 4290 3756 4341 iu

2248 4386 2392 4452 Deo;
2439 4395 2493 4440 et
2533 4395 2729 4455 praeter
2766 4388 2906 4443 hanc
2943 4388 3264 4457 scripturam
3314 4404 3492 4444 omnes
3532 4388 3657 4446 alias,
3697 4390 3759 4435 aut

2247 4477 2436 4543 factas,
2481 4486 2572 4531 aut
2624 4478 2892 4533 faciendas
2944 4480 3157 4548 penitus
3209 4481 3458 4535 abdicari.
3504 4480 3605 4545 Quo
3640 4474 3757 4535 facto.

547 4581 851 4642 scopatutn,
882 4582 936 4626 et
963 4572 1289 4641 gloriabatur
1312 4586 1434 4626 eum
1463 4587 1521 4625 se
1564 4572 1813 4627 habuisse
1841 4572 2139 4628 doctorem.
2179 4583 2224 4643 ι)
2250 4570 2463 4624 Aetium
2516 4571 2831 4624 diaconatus
2882 4572 3071 4626 ordine
3138 4572 3525 4642 deposuerunt,
3570 4560 3756 4635 tanquam

547 4659 614 4716 Et
640 4677 761 4717 cum
809 4662 927 4716 talis
956 4670 1115 4722 esset,
1160 4661 1518 4732 persuadebat
1548 4661 1701 4717 facile
1729 4662 1879 4733 quod
1906 4662 2140 4717 volebat.

547 4753 681 4807 Cuttt
716 4752 877 4820 igitur
918 4751 1380 4821 COIISlanliIIOPOIi
1425 4767 1494 4806 ex
1535 4763 1760 4823 utroque
1791 4752 2020 4808 concilio
2059 4770 2146 4809 es-

548 4853 671 4900 sent
694 4844 936 4915 episcopi
956 4844 1165 4912 viginti,
1187 4852 1242 4898 et
1268 4844 1355 4897 alii
1378 4845 1469 4913 qui
1493 4860 1618 4897 casu
1643 4854 1932 4915 praesentes
1955 4854 2141 4911 erant;

550 4938 724 5007 primo
752 4935 971 5005 quidem
997 4934 1215 5003 jubetur
1246 4943 1302 4989 ut
1330 4935 1396 4989 de
1428 4934 1567 4989 Aetii
1596 4936 1896 5004 quastione
1940 4935 2145 5004 judica-

549 5038 652 5094 ret,
707 5028 1063 5100 pnesentibus
1110 5027 1360 5081 maximis
1409 5027 1758 5097 proceribus,
1808 5024 2139 5095 Honoratus,

549 5136 709 5190 quem
741 5136 847 5174 non
891 5128 1017 5174 ante
1062 5118 1287 5172 ntultum
1339 5128 1548 5187 tempus
1593 5118 1885 5189 imperator
1913 5117 1979 5172 ab
2011 5117 2145 5174 urbe

549 5211 721 5267 ltama
750 5222 1054 5276 revertens,
1106 5212 1337 5281 primum
1369 5211 1675 5281 praefectum
1705 5211 1849 5266 urbis
1878 5210 2145 5267 Constan«

549 5304 919 5374 tinopolitaua:
975 5303 1275 5358 constituit.
1335 5301 1527 5357 Postea
1582 5318 1754 5370 vero,
1810 5305 1973 5358 etiant
2029 5305 2145 5374 ipso

548 5392 867 5449 Constantio
912 5408 1032 5447 cum
1082 5392 1351 5461 judicibus
1398 5391 1684 5457 audiente,
1740 5393 1948 5462 capitur
2001 5394 2147 5449 circa

551 5487 711 5542 tidem
742 5486 928 5541 Aetius
955 5494 1249 5555 :egrotare;
1277 5485 1348 5540 ita
1382 5493 1438 5539 ut
1466 5485 1627 5540 etiam
1660 5486 1953 5554 imperator
1972 5492 2025 5539 et
2052 5484 2142 5539 alii

546 5577 703 5648 quasi
730 5578 872 5632 circa
923 5576 1232 5646 blasphema
1281 5576 1396 5645 ejus
1439 5577 1599 5631 verba
1650 5584 2144 5631 commoverentur.

553 5663 755 5721 Dicitur
783 5674 960 5720 autem
1004 5667 1261 5720 Acacium
1295 5668 1455 5734 eique
1486 5667 1887 5721 consentientes
1916 5666 2147 5735 primunt

550 5774 612 5813 se
640 5758 780 5813 han:
806 5758 1053 5813 bzeresim
1082 5758 1331 5829 ignorare
1362 5758 1601 5827 littxiSse,
1635 5767 1687 5811 et
1715 5755 1814 5811 sub
1841 5756 2149 5811 velamento

551 5847 788 5923 quodam
808 5848 980 5920 egisse
1009 5864 1130 5903 cum
1158 5849 1418 5921 principe,
1453 5859 1510 5905 ut
1538 5852 1651 5921 ipse
1677 5854 1800 5899 tum
1827 5839 1938 5895 suis
1969 5855 2149 5911 proce-

2250 4659 2501 4716 ltmretice
2531 4661 2851 4731 sapientem,
2877 4670 2931 4715 et
2950 4663 3040 4731 qui
3063 4672 3249 4717 contra
3272 4662 3649 4717 ecclesiasticam
3668 4669 3758 4708 con-

2248 4752 2582 4807 suetudinem
2607 4752 2851 4821 qumdam
2882 4754 3129 4807 humana:
3155 4754 3428 4824 sapientia:
3450 4752 3570 4806 facta
3589 4742 3760 4802 conseri-

2246 4846 2417 4911 beret,
2449 4856 2503 4900 et
2531 4846 2774 4913 dialogos
2799 4846 2987 4915 plenos
3030 4846 3361 4917 blasphemia
3390 4847 3611 4908 dictaret,
3643 4848 3759 4903 atque

2248 4939 2524 4993 turbarum
2556 4938 3039 4993 ecclesiasticarum
3066 4948 3121 4993 et
3150 4940 3426 4993 seditionis
3446 4946 3611 4990 auctor
3628 4937 3756 4983 crsu-

2248 5041 2350 5087 ret.
2387 5031 2589 5085 Dicitur
2617 5039 2796 5084 autem
2835 5028 2902 5084 ab
2930 5032 3215 5099 aliquibus,
3247 5033 3368 5099 quia
3400 5047 3498 5083 non
3526 5040 3627 5080 cmn
3661 5022 3759 5072 inte-

2248 5140 2344 5195 gro
2397 5126 2561 5181 corde
2608 5125 2998 5195 deposuerunt;
3052 5126 3145 5179 scd
3202 5127 3437 5180 videntes
3489 5138 3542 5175 se
3590 5108 3755 5187 principi

2250 5216 2662 5280 commendare,
2711 5230 2778 5271 eo
2832 5215 2975 5284 quod
3028 5217 3333 5271 dicerentur
3384 5213 3557 5269 similia
3598 5215 3755 5274 sapelc-

2250 5305 2506 5362 Videntes
2572 5317 2749 5359 autem
2817 5306 3156 5375 imperatoris
3208 5306 3595 5374 indignationem
3640 5304 3753 5364 quam

2253 5398 2396 5453 circa
2427 5395 2796 5452 Macedoniutn
2824 5404 2947 5451 tunc
2973 5397 3225 5461 habebat,
3251 5400 3405 5451 etiam
3427 5407 3537 5449 eum
3558 5388 3756 5455 deposue-

2252 5496 2395 5551 runt,
2438 5498 2490 5542 et
2542 5485 2813 5541 Eleusium
2857 5486 3054 5558 Cyzici,
3084 5495 3140 5541 et
3188 5487 3430 5542 Basiliutn
3482 5484 3682 5549 Ancytw.
3718 5474 3755 5520 οι

2254 5579 2523 5635 Ortasium
2545 5577 2910 5645 Sardicorum,
2942 5579 3283 5633 Dracontium
3322 5573 3561 5643 Pergami.
3584 5566 3639 5623 Et
3667 5562 3755 5616 dum

2255 5672 2311 5728 in
2358 5673 2608 5740 dogmate
2659 5671 2969 5725 viderentur
3015 5669 3216 5724 habere
3262 5665 3583 5724 discordiam,
3627 5663 3753 5740 tam?"

2257 5772 2499 5834 tempore
2537 5761 2888 5832 depositionis
2918 5761 3231 5814 memoriam
3258 5773 3437 5815 eorum
3475 5752 3580 5807 fidei
3602 5739 3736 5803 nouit

2256 5833 2481 5921 cct‘uut';
2527 5852 2619 5911 sed
2657 5854 2841 5923 culpas
2886 5851 2964 5907 eis
2994 5850 3241 5907 omnibus
3270 5848 3542 5908 inferebant
3579 5833 3751 5905 singula
