3972 6458
240 378 374 439 4017

1320 372 1637 431 HISTORIA
1676 364 2112 428 TRIPAII'I‘I'I‘A.
2155 369 2357 425 LIBER
2381 372 2441 427 ν.

3368 373 3507 430 ιοιε

237 495 381 556 riter,
411 504 508 564 per
528 503 660 559 quas
680 503 774 544 eos
793 487 1106 545 asserebant
1131 487 1188 541 in
1215 486 1591 542 ecclesiasticis
1619 484 1815 554 regulis
1844 490 1889 546 Α
1917 484 2227 540 Sebasteme
2270 486 2508 554 srscepit
2547 486 2938 556 episcopatum.
2977 487 3272 552 St)l0IEN.,
3316 487 3404 542 lib.
3432 504 3510 561 ιν,

234 581 538 650 tieiiquisse.
588 579 882 646 Somnum,
909 577 998 633 lib.
1036 595 1107 648 iv,
1159 594 1276 650 cap.
1305 577 1394 633 23.
1432 577 1577 639 Edit.
1623 575 1813 631 Christ.

244 674 412 728 Vales.
442 687 560 743 cap.
589 669 679 737 24,
710 689 763 740 p.
794 669 916 726 579.

764 825 992 881 CAPUT
1032 824 1294 880 XXXVII.

233 936 339 994 Pro
363 955 464 1011 qua
490 955 650 993 causa
674 941 742 992 ait
773 937 997 1010 Cyrillus
1028 937 1504 1010 Hierosolymorum
1530 936 1814 1008 depositus.

298 1052 445 1108 Inter
463 1067 602 1124 quos
622 1052 879 1124 Cyrillum
898 1067 1114 1122 quoque
1135 1051 1630 1124 Hierosolymorum
1651 1050 1820 1120 depo-

223 1148 482 1212 suerunt,
552 1152 808 1214 tanquam
871 1142 1151 1198 Eustathio
1206 1143 1523 1213 Elpidioque
1583 1159 1820 1198 commu-

227 1237 517 1292 nicantem.
569 1237 636 1291 lli
687 1237 828 1292 enim
866 1237 1133 1291 contraria
1164 1243 1454 1305 sapuerant
1499 1235 1578 1289 eis
1619 1234 1713 1303 qui
1763 1233 1818 1287 in

227 1326 482 1399 Mitylene
525 1328 734 1383 fuerant
784 1329 1115 1396 congregati.
1164 1327 1308 1381 Inter
1335 1342 1471 1396 quos
1500 1325 1662 1380 etiam
1705 1326 1819 1395 ipse

225 1429 574 1486 convenerat,
631 1430 688 1475 et
736 1428 991 1488 tanquam
1037 1427 1158 1488 post
1205 1418 1595 1488 depositionem
1633 1417 1686 1471 in
1718 1415 1820 1470 Pa-

222 1510 432 1564 ltestina
453 1510 672 1577 factam,
702 1511 1082 1565 communione
1109 1511 1464 1580 participatus
1493 1509 1666 1564 fuerat
1695 1523 1818 1563 cum

222 1599 423 1655 Basilio
451 1610 505 1655 et
531 1600 764 1668 Georgio
803 1600 1067 1656 Laodicia:
1098 1601 1331 1656 civitatis
1370 1600 1657 1670 episcopis.
1684 1598 1818 1655 Cum

219 1696 368 1750 enim
397 1695 625 1766 Cyrillus
645 1695 1137 1765 Hierosolymorum
1168 1694 1493 1763 suscepisset
1540 1693 1822 1762 episcopa-

221 1794 356 1849 tum,
385 1787 454 1840 de
486 1786 607 1854 jure
652 1786 1008 1855 metropolitze
1052 1783 1409 1839 contendebat
1457 1798 1576 1838 cum
1618 1782 1818 1838 Acacio

221 1875 482 1934 Ctesarea:
515 1876 827 1946 Palmstinzc,
854 1887 1106 1946 tanquam
1134 1877 1275 1932 sedis
1304 1877 1611 1947 apostolica:
1639 1876 1818 1946 ponti-
1851 1865 1894 1924 Β

221 1969 328 2023 l'ex.
384 1967 520 2022 llinc
549 1983 683 2036 ergo
739 1969 794 2023 in
838 1968 1119 2022 Antiochia
1150 1967 1448 2032 constituti,
1489 1967 1819 2036 derogabant

173 2075 176 2078 '
220 2059 514 2123 alterutris,
541 2067 794 2129 tanquam
826 2074 932 2112 non
963 2067 1218 2128 saperent
1244 2066 1390 2112 recte
1412 2059 1480 2113 de
1517 2058 1650 2112 Deo.
1685 2057 1817 2111 Nam

220 2161 278 2207 et
301 2153 446 2222 prius
469 2160 694 2220 uterque
723 2151 938 2206 sibimet
960 2151 1011 2205 in
1040 2151 1344 2219 suspicione
1368 2165 1488 2204 esse
1517 2151 1815 2204 videbatur.

220 2245 375 2298 Alter
395 2243 613 2312 quidem
643 2243 755 2297 Arii
790 2243 984 2310 dogma
1034 2241 1316 2308 laudabat;
1365 2241 1593 2312 Cyrillus
1641 2252 1817 2295 autem

219 2331 583 2401 praedicantes
608 2331 1118 2387 consubstantialem
1160 2330 1306 2385 Patri
1337 2331 1526 2385 Filium
1558 2333 1821 2401 sequeba-

219 2434 331 2479 tur.
357 2423 638 2480 Inveuiens
667 2439 795 2492 ergo
824 2433 1033 2492 tempus
1063 2424 1289 2478 Aeacius
1318 2439 1439 2478 cum
1471 2423 1819 2477 consentien-

218 2516 365 2571 tibus
385 2517 599 2571 sibimet
616 2517 901 2585 Cpiscopis,
928 2514 1183 2586 Cyrillum
1210 2531 1306 2585 pro
1331 2514 1633 2583 hujusmodi
1658 2531 1820 2568 causa

217 2608 490 2679 deposuit.
545 2607 679 2661 Cum
726 2607 894 2662 fames
947 2605 1443 2676 Hierosolymorum
1490 2607 1818 2677 provinciam

217 2709 558 2768 occupasset,
593 2709 846 2768 tanquam
881 2700 930 2753 in
964 2700 1272 2768 epiSCOpum
1303 2701 1622 2753 necessitate
1671 2701 1820 2754 cibo-

216 2809 341 2847 rum
367 2792 516 2844 turba
540 2790 864 2859 respiciebat
891 2792 1186 2856 egentium.
1220 2789 1462 2860 Cumque
1487 2791 1727 2860 pecunia:
1755 2790 1821 2843 ad

216 2883 606 2938 consolandum
632 2882 743 2955 [ed.
775 2880 899 2936 Niv.
935 2891 983 2934 et
1016 2880 1200 2945 Freb.,
1233 2881 1619 2936 consulendum
1654 2899 1822 2954 penu-

216 2971 338 3044 riae]
369 2989 476 3027 non
506 2982 705 3037 essent,
748 2989 872 3026 rasa
920 2981 1128 3026 sacrata
1179 2980 1342 3042 atque
1388 2973 1504 3026 vela
1553 2973 1818 3038 distraxit,

214 3072 274 3118 et
305 3064 486 3134 populi
519 3062 825 3118 neces-itali
849 3063 1115 3116 subvenit.
1147 3063 1442 3125 Somnum,
1475 3063 1564 3117 lib.
1601 3080 1673 3131 Iv,
1700 3083 1816 3132 cap.

214 3155 308 3211 24.
337 3155 485 3210 Εάὶι.
517 3154 706 3210 Christ.
743 3155 914 3209 Vales.
945 3174 1060 3225 cap.
1096 3154 1184 3221 ‘25,
1215 3175 1268 3224 p.
1297 3154 1422 3210 585.

288 3245 638 3314 Imperatoris
683 3248 846 3316 igitur
895 3248 1128 3301 animum
1207 3249 1308 3302 hoc
1375 3249 1686 3308 commovit.
1763 3231 1890 3302 etC

214 3340 456 3394 maxime
484 3340 625 3410 quod
658 3339 881 3394 Aeacius
910 3348 1098 3394 contra
1130 3338 1386 3409 Cyrillum
1421 3342 1660 3394 noscitur
1704 3356 1819 3394 ma-

213 3433 490 3486 chinatus.
513 3430 732 3485 Sacram
762 3446 993 3502 namque
1019 3440 1223 3485 vestem
1247 3446 1408 3499 quam
1435 3430 1820 3484 famosissimus

213 3525 518 3594 imperator
536 3521 918 3578 Constantinus
941 3525 1007 3578 ad
1037 3525 1298 3578 honorem
1322 3523 1818 3595 Hierosolymorum

214 3614 478 3671 Ecclesia:
509 3615 730 3669 dederat
754 3616 1012 3681 Macario,
1044 3616 1184 3672 illius
1203 3617 1436 3671 civitatis
1468 3617 1724 3684 pontilici,
1763 3623 1821 3670 ut

108 3761 119 3775 ,
212 3723 279 3761 ea
330 3705 814 3772 circumamietus,
879 3706 1232 3759 ministerium
1287 3706 1428 3759 sacri
1484 3706 1822 3775 baptismatis

209 3796 543 3864 adimpleret
573 3797 851 3866 (quoniam
884 3805 1000 3851 erat
1043 3813 1176 3851 auro
1205 3799 1494 3866 :ricoque
1520 3808 1816 3861 contextal,

209 3888 482 3958 Cyrillum
511 3897 758 3942 asserunt
784 3887 1108 3952 vendidisse,
1138 3903 1364 3958 eamque
1393 3898 1596 3944 vestem
1626 3891 1759 3944 emis
1790 3907 1822 3944 e

211 3979 509 4048 quemdam
532 3978 902 4049 Thymelieum
930 3980 1270 4044 saltatorem;
1302 3989 1357 4032 ct
1384 3978 1510 4032 dum
1541 3996 1604 4034 ea
1635 3979 1822 4032 fuisset

213 4073 462 4136 indutus,
494 4073 545 4126 in
569 4073 680 4142 ipsa
709 4072 995 4126 saltatione
1023 4073 1304 4135 cecidisse,
1337 4081 1498 4140 atque
1528 4074 1820 4126 contritum

212 4165 384 4220 morti
441 4164 821 4219 contraditum.
857 4163 1281 4230 Tusooonsrcs,
1329 4164 1419 4217 lib.
1474 4181 1529 4228 u,
1572 4181 1690 4232 cap.
1729 4163 1819 4226 27,

211 4271 270 4324 p.
311 4253 432 4308 HO.
996 4243 998 4245 ’
1287 4315 1293 4321 _

287 4345 448 4399 Hanc
487 4357 615 4409 ergo
640 4345 1004 4398 causationem
1049 4342 1272 4398 Aeacius
1304 4343 1536 4408 habens,
1563 4345 1822 4416 Cyrillum

209 4437 538 4505 episcopatu
563 4434 854 4501 deposuit.
908 4434 1200 4488 Damnatus
1229 4436 1392 4503 igitur
1431 4437 1716 4506 episcopos
1756 4453 1821 4491 ex

211 4525 358 4580 urbe
437 4521 1031 4592 Constantinopolitano
1121 4523 1438 4593 fugaverunt
1525 4537 1824 4582 sectatores

1920 595 2035 648 cap.
2067 576 2156 632 24.
2187 577 2328 632 Edit.
2359 578 2546 634 Christ.
2591 579 2763 635 Vales.
2797 599 2908 648 cap.
2943 581 3029 642 4|,
3061 598 3182 652 pag.
3214 579 3341 635 585.

1993 668 2156 723 Lecta
2199 678 2282 724 est
2310 671 2471 723 etiam
2507 670 2560 723 in
2589 670 3184 740 Constantinopolitano
3213 671 3346 726 urbe
3384 685 3510 727 cum

1919 758 2220 826 adiectione
2245 761 2512 827 expositio
2538 758 2678 815 ﬁdei.
2704 761 2806 815 Sed
2834 777 2932 815 nos
2953 762 3314 832 labyrinthum
3344 779 3511 833 expo—
3590 832 3592 834 _

1919 849 2173 905 sitionnm
2200 852 2285 905 vix
2314 852 2599 920 aliquando
2631 853 2978 921 reperientes,
3008 868 3194 907 eorum
3228 868 3507 908 numerum

1918 957 2134 1012 quoque
2163 944 2471 1010 digerimus.
2517 945 2830 1010 Socnnss,
2861 944 2950 999 tib.
2983 961 3046 1006 ιι,
3093 961 3210 1016 cap.
3241 945 3329 1000 52.
3361 945 3506 1000 Edit.

1920 1031 2115 1088 Christ.
2156 1034 2333 1090 Vales.
2361 1053 2480 1107 cap.
2511 1036 2600 1103 41,
2625 1055 2675 1107 p.
2709 1036 2831 1090 154.

2441 1167 2668 1223 CAPUT
2707 1168 2984 1224 XXXVIII.

1919 1273 2260 1330 Enumeratio
2309 1278 2626 1334 diversarum
2678 1277 3060 1349 exposiiionnm
3117 1280 3510 1349 hazreticarttm,

2124 1357 2240 1417 post
2261 1349 2677 1417 explanationem
2699 1351 2820 1417 [idei
2846 1348 3052 1403 Nicwni
3078 1354 3304 1406 concilii.

1991 1435 2120 1490 Post
2166 1437 2437 1491 Niczcnum
2479 1454 2711 1508 namque
2751 1441 3035 1494 concilium
3086 1442 3136 1495 in
3178 1442 3516 1497 dedicatione

1920 1526 2294 1596 Antiochena,
2353 1529 2745 1597 expositionem
2787 1532 3086 1598 geminam
3155 1534 3514 1590 dictaverunt.

1920 1613 2099 1671 Tertia
2130 1634 2260 1672 vero
2297 1628 2379 1672 est
2408 1633 2527 1687 qum
2574 1635 2603 1672 a
2651 1620 2900 1674 Narcisso
2946 1623 3084 1692 apud
3131 1621 3330 1677 Gallias
3367 1624 3515 1679 Con-

1921 1710 2120 1763 stantio
2143 1710 2452 1778 imperatori
2477 1711 2656 1765 oblata
2681 1711 3026 1779 dignoscitur.
3046 1713 3246 1780 Quarta
3270 1714 3514 1782 Eudoxii,

1919 1815 2038 1870 qua:
2079 1802 2132 1855 in
2171 1799 2320 1855 Italia
2350 1803 2612 1857 destinata
2656 1811 2757 1856 est.
2809 1803 2864 1856 In
2913 1803 3109 1858 Sirmio
3150 1813 3260 1860 tres
3301 1804 3518 1859 dictatas

1920 1900 2078 1955 sunt,
2111 1907 2336 1962 quarum
2365 1893 2416 1945 in
2448 1892 2691 1947 Arimino
2712 1911 2831 1948 cum
2863 1895 3145 1949 consulatu
3177 1895 3376 1950 reiecta
3407 1895 3512 1967 [ed.

1921 1983 2130 2055 relicta]
2161 1993 2260 2040 est.
2296 1983 2465 2039 Porro
2495 1994 2682 2040 octava
2707 1987 2757 2040 in
2785 1988 3030 2042 Seleucia
3054 1987 3120 2041 ab
3149 1989 3327 2042 Aeacii
3357 1989 3518 2043 θυι-ἥδ

1920 2075 2062 2129 edita
2095 2086 2210 2143 est;
2243 2077 2427 2130 ultima
2459 2077 2928 2148 Constantinopoli
2956 2093 3077 2132 cum
3106 2077 3405 2146 adjectione
3431 2092 3518 2132 re-

1920 2168 2079 2222 citata
2111 2179 2214 2223 est.
2264 2167 2392 2222 Erat
2425 2169 2565 2222 enim
2595 2168 2872 2234 additum,
2912 2176 2970 2222 ut
3003 2184 3176 2236 neque
3218 2168 3519 2223 substantia

1922 2273 2098 2326 neque
2127 2259 2470 2314 subsistentia
2500 2259 2771 2314 diceretur
2798 2261 2849 2314 in
2878 2260 3008 2314 Deo.
3060 2260 3115 2313 In
3146 2259 3249 2314 hac
3278 2257 3521 2328 Ulphilas

1922 2349 2218 2403 Gothorum
2243 2349 2529 2420 episcopus
2551 2359 2678 2404 tunc
2701 2351 2874 2422 primo
2915 2352 3188 2406 consensit
3211 2351 3330 2425 [τηε.
3370 2350 3518 2422 Lyra,

1921 2441 2282 2512 conscripsit].
2316 2442 2448 2496 Nam
2472 2453 2713 2513 tempore
2742 2444 3062 2513 pnccedenti
3093 2444 3359 2500 Nic-mnam
3401 2460 3518 2498 am-

1924 2533 2261 2601 plectebatur
2302 2533 2483 2599 lidem,
2541 2549 2774 2603 sequens
2823 2533 3176 2604 TheOphilum
3219 2533 3518 2588 Gothorum

1923 2627 2236 2695 episcopum
2258 2666 2273 2689 ,
2301 2627 2392 2695 qui
2432 2643 2669 2696 pnesens
2699 2628 2750 2681 in
2781 2629 3009 2682 concilio
3037 2628 3251 2682 Nicmno
3287 2628 3520 2683 subscri-

1925 2727 2120 2788 pserat.
2147 2719 2374 2773 Aeacius
2401 2719 2562 2786 igitur
2589 2727 2643 2772 et
2670 2707 2942 2774 EudOXius
2970 2735 3090 2774 cum
3116 2721 3227 2775 suis
3257 2720 3521 2774 Constan-

1925 2811 2147 2880 tinopoli
2178 2810 2245 2866 de
2282 2811 2601 2880 quibusdam
2642 2813 2862 2890 alterius
2889 2813 3056 2881 partis
3094 2813 3360 2881 episcopis
3385 2828 3518 2866 con-

1923 2900 2240 2956 demnandis
2285 2910 2557 2956 certamen
2599 2901 2868 2956 habebant
2897 2902 3018 2975 [_An.
3054 2901 3205 2956 Dom.
3235 2901 3362 2968 565)
3393 2920 3405 2955 :
3434 2903 3520 2955 vi-

1923 2993 2113 3046 dentes
2173 2992 2438 3061 indignari
2493 3001 2680 3047 contra
2748 2991 3119 3046 Macedonium
3178 2992 3517 3064 principem,

1924 3084 2154 3153 primum
2201 3082 2700 3138 condemnaverunt
2753 3099 2912 3150 eum,
2971 3093 3224 3154 tanquam
3277 3085 3519 3155 plurima:

1928 3176 2075 3230 necis
2103 3184 2398 3236 auctorem,
2431 3186 2485 3230 et
2507 3175 2631 3244 quia
2653 3175 2936 3230 diaconum
2968 3175 3018 3229 in
3050 3175 3402 3230 fornicatione
3430 3191 3520 3231 ca-

1923 3278 2095 3337 ptum,
2126 3268 2178 3321 in
2201 3268 2579 3322 communione
2607 3277 2935 3339 susceperat.
2979 3266 3278 3335 Socauss,
3304 3268 3515 3339 ibidem.

2354 3404 2516 3474 27s
2552 3401 2782 3458 CAPUT
2818 3402 3058 3458 XXXIX.

1925 3491 2077 3557 Quod
2126 3493 2396 3566 Eudoxii“
2444 3495 2673 3548 Arianus
2713 3508 2829 3566 post
2855 3495 3229 3550 Antiochenam
3259 3495 3519 3550 Constan-

1995 3567 2278 3687 g’nopoleos
2316 3565 2562 3619 invaserit
2590 3566 2962 3635 episcopatum,
2991 3576 3043 3619 et
3071 3568 3134 3620 de
3179 3584 3342 3637 prava
3387 3567 3522 3621 Aetii

2033 3647 2254 3688 ocmna.

1998 3705 2231 3775 Expulso
2276 3705 2542 3773 siquidem
2591 3706 2906 3762 Macedonio
2944 3706 3218 3762 Eudoxius
3259 3722 3521 3776 spernens

1926 3797 2224 3852 Antiochiae
2253 3798 2438 3852 sedem
2465 3839 2480 3863 ,
2513 3797 3160 3867 ConstantinOpolitanam
3193 3799 3386 3852 invasit
3417 3796 3521 3850 Ec-

1929 3889 2171 3952 clesiam,
2203 3888 2382 3942 studio
2413 3888 2582 3944 fultus
2619 3889 2796 3942 Acacii
2819 3929 2834 3952 ,
2867 3889 2956 3957 qui
2986 3888 3136 3942 obliti
3161 3904 3382 3941 suorum
3411 3888 3520 3940 suis

1919 3977 2134 4047 judiciis
2162 3979 2430 4031 contraria
2461 3979 2828 4032 sanciverunt.
2871 3976 3001 4030 Nam
3044 3993 3166 4031 cum
3211 3976 3354 4046 prius
3389 3976 3520 4028 Dra—

1925 4070 2165 4123 continm
2193 4069 2588 4138 deposuissent,
2617 4085 2684 4122 eo
2711 4069 2855 4137 quod
2884 4085 2952 4123 ex
2981 4067 3188 4123 Galatia
3238 4070 3516 4123 transisset

1925 4160 1976 4212 in
2012 4158 2356 4226 Pergamum,
2407 4175 2512 4213 non
2559 4161 2863 4227 cogitantes
2911 4159 3056 4228 quod
3084 4167 3265 4213 actum
3308 4159 3517 4224 fuerat,

1924 4248 2220 4304 Eudoxiqu
2250 4252 2314 4304 ad
2343 4253 2527 4305 sedem
2574 4252 2734 4306 aliam
2765 4253 3143 4320 migraverunt.
3189 4252 3306 4319 Quo
3333 4251 3474 4307 facto
3497 4291 3514 4317 ,

1928 4342 2120 4394 lectam
2150 4342 2306 4396 tidem
2358 4344 2600 4397 Arimino
2647 4359 2768 4397 cum
2818 4355 3108 4414 augmento
3148 4345 3290 4414 quod
3321 4344 3418 4413 ipsi
3465 4345 3518 4399 in

1925 4432 2522 4503 Constantinopolitana
2552 4435 2682 4489 urbe
2710 4436 3017 4504 adjecerant
3039 4475 3054 4500 ,
3086 4437 3280 4505 ubique
3309 4436 3522 4492 direxe-

1928 4533 2052 4578 runt
2084 4543 2097 4577 :
2131 4525 2449 4580 mandantes
2479 4534 2536 4578 ut
2561 4527 2653 4594 qui
2683 4541 2790 4580 non
2830 4527 3248 4592 subscriberent,
3277 4529 3522 4596 jussione

212 4614 430 4672 Acacii.
459 4615 574 4669 Sibi
603 4625 782 4669 autem
825 4617 1246 4681 consentientes,
1299 4619 1351 4672 in
1398 4619 1825 4688 depositionibus
1856 4612 1898 4667 Β
1927 4615 2269 4684 illlpcratoris
2293 4615 2486 4669 exsilio
2526 4617 2886 4670 mitterentur.
2938 4617 3396 4687 lnooluerunttwe
3421 4633 3518 4672 sua

213 4722 406 4766 tamen
438 4709 650 4762 illorum
679 4712 924 4764 nolentes
953 4711 1307 4776 subscribere,
1356 4728 1478 4765 cum
1510 4724 1691 4768 essent
1719 4732 1818 4769 nu-

213 4817 380 4857 mero
403 4798 610 4860 decem,
641 4800 779 4868 apud
808 4801 1127 4868 semetipsos
1155 4801 1368 4856 interim
1397 4803 1638 4857 habitare
1681 4821 1816 4872 pra:-

211 4901 506 4962 ceperunt,
539 4901 593 4946 et
625 4908 800 4959 neque
833 4893 1131 4948 ministerio
1162 4895 1326 4962 fungi,
1355 4910 1528 4964 neque
1557 4895 1822 4955 Ecclesias

213 4985 545 5052 glabernarc,
570 4982 807 5052 quandiu
828 4984 1244 5040 subscriberent.
1277 4984 1343 5038 Et
1371 4988 1414 5040 si
1463 5003 1568 5041 non
1599 4998 1822 5056 agerent

216 5073 600 5145 pmnitentiam
630 5073 769 5128 intra
814 5091 1028 5130 menses
1063 5091 1186 5141 sex,
1229 5086 1286 5131 et
1324 5080 1572 5132 omnibus
1609 5081 1821 5150 placitis

213 5176 390 5236 atque
417 5165 582 5230 gestis
627 5165 680 5218 in
725 5166 816 5220 illo
845 5168 1074 5222 concilio
1120 5169 1420 5237 prmberent
1459 5171 1658 5239 scripto
1687 5188 1820 5225 con-

211 5274 467 5325 sensum,
496 5267 552 5312 et
581 5258 682 5327 ipsi
709 5259 1127 5328 deponerentur.
1158 5261 1274 5327 Quo
1304 5263 1447 5317 facto
1477 5265 1820 5318 consentien-

215 5361 304 5407 tes
327 5351 413 5404 eis
439 5349 676 5418 episcopi
701 5364 796 5418 per
832 5351 1070 5419 singulas
1096 5353 1399 5422 provincias
1427 5355 1562 5408 alios
1601 5355 1821 5409 ordina-

214 5449 373 5497 runt.
423 5440 666 5510 Cumque
720 5440 845 5493 talia
893 5441 1510 5508 cogitassenhcunctis
1555 5445 1824 5516 episcopis

215 5544 392 5604 atque
419 5532 635 5588 clericis
656 5540 1020 5600 scripserunt,
1051 5542 1111 5586 ut
1149 5533 1262 5587 haec
1285 5534 1633 5590 observarent
1660 5547 1822 5606 atque

217 5625 568 5698 perlicerent.
600 5623 676 5678 Ex
715 5625 820 5678 hoc
847 5639 980 5692 ergo
1019 5640 1125 5677 non
1175 5633 1297 5694 post
1339 5627 1562 5680 multum
1612 5635 1823 5696 tempus

214 5718 543 5778 Macedonio
586 5718 827 5774 succedit
872 5716 1183 5784 Eudoxius,
1227 5715 1425 5773 Basilio
1465 5720 1818 5786 Athanasius,

215 5811 442 5869 Eleusio
469 5810 790 5875 Eunoniius,
836 5813 926 5880 qui
956 5821 1142 5882 postea
1188 5810 1531 5866 Eunomianae
1576 5813 1824 5883 princeps

215 5904 323 5961 fuit
349 5905 640 5960 hxcrcseos.
673 5901 842 5960 Porro
869 5921 967 5977 pro
997 5905 1271 5962 Eustathio
1301 5905 1542 5962 Melctius
1573 5904 1821 5962 Ecclesiae

1931 4718 2082 4776 gesta
2103 4717 2158 4763 et
2178 4709 2296 4762 aliis
2325 4707 2687 4764 Orientalibus
2715 4711 2816 4764 sibi
2845 4712 3220 4776 concordibus,
3246 4721 3300 4766 et
3326 4710 3518 4765 Patro-

1929 4799 2076 4869 philo
2106 4799 2497 4870 Scylhopoleos
2521 4801 2794 4870 episcOpo,
2818 4803 2910 4870 qui
2931 4803 2999 4857 de
3023 4801 3267 4858 Seleucia
3297 4801 3362 4854 ad
3390 4817 3517 4869 pro-

1927 4891 2098 4960 priam
2158 4907 2284 4944 mox
2333 4892 2565 4946 redierat
2623 4893 2914 4948 civitatem.
2965 4892 3206 4949 Eudoxio
3252 4892 3514 4963 siquidem

1927 4981 2219 5035 constituto
2247 4979 2732 5052 Constantinopoli,
2761 4993 2886 5039 tunc
2908 4985 3068 5040 etiam
3092 4982 3263 5053 major
3287 4983 3516 5038 ecclesia

1929 5087 2048 5140 quae
2092 5071 2288 5125 dicitur
2327 5071 2549 5141 Sophia,
2575 5073 2854 5128 dedicatur
2893 5074 3173 5130 consulatu
3213 5071 3516 5128 Constantii

1928 5161 2172 5226 decimo,
2203 5171 2256 5215 et
2285 5160 2479 5217 Juliani
2509 5163 2736 5220 Ctesaris
2767 5165 2926 5219 tertio
2954 5165 3129 5234 (Anno
3167 5161 3330 5233 _Dom.
3362 5163 3512 5230 ⁸560),

1927 5257 2113 5325 quinta
2159 5256 2366 5312 decima
2398 5259 2486 5313 die
2515 5258 2790 5314 Februarii
2821 5258 3039 5313 mensis.
3067 5256 3340 5311 Eudoxius
3369 5258 3516 5313 enim

1928 5367 2048 5405 cum
2076 5351 2302 5406 sedisset
2331 5354 2382 5408 in
2409 5353 2590 5408 sedem
2617 5354 2782 5416 illam,
2817 5353 3016 5421 primus
3038 5369 3224 5408 vocem
3255 5369 3373 5422 qua:
3398 5354 3516 5408 ubi-

1928 5458 2034 5512 que
2059 5443 2267 5512 vulgata
2293 5453 2376 5498 est
2399 5445 2638 5514 protulit,
2669 5443 2851 5498 dicens
2881 5461 2893 5496 :
2928 5441 3088 5497 Pater
3109 5444 3316 5508 ασεϐής,
3352 5442 3518 5497 Filios

1927 5537 2160 5597 εὐσεϐής.
2195 5535 2299 5591 Ista
2327 5537 2434 5591 duo
2461 5535 2642 5591 Grzcca
2674 5538 2838 5590 verba
2863 5537 3103 5591 diversos
3149 5537 3350 5591 habent
3375 5536 3516 5606 apud

1925 5626 2139 5682 (iuncos
2171 5627 2507 5691 intellectus;
2540 5629 2728 5688 eatea.-
2757 5628 2896 5681 enim
2923 5627 3118 5681 dicitur
3142 5635 3196 5682 et
3241 5627 3433 5699 impius
3461 5637 3518 5682 et

1925 5723 2044 5774 sine
2073 5721 2218 5775 cultu
2241 5738 2256 5786 ;
2288 5722 2500 5782 εὐσεϐής
2523 5720 2719 5776 dicitur
2738 5721 2857 5790 pius
2884 5731 2932 5775 et
2966 5720 3102 5775 bene
3130 5720 3329 5776 colens.
3362 5719 3518 5774 Cluu-

1925 5827 2030 5880 que
2057 5811 2280 5867 dixisrct
2309 5812 2421 5865 haec
2450 5812 2610 5865 verba
2633 5851 2647 5874 ,
2679 5814 2831 5866 turba
2861 5819 3149 5880 generatur
3194 5812 3246 5866 in
3295 5811 3516 5883 pupnlo,

1927 5904 2081 5976 quasi
2128 5903 2342 5958 Patrem
2389 5903 2609 5960 dixisset
2641 5903 2885 5975 impium,
2933 5902 3123 5959 Filium
3171 5918 3301 5959 vero
3348 5902 3514 5974 pium.
