3972 6454
528 343 657 402 tow

514 553 676 609 Pater
697 556 840 609 enim
870 557 1061 616 ἀσεϐής
1092 564 1192 616 est,
1225 555 1356 625 quia
1385 554 1587 610 nullum
1616 552 1746 607 colit
1776 570 1789 605 :
1825 549 1987 606 Filius
2013 566 2111 604 au-

514 655 623 701 tem
654 648 895 712 οὺσιϐἡς.
941 647 1069 717 quia
1098 647 1233 701 colit
1282 646 1517 701 Patrem.
1567 644 1695 699 Haec
1738 658 1859 697 eum
1888 642 2111 696 dixisset

514 734 809 800 Eudoxius,
843 739 1003 794 turba
1036 738 1255 807 quidem
1284 736 1472 793 sedata
1492 744 1577 791 est
1610 753 1622 789 :
1658 734 1855 788 multus
1879 747 2009 787 vero
2037 732 2113 786 ri-

513 846 603 885 sus
644 830 940 899 complevit
982 830 1297 886 ecclesiam.
1349 828 1415 883 Et
1461 828 1723 883 hactenus
1752 824 1880 880 illud
1908 824 2112 881 dictum

513 933 634 972 cum
660 918 941 973 derisione
979 920 1293 989 permansit.
1326 917 1420 973 His
1447 917 1589 973 enim
1620 914 1987 971 hazresiarcha:
2025 929 2113 970 se-

513 1007 864 1064 ductionibus
893 1010 1339 1078 sermonibusque
1378 1015 1662 1069 vacantes,
1707 1004 2000 1059 Eeclesiam
2030 1004 2111 1057 la-

512 1100 790 1155 cerabant.
807 1098 1123 1169 Huiusmodi
1141 1115 1269 1170 ergo
1290 1100 1520 1155 termino
1544 1098 1704 1152 etiam
1720 1095 1957 1166 synodus
1971 1094 2114 1149 Con-

515 1191 1000 1261 stantinopolitana
1030 1192 1284 1247 conclusa
1312 1199 1413 1245 est.
1446 1190 1744 1253 Socaues,
1777 1186 1866 1241 lib.
1901 1202 1956 1252 ιι,
1991 1202 2111 1255 cap.

514 1277 607 1334 53.
630 1278 775 1333 Edit.
809 1278 1005 1336 Christ.
1048 1280 1249 1344 ναίει..
1280 1297 1397 1350 cap.
1430 1277 1519 1345 45,
1545 1294 1601 1348 ps
1637 1275 1760 1330 I56.

588 1369 753 1439 Igitur
776 1370 1004 1426 Aeacius
1029 1380 1085 1425 et
1111 1370 1243 1425 socii
1272 1368 1388 1439 ejus
1410 1385 1516 1423 non
1541 1367 1844 1429 cessabant,
1869 1364 1961 1419 sed
1984 1381 2115 1419 con-

518 1462 722 1531 gregati
751 1462 892 1531 apud
917 1462 1280 1527 Antiochiam,
1311 1476 1431 1530 quae
1461 1460 1539 1515 eis
1568 1459 1767 1514 dudum
1799 1458 2111 1527 placuerunt

516 1553 896 1619 destruebant;
951 1562 1006 1608 et
1043 1570 1109 1608 ex
1167 1553 1566 1623 conscriptione
1596 1568 1716 1623 qua:
1770 1550 2014 1605 Arimino
2060 1557 2115 1604 et

517 1646 987 1717 Constantinopoli
1040 1646 1215 1701 fuerat
1266 1647 1444 1712 lecta,
1498 1662 1693 1700 nomen
1749 1643 2114 1699 similitudinis

518 1736 836 1792 abscindere
867 1738 1197 1803 nitebantur,
1224 1746 1279 1791 et
1306 1753 1403 1809 per
1428 1738 1606 1791 omnia
1633 1737 1993 1791 substantiam
2026 1743 2111 1788 at-

1750 344 1820 401 M.
1865 341 2137 399 AURELII
2176 334 2575 399 CASSIODORI

514 462 632 531 Quo
660 462 830 527 facto,
862 464 1063 533 nolite,
1111 465 1314 535 inquit,
1348 463 1549 519 turbari
1578 462 1644 518 ad
1669 478 1734 518 ea
1774 477 1894 531 qua:
1941 460 2053 516 dixi
2088 478 2101 513 :
2136 463 2185 525 Α

3619 345 3723 405 I020

2807 455 3035 513 CAPUT
3075 456 3210 513 XLI.

2534 549 2610 604 De
2640 549 2949 605 Macedonio
2968 560 3019 603 et
3048 548 3454 606 Macedonian“.

2285 639 2446 709 Igitur
2476 640 2818 695 Macedonius
2844 638 3435 711 Constantinopolitana
3476 643 3632 712 pulsus
3656 644 3727 701 Ec-

2213 730 2375 784 clesia
2396 769 2411 794 ,
2455 729 2853 785 damnationem
2888 746 2994 784 non
3026 731 3231 795 ferens,
3262 730 3520 800 quiescere
3550 749 3727 805 respue-

2213 821 2323 875 bat.
2365 822 2662 877 Declinavit
2702 822 2846 877 enim
2870 822 2937 877 ad
2967 838 3155 877 eorum
3183 834 3386 894 partem
3412 826 3495 893 qui
3518 830 3633 896 apud
3655 831 3726 882 Sr-

2215 912 2441 968 leuciam
2473 914 2729 969 Acacium
2760 929 2885 969 cum
2922 914 3088 969 sociis
3127 915 3496 984 deposuerant.
3538 916 3729 989 Misitque

2216 1001 2537 1069 legationem
2587 1004 2656 1058 ad
2712 1004 3077 1073 Sophronium
3120 1016 3175 1060 et
3204 1005 3497 1073 Eleusium,
3523 1019 3728 1077 quatenus

2222 1092 2572 1148 defenderent
2613 1095 2913 1164 expositam
2944 1096 3095 1167 prius
3135 1098 3188 1151 in
3219 1098 3489 1153 Antiochia
3519 1097 3671 1169 ﬁdem,
3692 1114 3729 1156 et

2216 1196 2405 1255 postea
2432 1187 2573 1256 apud
2602 1186 2907 1243 Seleuciam
2935 1190 3264 1256 roboratam,
3290 1200 3345 1245 et
3359 1192 3532 1248 similis
3548 1197 3731 1250 substan-

2219 1276 2306 1330 tia:
2339 1276 2500 1331 Iidem
2552 1277 2929 1346 divulgandam
2971 1296 3093 1336 esse
3135 1284 3478 1337 commonuit.
3522 1284 3591 1339 Ad
3613 1302 3726 1355 quem

2216 1379 2545 1424 concurrunt
2574 1370 2728 1425 multi
2764 1371 3128 1435 familiarium,
3162 1374 3257 1443 qui
3289 1390 3427 1429 nunc
3453 1373 3513 1427 ab
3537 1390 3593 1429 eo
3608 1375 3730 1431 llaec-

2216 1460 2437 1516 doniani
2466 1471 2746 1517 vocantur.
2779 1462 3096 1534 Quicunque
3118 1466 3265 1520 enim
3287 1466 3341 1521 in
3368 1465 3627 1522 SeIeuceno
3644 1484 3731 1523 cono

2216 1551 2341 1607 cilio
2370 1551 2623 1606 Acacium
2652 1553 3088 1617 declinaverunt,
3121 1564 3311 1625 aperte
3359 1556 3560 1610 verbum
3595 1558 3731 1613 similis

2218 1642 2534 1696 substantia:
2562 1644 2925 1709 sanciverunt,
2950 1661 3073 1699 cum
3097 1648 3251 1715 prius
3276 1647 3379 1702 hoc
3401 1663 3499 1702 non
3518 1648 3730 1705 manifesto

2219 1731 2419 1788 indicio
2456 1732 2845 1787 declarassem.
2897 1734 2992 1788 Est
3020 1736 3165 1790 enim
3196 1736 3381 1807 opinio
3421 1738 3546 1808 apud
3571 1740 3731 1806 multos,

518 1843 624 1898 que
654 1829 985 1883 voluntatem
1028 1828 1343 1884 dissimilem
1388 1843 1507 1882 esse
1552 1825 1698 1881 Patri
1728 1827 1866 1896 apud
1899 1826 2110 1887 Filium,
2149 1843 2188 1900 θ
2217 1826 2342 1896 quia
2368 1842 2474 1879 non
2498 1824 2776 1879 inventum
2806 1825 2876 1879 sit
2904 1824 3229 1895 Macedonii,
3258 1828 3352 1882 sed
3380 1831 3534 1899 magis
3555 1828 3729 1884 Manto.

519 1926 575 1972 et
612 1934 679 1973 ex
708 1936 816 1973 non
862 1920 1219 1976 existentibus
1269 1918 1468 1974 Iactum
1515 1918 1943 1985 introducebant,
1971 1916 2111 1971 sicut

520 2008 649 2063 Ario
673 2009 850 2078 primo
881 2009 1158 2079 placuerat
1183 2028 1195 2062 :
1228 2010 1422 2078 quibus
1453 2008 1665 2063 Aetiani
1695 2008 1855 2063 etiam
1885 2021 2111 2063 consen-

521 2100 745 2154 tiebant.
771 2098 819 2153 Is
854 2100 997 2155 enim
1028 2100 1215 2155 Actius
1237 2112 1360 2171 post
1384 2101 1569 2155 Arium
1592 2100 1795 2169 primus
1815 2108 2003 2169 aperte
2032 2097 2113 2151 his

521 2191 827 2245 nominibus
855 2192 932 2245 uti
960 2193 1318 2263 praesumpsit.
1348 2191 1689 2262 Quapropter
1724 2190 1851 2245 Sine
1881 2189 1992 2244 Deo
2021 2206 2116 2243 vo-

521 2282 744 2336 cabatur
776 2300 788 2335 :
820 2282 1041 2351 ejusque
1082 2298 1345 2352 sequaces
1384 2292 1668 2354 pr0pterea
1717 2281 2030 2344 Dissimiles,
2062 2288 2117 2334 et

522 2370 641 2425 Non
687 2372 1052 2427 existentiales
1098 2383 1227 2428 sunt
1270 2375 1399 2429 dicti
1451 2374 1518 2429 ab
1568 2375 1650 2429 his
1688 2376 1779 2446 qui
1829 2374 2114 2429 Antiochia

524 2463 1075 2519 consubstantialitati
1098 2466 1527 2521 consentiebant.
1561 2465 1674 2521 Hos
1702 2480 1830 2534 ergo
1871 2465 1998 2519 dum
2030 2480 2115 2519 re-

522 2554 800 2624 quirerent
830 2555 1067 2610 cultores
1097 2556 1298 2611 Niceni
1324 2558 1558 2623 concilii,
1584 2574 1680 2613 cur
1701 2558 1751 2611 in
1783 2558 2120 2627 expositione

526 2643 646 2699 tidei
675 2660 784 2699 sua:
810 2644 977 2700 Deum
1002 2662 1068 2701 ex
1092 2646 1204 2701 Deo
1231 2646 1421 2702 Filium
1445 2647 1683 2703 dicentes
1706 2648 2039 2715 dissimilem,
2067 2657 2123 2701 ct

523 2752 591 2790 ex
623 2753 730 2792 non
758 2739 1097 2795 exstantibus
1139 2742 1418 2796 nominare
1447 2742 1868 2812 praesumerent?
1897 2741 1980 2796 his
2004 2756 2121 2794 scr-

523 2829 772 2882 monihus
797 2830 1197 2900 respondebant
1224 2850 1240 2885 :
1264 2832 1355 2886 Sic
1376 2832 1577 2889 dictum
1601 2842 1683 2888 est
1704 2833 1871 2887 Deum
1894 2847 1960 2887 ex
1989 2831 2122 2899 Deo,

523 2922 664 2977 sicut
692 2922 923 2977 habetur
951 2923 1093 2992 apud
1124 2924 1444 2995 Apostolnm
1466 2923 1644 2996 (Rom.
1672 2942 1745 2991 xi,
1774 2925 1865 2993 36)
1892 2943 1904 2977 :
1929 2926 2122 2979 Unmia

524 3022 704 3068 autem
735 3028 800 3068 ex
836 3015 971 3082 Deo,
1003 3032 1142 3071 unus
1164 3032 1294 3086 ergo
1323 3018 1565 3072 omnium
1593 3018 1758 3071 etiam
1790 3017 1957 3072 Filius
1988 3017 2078 3071 Dei
2107 3033 2122 3082 ;

523 3113 581 3156 et
610 3111 895 3173 propterea
926 3106 1158 3175 positum
1206 3116 1288 3161 est
1338 3108 1390 3161 in
1432 3106 1892 3178 expositionibus,
1934 3123 2127 3161 secun-

2221 1917 2293 1970 nii
2342 1914 2764 1970 Nicomediensis
2809 1916 3046 1989 episcopi
3084 1935 3096 1970 :
3132 1918 3277 1973 unde
3326 1920 3480 1973 etiam
3520 1919 3730 1976 Maratomi

2217 2006 2554 2069 vocitantur;
2584 2006 2649 2058 ad
2673 2020 2811 2074 quos
2840 2005 3158 2062 Eustathius
3184 2009 3439 2080 expulsus
3460 2010 3520 2064 de
3553 2008 3730 2063 Sebast'u

2218 2095 2473 2164 confugit.
2495 2094 2739 2165 Cumque
2759 2095 3106 2151 Macedonius
3119 2109 3373 2154 sanctum
3392 2099 3615 2169 Spiritum
3632 2116 3715 2154 COIII

2221 2186 2555 2257 prehendere
2602 2187 2656 2241 in
2702 2196 2936 2242 tractatu
2971 2188 3165 2243 divinae
3195 2188 3464 2245 Trinitatis
3496 2190 3729 2251 declinaret.

2224 2286 2350 2333 tunc
2371 2287 2425 2332 et
2453 2275 2765 2332 Eustathius
2794 2296 2805 2331 :
2839 2277 2973 2348 Ego,
2998 2279 3209 2349 inquit,
3240 2296 3411 2349 neque
3449 2280 3589 2335 Deum
3615 2281 3731 2335 nomi-

2223 2384 2354 2421 nare
2383 2364 2640 2437 Spiritum
2662 2379 2906 2424 sanctum
2937 2370 3136 2439 patior,
3162 2386 3340 2440 neque
3362 2380 3623 2426 creaturam
3647 2386 3731 2439 pre

2223 2474 2400 2513 sumo.
2432 2456 2661 2529 Propter
2688 2458 2831 2513 hanc
2856 2475 2987 2529 ergo
3012 2477 3236 2515 causam
3267 2461 3479 2533 Spiritui
3508 2477 3731 2531 repugnau-

2226 2559 2307 2602 tes
2334 2549 2605 2618 appellant
2636 2548 2945 2618 hujusmodi
2975 2567 3267 2621 personas,
3310 2555 3363 2608 hi
3385 2556 3472 2623 qui
3500 2555 3545 2607 in
3567 2554 3733 2608 consub-

2225 2640 2589 2694 stantialitatis
2614 2641 2960 2709 expositione
2988 2644 3348 2699 concordant.
3378 2645 3635 2707 SOCIATIS,
3671 2644 3728 2696 lii.

2226 2747 2283 2795 tt,
2318 2748 2434 2801 cap.
2467 2731 2554 2785 55.
2586 2730 2733 2785 Edit.
2764 2729 2958 2787 Cltrist.
3000 2731 3179 2787 Vales.
3205 2752 3327 2806 cap.
3356 2734 3442 2800 45,
3467 2753 3515 2802 ι).
3542 2734 3637 2787 158.

2299 2822 2435 2878 Cum
2468 2825 2651 2893 itaque
2694 2825 3043 2881 Macedonius
3064 2828 3133 2882 de
3164 2828 3403 2884 Ecclesia
3435 2828 3732 2884 Constantino-

2230 2914 2467 2983 politana
2509 2916 2693 2970 fuisset
2720 2918 2995 2987 expulsus,
3024 2935 3131 2973 non
3155 2936 3222 2974 ca
3252 2937 3371 2989 qua:
3414 2922 3607 2975 Aeacius
3625 2932 3736 2986 atque

2232 3002 2510 3059 Eudoxius
2530 3006 2802 3075 sapiebat;
2830 3008 2922 3061 sed
2953 3009 3199 3065 tradebat
3229 3012 3397 3082 magis
3421 3011 3585 3066 Filium
3604 3010 3735 3071 Deum,

2233 3111 2330 3167 per
2356 3098 2534 3149 omnia
2567 3105 2622 3150 et
2670 3098 2970 3152 secundum
3024 3102 3379 3158 substantiam
3426 3104 3620 3157 similem
3659 3116 3739 3153 esse

526 3191 653 3247 dum
709 3193 1031 3264 scripturas,
1080 3196 1376 3263 δοκοηεηη
1409 3198 1499 3253 ab.
1553 3216 1624 3265 ινν
1677 3215 1793 3270 cap,
1850 3198 1940 3253 23,
1974 3196 2122 3253 ιςάίι,
2152 3218 2197 3279 C
2233 3186 2395 3241 Patri.
2429 3188 2686 3243 Sanctum
2712 3206 2840 3243 vero
2870 3191 3127 3262 Spiritum
3157 3212 3267 3251 non
3296 3211 3469 3250 earum
3495 3210 3638 3249 rerum
3659 3208 3739 3245 esse

490 3296 494 3302 ί
525 3278 720 3335 Christ.
759 3281 957 3350 Vales.,
991 3302 1105 3357 cap.
1132 3285 1223 3352 29,
1252 3303 1305 3357 p.
1339 3284 1462 3341 588.

2232 3281 2575 3351 participem,
2603 3284 2695 3337 sed
2729 3285 3054 3353 ministrum,
3086 3297 3141 3342 et
3172 3290 3531 3363 perliihcntem
3552 3287 3737 3340 ollicium.

606 3372 777 3443 Ilujus
820 3377 968 3431 verbi
1008 3378 1260 3447 princeps
1304 3377 1403 3432 fuit
1449 3377 1741 3448 Gregorius
1787 3376 2129 3433 Laodicenus
2231 3380 2285 3425 et
2312 3387 2647 3443 qumcnnqne
2677 3374 2745 3429 de
2768 3378 2971 3431 sanctis
2997 3380 3203 3447 angelis
3233 3380 3337 3434 dici
3384 3389 3597 3448 possunt.
3623 3376 3739 3430 Som-

534 3464 853 3533 episeopus;
898 3465 989 3534 qui
1028 3481 1149 3520 cum
1193 3465 1318 3521 talia
1344 3466 1591 3533 doceret,
1624 3468 1891 3535 ignoravit
1934 3482 2127 3536 quem-
2232 3480 2384 3525 nam,
2416 3464 2506 3518 lib.
2539 3482 2622 3531 iv,
2652 3482 2769 3538 cap.
2812 3467 2900 3521 9.6.
2936 3468 3078 3522 Edit.
3125 3468 3322 3525 Christ.
3374 3470 3532 3525 Vales.
3567 3486 3659 3538 cap.
3680 3466 3739 3527 2⁸1,

530 3553 819 3608 admodum
858 3554 1105 3624 Apostoli
1150 3558 1510 3627 proprietates
1560 3558 1828 3629 superiori
1883 3566 2131 3629 tempore
2230 3572 2284 3624 ρ.
2313 3554 2437 3608 585.

529 3643 793 3713 Origenes
822 3645 981 3700 latins
1028 3649 1350 3703 examinarit
1394 3657 1555 3718 atque
1601 3650 1990 3719 interpretatus
2037 3651 2127 3704 sit.

530 3737 832 3804 Socanes,
864 3740 956 3794 lib.
1008 3758 1065 3808 ll,
1099 3759 1219 3813 cap.
1250 3742 1337 3797 55.
1394 3742 1538 3798 Edit.
1571 3743 1763 3798 Christ.
1807 3745 1979 3799 l’ales.
2009 3763 2128 3816 cap.

535 3827 623 3895 65,
654 3828 863 3901 p.157.

1136 3969 1365 4026 CAPUT
1404 3970 1514 4026 XL.

536 4056 1182 4137 DeﬁcnulelitateCeorgii
1212 4064 1352 4133 apud
1382 4063 1780 4129 Alexandriam,
1809 4073 1858 4117 et
1892 4065 1978 4137 qui
2017 4072 2131 4134 post

606 4128 857 4201 Cyrillum
888 4128 1372 4202 Hierosolymorum
1396 4145 1665 4188 tenuerunt
1687 4128 2079 4205 ephropirtuni.’

2733 3674 2893 3744 277
2930 3672 3159 3728 CAPUT
3196 3673 3361 3731 XLII.

2233 3759 2313 3813 De
2342 3762 2419 3815 his
2444 3779 2559 3829 quin
2588 3780 2791 3818 rursum
2838 3764 2902 3817 ab
2945 3765 3158 3820 Arionis
3198 3779 3383 3821 contra
3426 3767 3549 3835 ipsos
3580 3765 3743 3817 Arium

2302 3843 2457 3907 gesta
2484 3844 2633 3907 sunt;
2668 3835 2996 3907 eliquantodo
3028 3835 3337 3907 Eustathius
3377 3838 3618 3907 nequitiam
3639 3844 3741 3902 pate-

2305 3904 2481 3975 fecerit
2501 3902 2731 3975 udoxii
2744 3902 2767 3969 ;’
2783 3916 2833 3957 et
2859 3907 3077 3972 cpistola
3109 3902 3636 3975 Canstantindpolitaui
3656 3920 3741 3975 ron-

2304 3973 2412 4027 cilii
2440 3973 2509 4027 ad
2530 3974 2806 4043 Georgium
2837 3976 3272 4044 Alexandrinum,
3305 3973 3653 4033 condemnatio:
3675 3974 3743 4025 At.

2306 4044 2432 4096 tium
2464 4061 2579 4096 cum
2608 4046 2815 4115 scriptis
2840 4047 2977 4116 ejus.

2305 4132 2471 4201 Igitur
2496 4151 2758 4204 sequaces
2784 4137 2965 4192 Acacii
2986 4138 3039 4192 in
3063 4138 3405 4196 Antiochiam
3426 4153 3599 4209 magno
3619 4133 3744 4191 studio

608 4222 818 4278 Interea
842 4226 967 4279 dum
991 4225 1169 4281 adhuc
1197 4225 1521 4280 Athanasius
1550 4227 1838 4293 celaretur,
1869 4225 2134 4295 Georgius
2234 4234 2628 4291 convenerunt,
2658 4226 2761 4280 acti
2793 4228 3132 4297 poznitentia,
3163 4231 3291 4300 quia
3328 4230 3539 4290 similem
3563 4227 3744 4281 dixerant

536 4312 882 4372 Alexandria:
926 4315 1216 4370 crudeliter
1247 4330 1483 4386 paganos
1509 4316 1804 4380 alliciebat,
1850 4325 1905 4372 et
1941 4324 2133 4372 adver-

2236 4316 2428 4372 Filium
2477 4315 2643 4372 Patri.
2687 4317 2757 4373 Et
2801 4320 3086 4375 consulatu
3125 4325 3394 4393 sequenti,
3432 4322 3481 4377 id
3521 4328 3609 4387 est,
3634 4313 3743 4371 Tauri

537 4414 722 4465 santes
763 4405 981 4461 sibimet
1016 4406 1387 4473 Christianos;
1433 4417 1690 4478 utrosque
1732 4408 1876 4463 enim
1906 4409 2135 4476 cogebat.
2234 4419 2291 4464 et
2312 4408 2568 4464 Florentii
2592 4409 2717 4480 (Au.
2765 4409 2916 4465 Dom.
2960 4411 3113 4482 56l),
3158 4430 3283 4469 cum
3311 4414 3528 4469 Euzoius
3559 4425 3656 4466 eam
3675 4419 3742 4473 ευ·

536 4495 611 4554 ad
638 4512 791 4551 suam
819 4500 1005 4554 venire
1034 4501 1375 4567 sententiam,
1404 4509 1462 4556 et
1489 4510 1805 4572 respuentes
1842 4500 2129 4556 alliciebat.

2232 4504 2491 4560 hernaret
2535 4503 2857 4569 Ecclesiam.
2891 4506 3222 4576 imperatore
3265 4509 3459 4563 ibidem
3501 4504 3741 4560 constituto.

539 4584 674 4643 Erat
695 4587 837 4641 enim
868 4589 1007 4658 apud
1050 4590 1323 4659 sapientes
1351 4591 1583 4656 odibilis,
1628 4592 1781 4661 quasi
1826 4589 2131 4662 despiciens
2162 4603 2209 4664 D
2234 4598 2390 4668 pauci
2420 4597 2640 4667 quidem
2690 4612 2878 4653 rursus
2918 4601 3210 4656 movebant
3235 4616 3300 4655 ea
3334 4616 3449 4670 qua:
3478 4598 3645 4653 dudum
3667 4591 3742 4662 μι-

539 4692 661 4743 eos,
682 4685 738 4731 ct
757 4675 1032 4747 judieihus
1062 4682 1352 4750 imperans,
1384 4683 1525 4752 apud
1551 4684 1807 4753 populum
1832 4700 1959 4739 vero
1979 4683 2133 4752 quasi
2234 4697 2460 4745 enerant
2485 4707 2498 4744 :
2522 4688 2767 4745 dicentes
2807 4698 3063 4759 oportere
3107 4706 3412 4747 sermonem
3463 4688 3625 4745 similis
3656 4682 3745 4737 ωδ-

542 4774 821 4838 tyraunus,
848 4778 904 4823 et
933 4769 1070 4823 ultra
1117 4781 1365 4840 potentes
1394 4772 1569 4828 elatus
1602 4791 1614 4826 :
1658 4774 1925 4843 pnceipue
1956 4782 2132 4826 tamen
2233 4780 2444 4835 sianum
2485 4780 2685 4835 auferri
2725 4780 2796 4835 ab
2842 4781 3182 4850 expositione
3210 4782 3334 4839 ﬁdei
3362 4782 3568 4844 (rauim,
3595 4786 3677 4830 tam
3706 4772 3740 4825 in

540 4872 784 4931 paganos
822 4859 1191 4930 opprimebat,
1248 4876 1385 4931 quos
1431 4863 1731 4917 sacrilicare
1777 4872 1835 4917 et
1881 4874 2134 4933 paternas
2235 4872 2481 4928 Arimino
2529 4887 2690 4941 quam
2730 4870 3372 4943 Constantinopolimon
3418 4874 3643 4931 celantes,
3679 4861 3741 4918 sed

541 4947 862 5006 festivitates
890 4965 1053 5021 agere
1084 4952 1424 5021 prohibebat.
1464 4953 1616 5010 Tune
1658 4954 1801 5007 enim
1849 4954 2050 5008 milites
2077 4963 2134 5008 et
2235 4970 2421 5035 aperte
2446 4962 2709 5026 dicentes,
2741 4964 2867 5033 quia
2896 4979 2992 5033 per
3020 4966 3202 5020 omnia
3243 4965 3505 5020 dissimilis
3529 4960 3663 5015 Filios
3686 4958 3741 5009 est

541 5038 762 5112 Egypti
788 5042 975 5101 ducem
1005 5054 1243 5101 armatos
1266 5046 1317 5100 in
1346 5048 1619 5102 civitatem
1651 5046 1965 5114 introduxit,
1994 5047 2129 5101 ima-

538 5132 692 5199 gines
707 5142 761 5186 et
778 5145 1091 5193 ornamenta
1114 5138 1433 5208 templorum
1455 5138 1691 5201 abstulit,
1706 5140 1849 5208 quod
1870 5140 1919 5193 ei
1943 5149 2131 5208 postea

542 5240 760 5279 causam
808 5226 956 5282 necis
1003 5228 1245 5287 adduxit.
1301 5229 1501 5301 Cyrillo
1549 5228 1811 5297 siquidem
1850 5230 2129 5299 deposito,

541 5315 681 5368 sicut
710 5317 1023 5385 prardictum
1068 5328 1182 5383 est,
1231 5318 1585 5389 apprehendit
1631 5318 2129 5391 Hierosolymorum

542 5401 839 5459 Ecclesium
870 5405 1190 5476 Herennius,
1219 5418 1274 5463 et
1321 5418 1446 5479 post
1474 5410 1619 5463 illum
1650 5408 1958 5475 IIeraclius,
2004 5419 2130 5480 post

542 5514 699 5568 quem
730 5498 979 5555 Hilarius.
1003 5501 1115 5557 Hos
1136 5504 1279 5558 enim
1306 5514 1431 5560 tunc
1453 5504 1748 5560 Ecelesiam
1777 5505 1918 5559 illam
1941 5505 2131 5573 guber-

542 5602 701 5644 nasse
727 5592 1063 5661 percepimus
1087 5611 1251 5665 usque
1280 5595 1345 5648 ad
1376 5596 1653 5666 imperium
1677 5594 1964 5651 Theodosii
1994 5597 2131 5667 prin-

543 5678 696 5746 cipis,
724 5681 941 5748 quando
971 5700 1154 5738 rursus
1195 5685 1426 5757 Cyrillus
1457 5687 1521 5740 ad
1567 5685 1842 5755 proprium
1872 5689 2130 5742 remeavit

543 5770 929 5840 cpismpatum.
964 5776 1258 5839 Solonem.
1289 5777 1379 5831 lib.
1416 5796 1485 5847 Iv,
1505 5794 1620 5848 cap.
1648 5776 1734 5830 ‘39.
1766 5775 1907 5831 Edit.
1934 5777 2124 5836 Christ.

558 5860 727 5918 Vales.
761 5880 871 5935 cap.
908 5867 992 5935 50,
1023 5886 1076 5938 p.
1105 5868 1230 5923 589.

2236 5052 2403 5118 Patri,
2433 5069 2541 5110 non
2580 5053 2755 5109 solum
2796 5054 3092 5111 secundum
3120 5057 3486 5120 substantiam,
3527 5050 3607 5105 sed
3625 5046 3740 5102 etiam

2231 5145 2529 5201 secundum
2559 5146 2925 5211 voluntatem;
2957 5155 3013 5201 et
3041 5163 3112 5203 ex
3150 5164 3258 5202 non
3300 5144 3608 5202 exstantibus
3626 5144 3739 5193 esset.

2231 5234 2389 5291 sicuti
2422 5236 2809 5306 prmdicaverat
2832 5236 3006 5292 Arius.
3032 5238 3164 5293 Cum
3190 5239 3383 5307 quibus
3405 5244 3546 5292 erant
3568 5234 3740 5288 seculo;

2234 5342 2321 5382 res
2360 5327 2522 5383 Aetii.
2564 5328 2866 5392 Securus,
2917 5328 3008 5384 lib.
3042 5346 3099 5395 ιι,
3150 5347 3266 5401 cap.
3298 5329 3385 5385 55.
3429 5327 3560 5382 Ean.
3599 5320 3738 5376 Christ.

2244 5417 2419 5473 Vales.
2448 5437 2563 5488 cap.
2593 5418 2684 5487 45,
2706 5439 2761 5492 p.
2796 5418 2919 5475 I59.
3712 5444 3717 5457 ·

2309 5508 2383 5564 Ea
2408 5511 2669 5579 siquidem
2703 5520 3044 5582 tempestate,
3075 5514 3200 5569 dum
3231 5512 3443 5585 perﬁdia
3470 5510 3740 5566 accusare“li

2237 5598 2483 5664 Eudoxii,
2514 5602 2652 5655 inter
2680 5602 2816 5657 alios
2843 5602 3172 5670 Eustathius,
3200 5606 3446 5675 quoniam
3482 5602 3541 5657 de
3565 5597 3661 5655 ﬁde.
3684 5591 3739 5642 δυ’

2237 5691 2371 5758 quit,
2403 5692 2855 5747 examinationem
2887 5694 2967 5749 vis
2997 5695 3134 5760 lieri,
3170 5712 3204 5751 ο
3249 5697 3543 5767 imperator,
3568 5677 3735 5742 Ευιίοίίί

2237 5782 2517 5835 considera
2567 5782 2949 5852 blasphemias.
3001 5784 3310 5859 Obtulitque
3351 5786 3462 5855 ejus
3507 5772 3734 5851 esporiiio'

2240 5888 2386 5939 nem,
2415 5872 2551 5928 inter
2573 5873 2675 5929 alia
2706 5875 2782 5935 sic
2810 5877 3133 5934 habentem:
