3972 6458
225 417 349 474 1-011

1316 396 1633 458 HISTORIA
1671 388 2109 450 TRII’AR'I‘I’I'A.
2156 387 2357 444 LIBER
2404 376 2470 444 V.

2769 330 2884 369 ’νῆ

3359 374 3495 435 i022

292 529 420 596 Quae
446 524 772 582 diss-imiiiter
785 520 1154 595 proferuntur,
1184 475 1465 572 dissiman
1511 509 1806 566 secundum
1835 508 1884 567 Δ
1912 510 2098 558 nostra
2125 501 2395 596 sententia
2415 495 2748 596 concordare
2773 493 3080 596 noluerunt,
3091 503 3282 596 tneque
3301 490 3356 546 in
3375 487 3496 594 eius

226 619 579 676 substantiam
609 623 735 672 sunt
760 633 774 668 :

298 707 445 764 Unus
476 707 616 762 Dens
645 705 825 771 Pater,
871 718 943 758 ex
971 715 1080 770 quo
1117 697 1327 762 omnia;
1375 703 1432 750 et
1458 707 1596 748 unus
1622 688 1810 748 Donni

234 816 330 857 nus
356 797 512 854 Jesus
533 797 805 861 Christus,
835 809 934 865 per
959 805 1121 862 quem
1158 787 1362 844 omnia.

300 889 564 946 Dissimile
609 897 790 942 autem
817 897 920 949 est,
951 898 1020 937 ex
1046 895 1178 950 quo,
1221 886 1277 934 et
1305 891 1403 948 per
1425 887 1587 945 quem
1614 867 1812 925 :dissi—

231 982 368 1039 milis
395 982 558 1052 igitur
583 988 667 1036 est
693 978 859 1033 Filius
884 977 998 1032 Deo
1017 973 1187 1029 Patri.

299 1074 415 1128 ilac
441 1071 677 1128 lectione
719 1076 1023 1126 commotus
1049 1066 1360 1135 imperator,
1391 1056 1672 1129 requisivit
1703 1054 1818 1110 Eu-

231 1165 471 1228 doxium,
523 1162 569 1217 si
595 1162 856 1216 fateretur
881 1172 1054 1214 suam.
1097 1155 1168 1210 At
1214 1153 1305 1209 ille
1343 1149 1579 1219 negavit,
1607 1147 1814 1210 dicens,

233 1262 358 1332 quia
386 1267 532 1317 esset
559 1258 718 1313 Aetii.
748 1256 918 1323 Quem
947 1254 1072 1309 dum
1097 1250 1346 1322 iussisset
1388 1247 1684 1317 imperator
1717 1241 1816 1297 ad-

233 1353 390 1418 duci;
418 1349 725 1422 requisitus,
748 1349 876 1404 licet
901 1346 1017 1414 eius
1042 1361 1150 1399 non
1171 1342 1348 1407 fuerit,
1376 1355 1526 1397 suam
1549 1352 1668 1394 esse
1687 1351 1817 1406 pro-

237 1449 408 1500 fessus
436 1451 547 1509 est;
579 1451 634 1497 et
661 1441 784 1496 ideo
832 1438 1022 1494 exsilio
1045 1437 1366 1492 destinatus.
1399 1429 1708 1485 Eustathius
1737 1435 1820 1481 ta-

235 1549 362 1589 men
400 1535 562 1588 etiam
591 1530 888 1586 Eudoxium
937 1529 1012 1583 ita
1055 1541 1246 1596 sapere
1271 1522 1658 1595 proclamabat,
1705 1518 1823 1574 exi-

233 1639 369 1694 gens
398 1632 455 1678 ut
476 1623 792 1693 scripturam
813 1619 1296 1674 anathematizaret
1321 1615 1483 1670 Aetii.
1515 1611 1670 1679 Quod
1695 1610 1824 1665 licet

235 1716 411 1780 tarde,
445 1716 571 1770 fecit
601 1723 808 1780 tamen;
839 1722 893 1768 et
914 1709 1351 1780 damnavitquod
1375 1709 1522 1779 prius
1549 1715 1604 1761 et
1630 1713 1821 1775 postea

237 1807 582 1877 praedicabat.
611 1804 816 1860 Deinde
859 1804 1022 1858 etiam
1052 1803 1168 1872 ipse
1193 1800 1444 1869 exigebat
1464 1805 1523 1853 ut
1553 1797 1643 1852 ille
1665 1797 1820 1871 ὀμού-

236 1923 348 1958 σιον
374 1900 874 1963 anathematizaret,
909 1897 1057 1968 quod
1085 1896 1376 1966 Scriptura:
1402 1911 1509 1950 non
1535 1893 1817 1948 baberent.
1852 1877 1898 1936 Β
1923 1884 2048 1968 que;

236 1992 389 2048 Tunc
422 1993 709 2064 Sylvanus,
761 2001 816 2046 et
860 2007 929 2046 ex
959 2006 1065 2044 non
1107 1988 1481 2050 existentibus,
1533 1983 1724 2053 inquit,
1764 1991 1820 2037 et

234 2091 504 2144 creatura.
555 2090 611 2136 et
662 2081 884 2137 alterius
934 2079 1263 2144 substantiae,
1309 2077 1506 2146 scripta
1556 2089 1817 2143 nusquam

234 2185 381 2231 sunt.
419 2173 629 2230 iustum
677 2189 807 2244 ergo
836 2181 920 2228 est
946 2174 1060 2228 haec
1102 2171 1358 2229 abdicari.
1411 2168 1562 2236 Quod
1595 2168 1827 2237 impera-

238 2279 326 2324 tor
350 2284 567 2339 quoque
609 2267 850 2326 decrevit
876 2275 934 2320 ut
962 2266 1146 2330 lieret;
1179 2262 1343 2334 quod,
1367 2263 1493 2317 licet
1520 2276 1641 2316 cum
1683 2257 1824 2312 diffl-

234 2361 462 2423 cultate.
509 2361 771 2415 fecerunt.
824 2360 942 2426 Quo
991 2366 1162 2426 gesto,
1202 2355 1490 2424 exigebant
1536 2361 1595 2408 ut
1640 2360 1695 2407 et
1723 2351 1822 2421 ipsi

235 2451 475 2522 ὁμονσιον
514 2450 843 2505 abdicarent.
886 2447 1037 2504 Tunc
1065 2445 1389 2518 disputative
1426 2449 1589 2511 atque
1617 2440 1824 2495 veraci-

238 2551 320 2597 ter
355 2541 618 2614 Sylvanus
661 2541 857 2596 ait:Si
904 2557 972 2595 ex
1017 2554 1124 2593 non
1166 2535 1519 2591 existentibus
1566 2548 1672 2587 non
1715 2541 1819 2596 est,

233 2648 415 2701 neque
459 2641 729 2700 creatura,
778 2647 878 2686 nec
923 2646 990 2685 ex
1041 2629 1143 2683 alia
1174 2625 1474 2683 substantia
1519 2624 1660 2680 Deus
1689 2623 1825 2676 Ver-

237 2721 367 2777 bum
395 2741 406 2775 :
431 2721 591 2790 igitur
618 2719 1092 2776 consubstantialis
1114 2727 1197 2772 est
1224 2714 1458 2784 genitori
1485 2712 1664 2778 Patri;
1686 2714 1826 2767 sicut

241 2813 384 2868 Deus
412 2828 478 2866 ex
520 2812 650 2877 Deo,
682 2822 737 2866 et
763 2813 941 2865 lumen
986 2827 1052 2866 ex
1083 2809 1300 2872 lumine,
1346 2805 1698 2876 eamdemque
1728 2805 1826 2858 ba-

240 2904 335 2959 bct
374 2919 498 2959 cum
544 2903 789 2972 genitore
837 2909 1104 2956 naturam.
1137 2898 1287 2952 Tunc
1322 2897 1616 2968 imperator
1639 2896 1828 2963 iratus,

239 2995 494 3050 exsilium
536 2995 914 3050 interminatus
956 3000 1040 3048 est
1085 2992 1184 3047 eis.
1216 2992 1285 3046 At
1325 2990 1440 3044 illi:
1468 2987 1827 3055 Potestatem,

247 3087 518 3156 inquiunt,
565 3086 733 3140 habes
771 3083 1023 3155 puniendi
1053 3098 1193 3138 :non
1237 3090 1415 3136 tamen
1462 3096 1563 3135 nos
1609 3076 1828 3133 Patrum

242 3184 446 3230 statuta
480 3175 820 3232 destruimus.
865 3175 1018 3228 Tunc
1056 3174 1351 3243 imperator
1379 3171 1498 3226 illos
1521 3170 1648 3242 pelli
1673 3170 1830 3240 jussit

242 3261 524 3332 Ecclesiis,
565 3275 622 3320 et
651 3281 751 3334 pro
778 3265 856 3319 eis
882 3264 1018 3318 alios
1055 3233 1310 3317 ordinari.
1344 3262 1496 3317 Tunc
1525 3233 1830 3328 Iinddxius,
1860 3249 1906 3313 C
1935 3233 2201 3334 ερίεεξονίε

242 3371 370 3410 cum
398 3355 675 3426 tyrannice
701 3353 1249 3423 Constantinopoleos
1279 3360 1488 3408 teneret
1513 3350 1828 3418 Ecclesiam,

246 3446 407 3518 pulso
437 3445 650 3501 Eleusio
696 3445 897 3517 Cyzici,
945 3447 1260 3502 Eunominm
1307 3445 1580 3500 ordinavit
1622 3446 1834 3515 episco-

244 3557 398 3612 pum.
432 3539 497 3593 Et
526 3540 734 3594 Aetium
778 3542 830 3594 in
861 3542 1077 3613 scriptis
1115 3541 1518 3605 abdicaverunt,
1568 3539 1721 3609 cuius
1748 3541 1830 3593 vi-

189 3624 207 3640 ⁹
243 3631 520 3686 debantur
569 3645 690 3685 esse
735 3640 1043 3696 consortes;
1105 3632 1544 3701 scripseruntque
1595 3629 1833 3697 Georgio

241 3719 396 3793 quod
425 3721 601 3776 fuerat
637 3729 868 3792 gestum.
909 3721 1321 3788 'l‘neononerus,
1370 3720 1461 3776 lib.
1506 3737 1563 3785 II,
1594 3737 1712 3792 cap.
1741 3719 1830 3786 27,

241 3812 458 3884 p.IIl.

489 3968 768 4008 EXBIPLAII
796 3968 1068 4008 ενιετοιιε
1097 3967 1338 4008 ωιινειιει
1367 3966 1596 4008 οοκειιιι

608 4043 688 4098 Ad
711 4043 1000 4116 Georgium
1029 4054 1218 4101 contra
1247 4045 1478 4107 Aetium,

507 4158 730 4229 Propter
757 4161 1014 4231 nefariam
1045 4159 1414 4230 blasphemiam
1447 4159 1580 4229 ejus.

327 4275 528 4330 Sancta
572 4272 808 4343 synodus
845 4270 1313 4340 Constantinopoli
1352 4278 1696 4338 congregata,
1737 4269 1839 4324 do-

253 4365 407 4420 mino
426 4360 729 4416 honorabili
751 4359 1122 4414 Alexandriam
1143 4359 1373 4414 civitatis
1393 4360 1649 4429 episcopo
1671 4357 1842 4414 Geor-

253 4455 348 4523 gio
377 4451 625 4505 salutem.
1747 4476 1782 4504 ο

330 4540 555 4614 Synodo
597 4539 1024 4610 reprehendente
1066 4539 1277 4596 Aetium
1316 4549 1542 4612 propter
1587 4541 1843 4596 nefandas

1912 591 2252 662 depositione
2291 586 2664 652 subscribere;
2695 601 2820 641 cum
2857 585 3066 641 scilicet
3089 583 3283 638 Serras
3325 583 3492 637 etiam

1912 685 2070 738 aliam
2108 695 2363 737 vesanam
2399 677 2764 745 arrogantiam
2793 675 3031 744 ejusdem
3071 681 3350 730 accusaret
3389 673 3497 728 Ae-

2025 771 2247 827 Dieebat
2272 770 2418 824 enim
2465 782 2590 822 eum
2635 765 2916 835 asperiora
2955 777 3304 834 praesumere,
3333 770 3498 832 atque

1913 864 2112 920 ﬁxisse
2144 879 2158 916 :
2190 861 2446 931 quoniam
2493 873 2559 915 ea
2603 872 2727 926 quae
2778 855 2921 911 Deus
2967 855 3226 911 hactenus
3269 853 3500 910 celasset

1913 956 2194 1028 apostolis,
2229 953 2470 1010 revelata
2511 951 2736 1007 sibimet
2779 945 3092 1003 adiuuaret.
3141 945 3272 1001 Post
3316 945 3499 1016 huius-

1915 1048 2063 1106 modi
2105 1062 2337 1103 vesanus
2379 1043 2752 1115 superboque
2788 1055 3072 1096 sernmnes
3120 1053 3152 1092 a
3197 1047 3501 1095 memorato

1915 1140 2077 1196 Serra
2112 1138 2184 1194 de
2211 1137 2370 1192 Aetio
2407 1142 2737 1206 protestatus
2763 1131 2906 1186 ﬂecti
2946 1129 3200 1201 precibus
3246 1129 3502 1198 nequive-

1916 1239 2060 1298 runt,
2088 1237 2150 1286 ut
2177 1229 2233 1284 in
2263 1236 2448 1284 nostra
2475 1225 2667 1282 tierent
2703 1223 3154 1280 determinatione
3180 1220 3500 1277 concordes.

1922 1308 2299 1380 Verumtamen
2329 1336 2430 1376 nos
2468 1317 2880 1388 longanimitate
2901 1315 3131 1382 detenti,
3162 1314 3331 1368 multo
3375 1321 3504 1366 tem-

1917 1430 2052 1488 pore
2074 1412 2424 1470 sustinuimus
2451 1425 2564 1474 eos,
2591 1423 2735 1463 nunc
2761 1405 3116 1472 indignantes,
3143 1419 3286 1458 nunc
3309 1416 3504 1470 rogan-

1919 1515 2022 1571 tes,
2054 1519 2200 1561 nunc
2235 1501 2668 1564 intermittentes,
2719 1513 2862 1553 nunc
2901 1497 3092 1552 iterum
3119 1494 3503 1565 supplicantes,

1921 1604 1981 1653 ut
2021 1593 2373 1650 convenirent
2412 1591 2712 1655 nobiscum,
2742 1597 2800 1644 et
2826 1602 3065 1644 consona
3093 1587 3243 1642 omni
3269 1586 3501 1642 concilio

1921 1681 2228 1740 deﬁnirem.
2275 1681 2684 1737 Sustinebamus
2719 1692 2848 1746 ergo
2886 1678 2934 1732 si
2973 1677 3197 1732 forsitan
3239 1677 3505 1744 audirent,

1920 1776 1966 1834 si
1995 1773 2222 1831 forsitan
2248 1773 2631 1841 intelligerent,
2679 1769 2727 1825 si
2756 1770 2896 1826 forte
2935 1768 3322 1841 prospicerent.
3353 1767 3510 1822 Cum-

2081 1867 2249 1924 multo
2271 1875 2514 1935 tempore
2543 1862 2698 1920 nobis
2725 1861 3158 1932 perdurantihus,
3183 1874 3300 1914 non
3325 1858 3510 1913 [lecte-

1924 1967 2112 2015 rentur
2139 1958 2292 2027 sequi
2333 1956 2655 2011 sententiam
2697 1969 2862 2024 super
2899 1951 3160 2023 prmdicto
3183 1952 3301 2006 viro
3328 1949 3511 2020 prola-

1925 2062 2056 2119 tam,
2088 2051 2339 2109 Ecclesia:
2362 2048 2818 2104 honorabiliorem
2845 2060 2964 2100 esse
2996 2059 3160 2113 quam
3206 2043 3399 2097 horum
3425 2041 3510 2095 vi-

1925 2159 2106 2200 rorum
2137 2141 2401 2196 amicitias
2425 2138 2752 2209 iudicantes,
2784 2135 3050 2190 linivimus
3077 2140 3265 2188 contra
3295 2147 3390 2188 eos
3413 2148 3510 2187 ex-

1925 2233 2431 2291 communicationis
2460 2240 2690 2300 tempus,
2718 2243 2815 2284 sex
2846 2227 3110 2282 mensium
3139 2225 3207 2280 ad
3247 2224 3511 2294 agendam

1923 2326 2298 2398 paenitentiam
2342 2324 2424 2379 eis
2472 2321 2668 2394 diuites
2705 2319 2980 2382 inducias;
3031 2325 3091 2370 ut
3132 2316 3177 2370 si
3221 2317 3357 2369 intra
3405 2315 3516 2370 hoc

1925 2427 2138 2489 tempus
2165 2420 2608 2472 converterentur
2634 2419 2690 2466 et
2717 2409 3087 2465 consentirent
3106 2403 3511 2460 deﬁnitionibus

1925 2509 2148 2563 fratrum
2177 2520 2420 2570 suorum,
2465 2502 2870 2570 susciperentur
2904 2499 2960 2553 in
3007 2496 3266 2560 Ecclesia,
3299 2503 3354 2549 et
3384 2510 3513 2563 pro-

1924 2597 2097 2667 priam
2147 2593 2401 2649 ﬁduciam
2443 2592 2873 2657 charitatemque
2918 2595 3254 2656 repararent.
3299 2585 3358 2639 Si
3382 2601 3514 2639 vero

1926 2688 2043 2742 sine
2070 2683 2384 2755 ptrnitentia
2409 2689 2807 2752 permanerent,
2839 2680 3211 2745 amicitiasque
3237 2676 3514 2730 hominum

1929 2779 2128 2846 regulis
2157 2776 2414 2831 Ecclesia:
2446 2783 2505 2829 et
2545 2773 2849 2828 concordia:
2879 2780 3074 2826 nostrm
3117 2779 3511 2840 pneponercnt,

1929 2878 2058 2925 tunc
2086 2883 2182 2924 eos
2200 2866 2549 2935 episcopatus
2578 2864 2840 2931 dignitate
2869 2878 2990 2918 esse
3005 2861 3306 2930 iudicamus
3333 2870 3516 2916 extra-

1928 2975 2080 3016 neos.
2109 2957 2312 3024 Quibus
2337 2956 2616 3026 depositis,
2645 2954 3005 3010 necessarium
3034 2954 3138 3007 erit
3165 2963 3226 3007 ut
3251 2953 3303 3007 in
3325 2967 3514 3010 eorum

1930 3051 2064 3108 locis
2088 3051 2178 3106 alii
2206 3049 2602 3106 constituantur
2621 3047 2878 3119 episcopi,
2904 3053 3170 3116 quatenus
3198 3045 3381 3115 legalis
3409 3045 3516 3102 Ec-

1929 3143 2091 3201 clesia
2109 3148 2506 3210 competentem
2529 3154 2752 3194 sumens
2770 3137 3032 3204 ordinem,
3052 3137 3156 3192 sibi
3185 3136 3481 3192 concordet
3497 3155 3516 3194 τ

2247 3231 2498 3286 videlicet
2547 3230 2810 3284 universis
2855 3228 3193 3284 servantibus
3241 3228 3514 3283 vinculum

1933 3325 2228 3391 charitatis,
2259 3323 2556 3392 eademque
2577 3337 2700 3377 cum
2725 3320 3055 3392 perfectione
3073 3319 3301 3376 dicendo
3327 3321 3380 3375 in
3408 3335 3518 3374 uno

1934 3417 2210 3472 intellectu
2246 3429 2459 3484 unaque
2483 3413 2735 3469 essentia.
2789 3411 2856 3467 Ut
2899 3425 3032 3481 ergo
3076 3425 3374 3480 cognoscas
3395 3425 3518 3480 qua

1933 3508 2164 3564 concilio
2220 3506 2573 3576 placuerunt,
2634 3504 2750 3559 tunc
2791 3512 2894 3558 tua:
2940 3503 3258 3559 reverentiae
3318 3503 3520 3572 scripta

1937 3600 2366 3657 transmisimus:
2399 3608 2620 3653 orantes
2661 3607 2720 3651 ut
2754 3596 2924 3665 gratia
2951 3594 3148 3651 Christi
3199 3596 3298 3650 ista
3345 3601 3524 3648 custo-

1935 3692 2106 3755 diens,
2138 3689 2361 3760 paciﬁce
2402 3697 2458 3743 et
2485 3687 2723 3756 legitime
2768 3701 2925 3755 regas
2967 3687 3066 3740 sub
3103 3696 3158 3740 te
3203 3686 3526 3744 constitutas

1937 3782 2212 3840 ecclesias.
2243 3780 2660 3844 Tueonons'rus,
2687 3778 2776 3832 tib.
2810 3794 2847 3844 I,
2879 3794 2996 3848 cap.
3026 3778 3114 3844 2*,
3147 3795 3199 3847 ρ.
3231 3777 3352 3832 lit.

2407 3916 2574 3987 273
2598 3909 2828 3967 CAPUT
2867 3909 3050 3966 XLIII.

1940 4011 2018 4066 De
2050 4009 2324 4074 Eunomia,
2373 4017 2422 4062 et
2446 4005 2698 4079 quomodo
2719 4005 2782 4079 in
2826 4002 3011 4074 Cyzico
3039 4003 3193 4072 fuerit
3233 4001 3530 4079 ordinatus,

1985 4091 2033 4136 et
2060 4082 2182 4134 inde
2210 4071 2387 4133 rursus
2409 4071 2677 4148 eipulsus,
2710 4071 2964 4127 haereseos
3001 4071 3182 4125 auctor
3204 4071 3496 4129 exstiterit.

2013 4172 2164 4227 lIunc
2201 4171 2344 4226 enim
2390 4169 2602 4224 Aetium
2631 4167 2926 4221 Eunomius
2953 4165 3064 4224 suis
3109 4164 3258 4219 libris
3297 4165 3527 4232 exaltat,

1942 4274 1998 4320 et
2023 4265 2296 4319 hominem
2324 4263 2416 4316 Dei
2445 4271 2624 4324 vocat,
2655 4258 2945 4328 multisque
2974 4256 3252 4313 favoribus
3273 4256 3529 4319 honorat,

1945 4355 2051 4412 Sed
2085 4363 2213 4409 tunc
2263 4363 2318 4408 et
2364 4349 2741 4407 abdicantibus
2788 4364 2910 4404 eum
2960 4345 3218 4412 interfuit,
3264 4357 3321 4402 et
3355 4347 3426 4404 ab
3453 4349 3533 4410 eis

1945 4445 2308 4517 episcopalem
2352 4442 2744 4499 ordinationem
2795 4441 2910 4515 ipse
2951 4439 3208 4509 suscepit.
3259 4437 3538 4500 Eudoxius

1948 4537 2108 4606 igitur
2133 4545 2189 4591 et
2214 4534 2444 4590 Aeacius
2472 4549 2593 4588 cum
2622 4533 2734 4589 suis
2759 4532 3061 4603 praebentes
3099 4545 3420 4587 consensum
3453 4533 3538 4590 his

260 4634 383 4703 eius
428 4639 485 4688 et
509 4633 698 4702 plenas
741 4632 1006 4687 scandatis
1033 4632 1348 4702 scripturas,
1379 4632 1674 4687 secundum
1722 4649 1848 4689 con-
1878 4639 1920 4695 n
1951 4644 2070 4702 quae
2099 4629 2150 4683 in
2181 4625 2359 4681 Nicma
2407 4625 2648 4680 Thracia:
2693 4633 2844 4695 gesta
2893 4635 3039 4685 sunt,
3091 4640 3189 4694 pro
3234 4624 3432 4682 Basilio
3484 4635 3536 4683 et

255 4725 602 4795 sequentium
643 4723 1126 4778 ecclesiasticarum
1175 4724 1536 4790 sanctionum,
1579 4741 1745 4795 super
1781 4741 1848 4781 eo

257 4819 332 4874 ab
381 4816 648 4886 episcopis
701 4822 880 4870 actum
932 4823 1016 4870 est
1058 4815 1203 4885 quod
1249 4816 1493 4872 decebat.
1556 4817 1848 4874 Diaconatu

262 4924 504 4978 namque
541 4907 814 4978 depositus
839 4915 946 4967 est.
982 4914 1039 4963 et
1081 4907 1150 4962 ab
1179 4907 1416 4964 Ecclesia
1447 4909 1618 4964 factus
1665 4918 1850 4965 extra-

264 5016 425 5058 nens.
453 4998 523 5054 Et
545 5015 575 5054 a
601 4999 759 5054 nobis
780 4999 896 5055 huic
924 5001 1126 5056 monita
1152 5010 1551 5070 processerunt,
1589 5011 1646 5056 ut
1677 5018 1852 5074 neque

265 5091 339 5148 ad
368 5091 657 5146 lectionem
686 5090 984 5160 cuiuspiam
1015 5091 1231 5146 veniant
1251 5091 1494 5148 nefandae
1513 5093 1631 5162 eius
1651 5094 1854 5163 episto-

267 5181 378 5236 ἱππ
413 5179 509 5233 sed
548 5178 888 5246 abiieiantur,
933 5195 1002 5235 eo
1047 5181 1192 5249 quod
1241 5182 1590 5236 vehementer
1639 5183 1852 5239 inutiles

265 5283 419 5328 sunt.
452 5271 547 5329 His
575 5279 752 5328 autem
783 5273 1062 5341 adjicimus
1091 5275 1252 5331 etiam
1295 5277 1853 5333 anathematizandum

268 5378 423 5430 eum,
451 5362 496 5416 si
523 5369 838 5432 permaneat
865 5363 918 5418 in
964 5378 1030 5418 eo
1058 5365 1356 5434 proposito,
1387 5382 1510 5421 cum
1537 5367 1857 5436 sequacibus

269 5460 407 5515 suis.
430 5456 777 5528 Consequens
797 5457 939 5511 enim
963 5465 1080 5511 erat
1109 5467 1170 5512 ut
1198 5473 1386 5515 omnes
1415 5459 1468 5513 in
1492 5461 1698 5531 synodo
1727 5477 1858 5516 cou-

271 5550 556 5604 venientes
598 5547 836 5620 episcopi
875 5547 1209 5617 deponerent
1252 5557 1529 5604 auctorem
1577 5551 1860 5605 seandalo-

272 5656 397 5696 rum
417 5649 474 5694 et
497 5640 844 5695 schismatum
876 5639 930 5694 in
960 5638 1106 5694 omni
1137 5647 1400 5694 terrarum
1438 5641 1570 5694 orbe
1598 5638 1862 5695 factorum

274 5733 422 5787 inter
447 5721 734 5796 Ecclesiae,
777 5739 835 5786 et
875 5731 1270 5787 concordarent
1298 5731 1350 5786 in
1380 5732 1646 5786 sententia
1675 5740 1862 5787 contra

273 5834 406 5888 eum
428 5819 574 5887 iuste
601 5823 830 5893 prolata.
863 5821 971 5878 Sed
998 5830 1150 5878 extra
1179 5829 1304 5876 vota
1331 5837 1592 5893 spemque
1620 5831 1859 5878 nostram

276 5913 471 5971 Serras
497 5922 553 5970 et
595 5915 924 5992 Stephanus,
975 5913 1297 5974 Heliodorus
1335 5922 1389 5970 et
1434 5913 1762 5989 Theophilus
1808 5914 1860 5970 in

1953 4719 2169 4775 Elettsio
2197 4718 2332 4772 alios
2357 4717 2751 4773 constituerunt
2778 4716 3061 4787 episcopos
3087 4733 3099 4769 :
3132 4716 3199 4771 de
3227 4717 3419 4787 quibus
3447 4733 3538 4771 su.

1955 4825 2346 4883 pervacaneum
2372 4807 2519 4878 loqui
2547 4823 2690 4864 nunc
2715 4822 2927 4863 censeo.
2961 4807 3036 4862 De
3062 4807 3325 4862 Eunomio
3361 4808 3537 4861 solum

1956 4907 2141 4962 habito
2168 4918 2418 4958 sermone
2450 4901 2700 4956 narrabo.
2731 4898 2897 4972 Igitur
2943 4917 3088 4968 cum,
3135 4899 3350 4957 Eleusio
3393 4899 3537 4963 vivo,

1957 5000 2274 5070 Cyzicenam
2303 4995 2596 5052 Ecclesiam
2628 4995 2958 5065 percepisset
3003 4992 3315 5060 Eunomius,
3345 4999 3404 5047 et
3440 5007 3533 5062 po-

1957 5093 2068 5164 puli
2097 5089 2464 5146 salubritatem
2497 5087 2704 5142 videret
2743 5084 3033 5152 Eudoxius,
3062 5092 3224 5152 atque
3253 5083 3534 5153 imperatov

1960 5198 2072 5238 rem
2100 5181 2436 5250 conSpiceret
2476 5179 2784 5234 smvientem
2821 5184 3010 5232 contra
3057 5189 3151 5228 eos
3180 5174 3272 5244 qui
3301 5182 3538 5229 creatum

1962 5272 2352 5344 proﬁtebantur
2395 5269 2726 5337 unigenitum
2768 5267 2860 5321 Dei
2883 5265 3095 5330 Filium,
3129 5280 3251 5318 eum
3281 5263 3554 5334 compuli-

1965 5374 2023 5419 ut
2049 5363 2249 5418 celaret
2271 5362 2410 5418 hunc
2437 5376 2672 5426 sensum,
2700 5374 2799 5414 nec
2817 5373 2939 5413 eum
2961 5356 3198 5426 aperiret
3223 5356 3547 5424 investigant

1967 5457 2108 5511 tibus
2148 5453 2550 5510 accusatoribus
2578 5469 2590 5508 :
2620 5450 2804 5506 dicens
2845 5446 3106 5503 Eunomio
3147 5463 3381 5518 quoque,
3413 5464 3536 5518 quo.

1967 5547 2110 5602 niam
2150 5553 2454 5617 opportuno
2485 5551 2729 5612 tempore
2765 5539 3173 5612 prtcdicabimus
3217 5555 3337 5608 quae
3381 5538 3539 5594 mod:

1967 5640 2222 5703 celamus,
2253 5648 2306 5694 et
2334 5639 2642 5708 ignorantes
2668 5634 3000 5700 docebimus,
3033 5643 3088 5689 et
3115 5633 3540 5689 contradicentesi

1967 5741 2059 5787 aut
2089 5731 2384 5792 ﬂectemus,
2417 5736 2508 5782 aut
2535 5741 2812 5796 cogemus,
2851 5733 2943 5780 aut
2969 5727 3271 5797 punienius.
3305 5721 3397 5779 llis
3423 5739 3545 5794 pro-

1967 5821 2308 5877 missionibus
2335 5834 2621 5890 persuasus
2651 5818 2966 5883 Eunomins,
2999 5818 3374 5874 obumbratam
3418 5833 3536 5889 pro-

1967 5914 2173 5976 ferebat
2202 5911 2548 5985 impictatcm.
2576 5909 2681 5992 scd
2710 5912 2798 5985 qui
2824 5911 3018 5968 divinis
3039 5909 3257 5968 educati
3284 5919 3410 5970 sunt
3432 5927 3546 5970 ser-
