3964 6348
463 336 601 396 I025

1686 340 1756 398 Μ.
1790 343 2061 398 AURELII
2099 342 2493 399 CASSIODORI

3588 341 3726 397 1028

458 453 732 517 monibus,
779 452 1022 507 videntes
1070 451 1334 507 dictorum
1382 453 1758 520 calliditatem,
1809 455 2034 510 moleste
2065 466 2112 523 Α
2141 455 2438 524 Epiphanio
2466 457 2739 527 sophista;
2771 466 2826 510 et
2854 472 2975 512 cum
2998 472 3181 513 essent
3204 456 3325 526 ejus
3357 454 3539 517 amici,
3570 456 3725 510 valde

455 548 668 613 quidem
699 545 940 600 ferebant
963 564 977 598 :
1000 557 1185 616 aperte
1214 561 1344 600 vero
1371 546 1743 602 contradicere
1773 563 2034 616 praesum-

456 639 654 709 ptionis
676 654 835 707 opus,
866 649 920 692 et
950 654 1056 693 nou
1104 639 1381 709 sapientiae
1419 638 1750 707 judicabant.
1791 638 2036 695 Circum-

456 737 718 795 pooentes
745 742 876 796 ergo
903 729 1137 797 speciem
1188 728 1403 783 sibimet
1441 730 1706 785 haeretica:
1730 732 2034 799 pravitatis,

453 828 509 872 et
557 819 661 873 hoc
702 834 762 873 se
807 833 928 873 esse
982 820 1261 886 tingentes,
1313 828 1655 874 accesserunt
1701 821 1768 875 ad
1814 821 2035 876 domum

454 910 570 978 ejus
597 928 609 961 :
642 918 898 978 rogantes
920 918 976 963 ut
1001 910 1080 964 eis
1108 919 1406 979 exponeret
1438 919 1625 981 aperte
1649 911 1916 980 dogmatis
1943 929 2037 969 ve-

453 1005 687 1071 ritatem,
717 1020 816 1059 nec
846 1014 1121 1074 pateretur
1145 1007 1249 1061 huc
1274 1015 1330 1061 et
1354 1007 1480 1061 illuc
1518 1023 1614 1062 eos
1656 1008 1881 1064 diversis
1909 1008 2034 1065 ferri

453 1092 733 1147 doctrinis.
769 1093 920 1148 Tunc
946 1094 1034 1149 ille
1080 1104 1297 1164 accepta
1336 1098 1771 1167 przesumptione,
1810 1115 2026 1155 sensum

453 1203 614 1255 quem
658 1187 868 1241 celabat
895 1187 1122 1257 aperuit.
1156 1188 1359 1253 Quibus
1386 1188 1685 1244 dicentibus
1723 1190 1883 1247 nimis
1912 1206 2035 1247 esse

456 1278 715 1332 nefarium
742 1288 802 1332 ut
834 1295 939 1333 non
983 1296 1173 1335 omnes
1222 1280 1322 1334 sub
1366 1296 1433 1336 eo
1481 1284 1762 1337 constituti
1805 1284 2033 1339 veritate

454 1367 778 1433 fruerentur,
805 1369 886 1423 his
905 1378 960 1423 et
980 1370 1282 1439 bujusmodi
1311 1372 1564 1428 seductus
1593 1375 1795 1442 verbis,
1829 1375 1881 1431 in
1910 1390 2038 1429 con-

454 1471 614 1515 ventu
644 1464 882 1517 ecclesia:
909 1480 1061 1518 suam
1091 1466 1477 1535 blasphemiam
1521 1470 1798 1523 revelavit.
1840 1470 1909 1524 At
1956 1472 2032 1525 illi

456 1552 574 1606 zelo
602 1568 726 1606 suas
765 1553 971 1608 animas
1008 1556 1384 1624 accendentes,
1410 1557 1477 1612 ad
1508 1556 2028 1629 Constantinopolim

453 1653 825 1712 perreverunt.
857 1643 921 1697 Et
951 1644 1181 1715 primum
1203 1645 1416 1714 quidem
1447 1648 1586 1716 apud
1616 1647 1916 1703 Eudoxium
1944 1651 2031 1705 in-

452 1733 782 1802 scripserunt
829 1733 1182 1802 Eunomium;
1232 1753 1340 1806 quo
1387 1751 1483 1792 eos
1529 1752 1638 1795 non
1687 1740 2031 1810 suscipiente,

452 1824 710 1879 adeuntes
749 1827 1061 1897 principem,
1092 1838 1297 1899 pestem
1326 1829 1465 1885 illius
1514 1847 1636 1886 cum
1665 1834 1864 1900 gemitu
1895 1850 2032 1905 pan-
2064 1842 2106 1901 Β

451 1917 663 1970 derunt.
706 1917 963 1972 Dicebant
990 1921 1131 1973 enim
1159 1921 1337 1990 potius
1365 1921 1520 1977 istius
1546 1923 1689 1979 dicta
1720 1925 1878 1997 impia
1911 1942 2032 1983 esse

450 2022 609 2073 quam
639 2004 769 2061 Arii.
805 2007 910 2063 Pro
952 2010 1034 2065 his
1082 2012 1389 2079 indignatus
1435 2013 1747 2085 imperator,
1778 2020 2034 2089 prmcepit

450 2097 695 2154 Eudoxio
725 2109 784 2153 ut
803 2100 1162 2158 deduceretur
1191 2103 1505 2173 Eunomius,
1548 2116 1605 2162 et
1639 2110 1918 2164 convictus
1945 2127 2035 2165 sa-

452 2191 696 2245 cerdotio
723 2192 1035 2247 nudaretnr.
1060 2194 1299 2265 Cumque
1321 2196 1630 2267 frequenter
1657 2199 1725 2253 ab
1753 2210 2033 2255 accusato-

451 2282 597 2335 ribus
648 2282 1108 2350 importunitatem
1151 2301 1340 2354 passus
1387 2287 1660 2343 Eudoxius
1711 2290 2028 2355 declinaret,

451 2371 700 2425 adierunt
731 2389 942 2426 rursum
989 2375 1391 2443 imperatorem,
1434 2379 1866 2447 ingemiscentes,
1905 2384 2031 2450 quia

453 2460 586 2514 nihil
616 2461 760 2531 quod
790 2474 1117 2531 prmccperat
1162 2465 1373 2522 fecisset
1420 2467 1724 2534 Eudoxius;
1774 2471 1868 2524 sed
1909 2481 2031 2524 tau-

452 2559 559 2603 tntn
588 2550 890 2621 despiceret
932 2554 1228 2620 civitatem,
1258 2557 1603 2627 blasphemiis
1631 2558 1880 2615 Eunomii
1911 2578 2034 2631 per-

451 2652 688 2697 euntem.
738 2642 886 2698 Tunc
921 2646 1267 2702 Constantius
1302 2650 1653 2718 expulsurum
1694 2666 1753 2705 se
1782 2652 2030 2707 intermi-

451 2741 609 2787 natus
663 2731 961 2788 Eudoxium
1010 2744 1112 2800 est,
1167 2736 1268 2791 nisi
1322 2736 1645 2792 Eunomium
1683 2740 2031 2808 judicandum

450 2821 758 2890 deduceret,
790 2834 845 2879 et
866 2827 1170 2882 convictum
1200 2828 1253 2883 in
1283 2832 1624 2886 accusatione
1650 2835 1881 2902 puniret.
1915 2834 2031 2891 Hoc

450 2923 696 2968 metuens
738 2914 1030 2981 Eudoxius,
1082 2920 1295 2989 scripsit
1336 2919 1600 2978 Eunomio
1638 2934 1698 2977 ut
1732 2924 1800 2980 de
1838 2926 2031 2997 Cyzico

451 3002 676 3071 fugeret,
705 3006 913 3076 sibique
957 3018 1250 3078 reputaret,
1282 3012 1372 3080 qui
1402 3028 1740 3083 nequaquam
1770 3018 1888 3086 ejus
1914 3035 2032 3076 mo-

450 3094 741 3151 nitioniius
767 3098 1056 3154 obedisset.
1091 3100 1288 3156 Verqu
1316 3101 1608 3160 Eunomius
1635 3116 1881 3165 metuens
1909 3112 2031 3167 abs-

2139 546 2392 600 fovebant
2418 561 2560 600 eum.
2611 545 2725 601 Hoc
2754 555 2998 602 metuens
3034 546 3346 603 Theodotus
3387 544 3725 601 Laodiceam

2138 638 2441 707 episcopus,
2472 654 2541 693 ne
2569 636 2832 707 frequenti
2862 638 3300 694 confabulatione
3327 638 3589 708 sophista:
3630 637 3725 690 der

2136 726 2397 781 clinarent
2423 727 2487 781 ad
2517 728 2898 796 pagauitatem,
2925 728 3201 797 prohibuit
3223 744 3292 783 ne
3318 728 3386 783 ad
3415 727 3538 797 ejus
3560 727 3724 781 scho-

2136 817 2216 871 las
2236 818 2575 872 accederent.
2608 818 2707 884 Qui
2733 818 3183 887 parvipeudentes
3220 819 3564 889 episcopum,
3594 816 3720 885 Epio

2136 910 2319 980 phanii
2342 910 2604 967 amicitias
2628 911 2799 978 magis
2818 910 3298 979 amplectebantur.
3329 909 3531 965 Postea
3551 906 3723 963 Geor-

2137 1000 2256 1070 gius
2303 1000 2564 1056 Theodoti
2606 1015 2912 1067 successor,
2971 1016 3094 1055 cum
3155 1016 3252 1055 eos
3291 999 3581 1069 prohibere
3616 1014 3720 1051 non

2138 1090 2417 1158 potuisset,
2449 1090 2637 1145 ambos
2663 1091 3041 1145 communione
3065 1090 3312 1159 privavit.
3338 1090 3493 1144 Tunc
3521 1088 3722 1158 Apolli-

2137 1180 2283 1234 naris
2312 1180 2449 1234 lilius
2470 1180 2760 1237 arbitratus
2787 1195 2907 1236 esse
2943 1180 3213 1249 injuriam,
3244 1189 3301 1234 et
3326 1180 3498 1234 fretus
3523 1178 3721 1247 eloquii

2138 1278 2348 1327 tumore
2394 1271 2694 1341 sophistici,
2726 1272 3019 1326 novitatem
3063 1280 3121 1325 et
3145 1272 3257 1341 ipse
3285 1270 3586 1325 introduxit
3613 1269 3722 1322 ha:-

2135 1375 2341 1425 reseos,
2366 1375 2486 1429 qua:
2526 1376 2669 1415 nunc
2713 1359 2883 1415 fertur
2921 1376 3116 1416 nomen
3162 1360 3459 1415 inventoris
3507 1373 3720 1426 gerens.

2136 1449 2297 1505 Aiunt
2316 1451 2461 1505 enim
2483 1450 2699 1519 quidam
2722 1452 2988 1506 excitatos
3012 1467 3107 1506 eos
3127 1450 3387 1505 adversus
3406 1448 3728 1515 Georgium,

2137 1556 2244 1594 non
2273 1548 2481 1594 tantum
2510 1549 2730 1610 pr0pter
2753 1540 3065 1610 praedictam
3105 1556 3344 1605 causam,
3374 1538 3471 1593 sed
3492 1539 3618 1608 quia
3648 1540 3721 1590 vi-

2134 1633 2335 1687 debant
2383 1648 2505 1687 eum
2552 1636 2700 1687 varia
2747 1632 2998 1701 dogmata
3040 1633 3428 1702 proferentem;
3480 1638 3539 1685 et
3583 1645 3723 1684 nunc

2134 1723 2350 1791 quidem
2382 1722 2722 1792 profitentem
2752 1722 2980 1777 similem
3014 1722 3159 1777 Patri
3188 1723 3403 1789 Filium,
3435 1723 3582 1776 sicut
3605 1732 3722 1775 erat

2134 1812 2378 1868 Seleucia
2407 1814 2790 1878 constitutum;
2841 1831 2985 1870 nunc
3024 1824 3202 1870 autem
3253 1814 3306 1870 in
3336 1814 3597 1868 Arianam
3629 1812 3721 1866 de-

2136 1905 2336 1958 clinare
2382 1905 2723 1960 sententiam.
2774 1904 3114 1976 Quapropter
3162 1906 3311 1961 velut
3359 1916 3721 1975 opportunam

2134 2004 2409 2051 sumentes
2431 1996 2792 2062 occasionem,
2816 1996 3127 2053 abscedunt.
3158 1998 3401 2066 Cumque
3426 1996 3610 2050 nullus
3647 1999 3722 2053 eis

2135 2088 2456 2152 intenderet,
2487 2087 2588 2142 sub
2615 2088 2891 2143 schemate
2919 2088 3190 2155 religionis
3221 2096 3427 2156 pestem
3453 2087 3724 2141 haereseos

2132 2179 2498 2233 introducunt.
2539 2176 2607 2232 Et
2645 2178 2872 2247 primum
2900 2178 3117 2249 quidem
3140 2176 3396 2232 dicebant
3426 2178 3661 2231 animam
3690 2194 3721 2231 a

2132 2270 2245 2325 Deo
2265 2271 2443 2326 Verbo
2468 2271 2519 2325 in
2542 2270 2942 2340 dispensatione
2967 2271 3348 2325 incarnationis
3380 2286 3489 2324 non
3515 2286 3719 2324 assum-

2131 2371 2298 2429 ptam.
2345 2358 2546 2413 Deinde
2588 2358 2743 2427 quasi
2789 2359 3104 2427 pmnitentia
3160 2358 3329 2420 ducti,
3386 2360 3721 2427 corrigentes

2133 2450 2452 2520 semetipsos
2473 2449 2785 2519 adjecerunt
2809 2467 2822 2501 :
2855 2448 3101 2502 Animam
3128 2449 3344 2519 quidem
3368 2458 3723 2516 assumptam,

2134 2560 2250 2613 qua:
2283 2553 2460 2599 tamen
2492 2560 2598 2597 non
2627 2543 2852 2597 haberet
2880 2558 3137 2606 mentem,
3173 2542 3268 2597 sed
3296 2541 3462 2594 Deum
3485 2540 3713 2593 Verbum

2133 2650 2252 2689 esse
2278 2650 2375 2704 pro
2400 2645 2579 2689 mente
2609 2633 2660 2687 in
2684 2634 2899 2688 homine
2930 2640 3278 2702 assumptum.
3304 2629 3460 2685 Circa
3487 2631 3589 2685 hoc
3618 2630 3722 2683 ita-

2133 2741 2238 2796 que
2262 2725 2436 2779 solum
2476 2726 2727 2779 dicuntur
2753 2738 2872 2778 esse
2909 2725 3167 2793 corrupti,
3199 2724 3288 2793 qui
3320 2739 3465 2777 nunc
3508 2721 3724 2775 illorum

2134 2816 2352 2870 nomine
2380 2816 2713 2882 vocitantur;
2756 2831 2878 2869 nam
2925 2814 3243 2869 Trinitatem
3281 2814 3718 2869 consubstantia-

2133 2907 2237 2961 lem
2268 2922 2385 2962 esse
2410 2906 2749 2977 profitentur.
2775 2905 3069 2969 Socuares,
3103 2904 3194 2960 lib.
3226 2921 3283 2973 ιι,
3306 2921 3426 2976 cap.
3450 2904 3545 2957 ‘56.
3576 2902 3717 2956 Edit.

2134 2997 2326 3053 Christ.
2363 2997 2534 3051 Vales.
2567 3013 2683 3068 cap.
2717 2995 2800 3059 46,
2824 3015 2878 3066 ρ.
2915 2996 3037 3049 160.

2624 3111 2784 3179 279
2811 3106 3039 3164 CAPUT
3078 3107 3235 3163 xcv.

449 3188 611 3241 cessit
629 3189 878 3257 quidem;
908 3192 1002 3246 sed
1045 3196 1423 3250 contumeliam
1470 3213 1576 3252 non
1611 3199 1807 3265 ferens,
1851 3204 2033 3271 prodi-
2059 3214 2105 3276 ο
2138 3198 2405 3265 Quomodo
2443 3199 2627 3255 Jacobi
2670 3202 2897 3276 episc0pi
2943 3199 3265 3276 orationibus
3300 3197 3587 3276 Persarum
3635 3214 3724 3250 rex

452 3279 612 3333 tionis
635 3281 850 3349 quidem
876 3286 1163 3340 accusabat
1190 3286 1513 3358 Eudoxium,
1551 3291 1841 3362 lmsumque
1888 3311 1947 3351 se
1975 3306 2031 3352 et

463 3370 671 3423 Aetium
701 3373 1002 3440 asserebat;
1034 3392 1098 3431 ac
1119 3376 1311 3432 deinde
1334 3393 1550 3449 gregem
1579 3384 1808 3452 propria:
1835 3387 2032 3442 cohor-

454 3460 523 3512 tis
550 3459 799 3514 instituit.
833 3461 1151 3535 Quicunque
1188 3470 1331 3523 enim
1361 3470 1478 3539 ejus
1511 3471 1777 3540 dogmatis
1797 3491 2029 3533 concor-

451 3547 595 3603 diam
625 3552 990 3619 sequebantur
1010 3557 1077 3611 ab
1097 3556 1337 3613 Eudoxio
1364 3572 1701 3617 recesserunt
1724 3584 1736 3617 :
1770 3570 2030 3636 proditio-

450 3649 574 3690 nem
603 3648 916 3694 accusantes
941 3642 1077 3710 ejus,
1100 3647 1366 3703 sociantes
1393 3652 1710 3721 semetipsos
1740 3654 2026 3723 Eunomio,

448 3726 541 3795 qui
571 3726 830 3784 hactenus
864 3731 931 3785 ab
960 3733 1051 3786 illo
1076 3749 1273 3789 nomen
1306 3738 1504 3795 habere
1545 3754 1856 3799 noscuntur.
1894 3746 2030 3803 Hinc

447 3828 577 3883 ergo
615 3816 996 3875 hznresiarches
1045 3822 1216 3879 factus
1263 3826 1576 3899 Eunomius,
1610 3833 1899 3905 impietatis
1935 3855 2030 3893 cu-

446 3905 592 3960 mulo
631 3909 779 3962 anxit
821 3910 931 3965 Arii
959 3913 1334 3984 blasphemias.
1368 3920 1504 3985 Quia
1547 3939 1677 3979 vero
1706 3931 2028 3997 arrogantia:

445 3997 683 4051 serviens
712 4001 963 4068 passioni,
1015 4008 1286 4076 proprium
1328 4012 1587 4080 probatur
1624 4016 1814 4073 fecisse
1858 4021 2027 4077 colle-

444 4086 609 4153 gium,
642 4087 754 4159 ipsa
776 4105 894 4160 qua:
920 4106 1044 4148 sunt
1070 4110 1219 4165 gesta
1242 4104 1596 4161 conclamant.
1633 4108 1763 4162 Nam
1790 4127 1909 4165 cum
1932 4112 2029 4166 ab-

443 4177 653 4235 dicatus
675 4182 857 4238 Aetius
885 4184 1070 4241 fuisset
1097 4199 1153 4243 et
1189 4196 1463 4263 expulsus,
1493 4215 1614 4253 cuin
1668 4217 1733 4255 eo
1777 4218 2028 4271 egressus

444 4282 553 4320 non
578 4278 689 4336 est;
720 4271 844 4326 licet
867 4275 1142 4333 doctorem
1183 4297 1305 4337 eum
1347 4294 1401 4339 et
1430 4286 1524 4342 Dei
1554 4290 1826 4347 hominem
1857 4298 2028 4350 nomi-

441 4370 628 4425 naret;
679 4364 770 4419 sed
801 4370 991 4422 mansit
1017 4372 1334 4441 conjunctus
1379 4378 1645 4435 Eudoxio.
1677 4383 1810 4438 Cum
1843 4396 2024 4443 autem

438 4453 727 4522 impietatis
753 4474 911 4528 poma
941 4465 1261 4535 exigeretur,
1292 4480 1464 4525 ratum
1498 4490 1603 4527 non
1638 4476 1823 4532 habuit
1844 4481 2026 4535 conci—

2441 3288 2544 3324 non
2573 3271 2795 3342 potuerit
2817 3269 3099 3343 prwvalere
3132 3269 3405 3324 Romanis.

2203 3381 2335 3437 Cum
2365 3382 2501 3436 inter
2529 3382 2643 3436 haec
2668 3381 2901 3452 Sapores
2929 3398 3024 3436 rex
3054 3381 3337 3437 Persarum
3384 3389 3576 3435 contra
3608 3380 3718 3433 Ro-

2133 3489 2322 3528 manos
2373 3481 2546 3528 castra
2594 3482 2907 3539 metaretur,
2971 3474 3317 3530 Constantius
3356 3490 3481 3527 cum
3532 3487 3726 3541 magno

2131 3566 2373 3620 exercitu
2426 3568 2650 3621 veniens
2698 3567 3063 3634 Antiochiam,
3114 3566 3317 3635 fugavit
3362 3568 3553 3622 hostes
3598 3569 3723 3639 (An.
3764 3573 3778 3589 '

2131 3657 2286 3711 Dom.
2321 3656 2466 3726 557).
2501 3657 2653 3723 Quod
2687 3674 2794 3711 non
2840 3657 3030 3712 militia
3060 3657 3427 3712 Romanorum
3453 3659 3584 3727 egit,
3634 3658 3727 3712 sed

2133 3748 2291 3814 Deus,
2324 3751 2414 3817 qui
2457 3751 2651 3804 colitur
2676 3766 2705 3803 a
2748 3750 3026 3805 Romanis.
3078 3750 3363 3820 Troptcum
3408 3766 3545 3819 ergo
3582 3767 3727 3805 nunc

2129 3842 2325 3897 studeo
2366 3859 2586 3898 narrare
2614 3845 2870 3898 victoriae.
2921 3842 3136 3910 Nisibis,
3167 3859 3327 3911 quam
3361 3844 3581 3913 quidam
3614 3844 3725 3896 An-

2129 3933 2383 3987 tiochiam
2428 3932 2764 4005 Mygdoniam
2809 3944 3032 4002 vocant,
3078 3936 3132 3989 in
3160 3936 3393 3989 termino
3421 3936 3598 4005 posita
3645 3945 3725 3990 est

2130 4022 2462 4077 Persicarum
2525 4023 2997 4093 Romanarnmque
3046 4035 3329 4079 terrarum.
3386 4024 3559 4093 Hujus
3606 4035 3725 4080 erat

2128 4114 2414 4182 episcopus
2443 4124 2607 4183 atque
2647 4124 2849 4182 rector,
2880 4125 2935 4170 et
2979 4116 3088 4170 dux
3125 4113 3378 4179 Iacobus,
3410 4117 3724 4185 apostolica:

2127 4206 2313 4273 gratia:
2339 4205 2501 4259 radiis
2525 4205 2839 4261 illustratus.
2862 4207 3026 4276 Cujus
3052 4207 3209 4276 digna
3234 4208 3611 4278 laudandaque
3634 4210 3722 4263 mi-

2129 4295 2311 4348 racula
2360 4295 2411 4348 in
2464 4296 2565 4349 hac
2606 4295 2829 4351 historia
2877 4297 3219 4352 conscribere
3260 4305 3353 4351 aut
3398 4314 3721 4353 enumerare

2128 4399 2587 4469 supervacaneum
2637 4385 2893 4453 judicavi.
2954 4385 3061 4441 Sed
3117 4402 3280 4440 unum
3338 4388 3713 4441 tantummodo

2128 4475 2242 4544 ejus
2273 4492 2408 4546 opus
2445 4477 2770 4533 narrationis
2817 4493 2978 4532 causa
3027 4493 3319 4549 exponam.
3344 4478 3517 4549 Hujus
3560 4481 3719 4548 igitur

440 4544 496 4598 lii
523 4546 826 4615 decretum,
858 4554 951 4607 sed
980 4558 1246 4614 ordinavit
1295 4564 1576 4636 episcopos
1604 4577 1768 4638 atque
1799 4574 2023 4644 presby-
2055 4582 2100 4641 ι)
2127 4544 2401 4621 civitatem
2432 4566 2689 4621 Romanis
2716 4567 2984 4623 subditam
3010 4544 3294 4624 Persarum
3328 4544 3607 4626 exercitus
3625 4573 3720 4626 ob-

439 4648 585 4693 teros
633 4643 919 4715 episcopali
968 4650 1223 4719 dignitate
1275 4659 1534 4724 privatus.
1583 4643 2012 4731 Tucooonsws,

432 4728 527 4784 lib.
561 4748 615 4797 ll,
649 4746 762 4804 Cap.
798 4733 884 4799 26,
917 4756 967 4808 ρ.
1006 4740 1124 4795 115.

994 4874 1224 4931 CAPUT
1266 4878 1447 4935 XLIV.

436 4982 516 5037 De
545 4986 845 5056 Apollinare
879 4998 1027 5058 patre
1071 4993 1225 5047 simul
1263 5003 1311 5047 et
1348 4997 1477 5063 ﬁlio,
1510 5007 1764 5053 eteorum
1804 5001 2015 5057 haresi.

506 5099 605 5152 Per
628 5098 766 5153 idem
795 5110 1004 5173 tempus
1033 5104 1084 5158 in
1116 5104 1365 5163 Laodicia
1395 5109 1562 5180 Syria:
1591 5111 1697 5167 duo
1732 5123 1887 5168 erant
1913 5118 2012 5172 viri

430 5204 537 5243 uno
569 5193 784 5246 nomine
832 5199 1143 5267 nuncupati,
1182 5209 1336 5268 pater
1377 5210 1537 5271 atque
1583 5214 1758 5271 natus,
1790 5219 2014 5279 uterque

426 5280 704 5337 dicebatur
730 5283 1071 5355 Apollinaris.
1103 5289 1262 5347 Pater
1293 5295 1589 5367 presbyteri
1616 5298 1873 5368 dignitate
1894 5303 2015 5356 lun-

425 5385 563 5437 ctus,
599 5376 736 5430 filius
783 5389 961 5434 autem
993 5382 1194 5437 habens
1240 5385 1455 5441 lectoris
1496 5387 1752 5444 officium.
1793 5391 2014 5449 ϐιωσο-

426 5482 545 5521 rum
574 5470 733 5523 ambo
762 5471 1012 5527 doctores
1038 5476 1396 5545 eloquiornm.
1428 5478 1586 5533 Pater
1605 5484 2007 5552 grammaticus,

426 5557 562 5611 filius
583 5570 702 5614 erat
725 5563 926 5618 rhetor.
952 5562 1113 5620 Pater
1143 5584 1392 5637 namque,
1425 5586 1545 5624 cum
1571 5571 1755 5626 fuisset
1782 5573 2011 5629 Alexan-

422 5647 607 5702 drinus
631 5666 847 5718 genere,
895 5663 952 5708 et
980 5656 1126 5723 prius
1152 5657 1422 5713 docuisset
1469 5660 1521 5714 in
1566 5663 1780 5733 Beryto,
1821 5675 2006 5733 postea

425 5736 751 5803 Laodiciam,
776 5750 830 5795 et
853 5744 1072 5797 veniens
1093 5746 1242 5800 duxit
1264 5765 1507 5812 uxorem,
1542 5761 1594 5805 et
1624 5752 1789 5806 filium
1819 5754 2009 5809 habuit

423 5823 807 5894 Apollinarem.
857 5832 1007 5887 Tunc
1046 5835 1204 5903 igitur
1251 5842 1409 5896 ambo
1452 5844 1840 5900 exercebantur
1880 5862 2003 5901 cum

2124 4657 2368 4723 sidebat;
2400 4667 2454 4710 ct
2482 4674 2603 4713 cum
2636 4659 2976 4729 septuaginta
3008 4661 3122 4715 dies
3146 4660 3345 4729 jugiter
3378 4662 3715 4727 observant.

2123 4761 2179 4807 et
2209 4752 2404 4807 multas
2422 4752 2639 4820 quidem
2668 4754 2901 4821 cepisset
2920 4754 3183 4818 civitates,
3215 4755 3555 4826 plurimaque
3574 4758 3714 4813 circa

2125 4844 2263 4897 hanc
2287 4845 2560 4898 molimina
2588 4846 2855 4913 posuisset
2879 4853 2933 4900 et
2954 4846 3143 4911 vallos,
3179 4858 3344 4916 atque
3380 4846 3583 4902 fossata
3617 4866 3712 4916 pro

2126 4937 2386 5006 capienda
2418 4939 2550 4991 urbe
2578 4937 2813 5003 fecisset,
2855 4953 2974 4992 eam
3004 4954 3341 5009 nequaquam
3372 4942 3545 4997 valuit
3571 4944 3713 4998 obti-

2126 5042 2274 5081 nere.
2321 5025 2515 5081 Postea
2539 5044 2668 5083 vero
2718 5027 2893 5083 Persa
2940 5030 3197 5099 impetum
3228 5031 3499 5101 Mygdonii
3542 5033 3714 5088 timui-

2117 5117 2218 5179 uis,
2253 5131 2349 5186 per
2377 5117 2648 5170 civitatem
2695 5116 2927 5171 mediam
2954 5121 3315 5187 properantis,
3358 5137 3391 5174 a
3422 5123 3584 5190 longe
3629 5140 3713 5177 re.

2120 5210 2366 5271 tinentes,
2390 5216 2447 5262 et
2477 5217 2731 5278 utrasque
2754 5210 2898 5280 ripas
2919 5210 3035 5278 ejus
3058 5211 3315 5268 facientes
3341 5215 3627 5280 celsiores,
3657 5226 3711 5268 ut

2119 5316 2258 5368 aqua
2289 5302 2341 5354 in
2365 5316 2425 5356 se
2453 5300 2680 5355 collecta
2703 5311 3099 5367 concresceret,
3132 5318 3241 5372 quo
3268 5304 3319 5358 vi
3355 5304 3550 5375 majori
3581 5322 3705 5374 pos—
3738 5360 3743 5367 ,

2118 5401 2199 5445 set
2226 5393 2430 5447 irruere
2454 5410 2466 5444 :
2494 5408 2617 5447 cum
2650 5393 3030 5463 vidissentjam
3058 5396 3223 5449 etiam
3250 5396 3369 5450 illas
3396 5411 3536 5465 quas
3564 5398 3706 5452 fece-

2117 5484 2515 5538 rautsublimes
2556 5485 2699 5554 ripas
2741 5484 2972 5555 impleri,
3020 5486 3200 5549 subito
3239 5486 3549 5543 auferentes
3571 5503 3706 5557 quas

2116 5572 2355 5628 fecerant
2410 5582 2743 5641 cataractas,
2794 5575 3118 5632 dimiserunt
3160 5578 3421 5647 impetum
3470 5578 3704 5635 ﬂuminis

2115 5676 2302 5720 contra
2328 5682 2561 5735 murum,
2589 5666 2680 5735 qui
2709 5667 3044 5724 vehementis
3073 5685 3225 5740 aqua:
3254 5670 3468 5740 pondus
3497 5687 3604 5725 non
3626 5670 3701 5726 fe-

2116 5772 2262 5823 rcas,
2290 5766 2373 5812 est
2398 5759 2684 5813 inclinatus
2723 5768 2779 5814 ct
2806 5759 3024 5816 cecidit.
3054 5761 3171 5827 Quo
3199 5760 3363 5829 facto,
3395 5764 3701 5833 ingrediens

2114 5863 2250 5917 aqua
2280 5864 2399 5904 cum
2433 5864 2626 5920 magno
2654 5852 2875 5921 impc'u,
2906 5853 3065 5907 etiam
3096 5853 3255 5908 aliam
3283 5862 3499 5925 partem
3534 5858 3693 5919 muri,
